3892 6067
202 216 257 278 aaa
495 185 534 208 ‘'
682 208 836 268 cunnum
854 209 1048 269 aaarosm
1068 207 1345 269 auscitaasrsao.
1573 192 1592 200 ”
1786 207 1847 268 sca

199 334 247 390 soal
262 347 325 387 rore
337 344 370 385 nu
380 330 459 401 plene
474 326 620 393 consolati,
636 335 665 380 et
677 334 744 381 tunc
757 326 908 397 replebitur
925 343 994 399 poa·
1009 339 1031 394 Α
1046 326 1099 382 ista
1113 326 1200 397 aratia
1218 324 1351 382 laetitiam.
1369 321 1424 379 Seri
1449 320 1714 388 lancinatorum
1730 336 1783 377 aas
1799 324 1844 379 ia-

197 428 283 480 o‘ioos
296 432 417 476 nostram
437 431 461 474 et
482 418 575 489 linqua
596 427 690 472 nostra
707 416 897 483 exsultatione,
920 419 994 489 qiuari
1048 419 1168 474 solentes
1196 416 1289 483 iaciat,
1304 413 1454 472 salubriter
1466 424 1594 486 prosecta
1622 416 1780 471 bumilitate
1798 417 1846 474 de·
1917 434 1918 459 i

197 522 388 587 exspectantes
405 520 433 568 el
443 526 491 582 spe
512 508 662 582 gaudentes
683 509 819 565 babemus
831 509 941 566 auidam
963 510 990 565 iu
1044 509 1208 580 promimus,
1220 508 1287 564 (lam
1302 507 1331 563 in
1347 516 1445 563 octauo
1461 505 1546 577 prada
1559 506 1696 562 caniturus.

1548 682 1812 704 -u-——r--a-

758 863 1023 957 psalmus
1057 865 1266 957 cxxvi.

994 1065 1027 1079 ι..

235 1229 319 1289 Vens.
336 1230 362 1286 i.
384 1228 446 1286 Nisi
469 1227 600 1286 Dominus
623 1231 793 1301 oedipcuaerit
817 1231 936 1299 domum,
962 1232 991 1286 in
1044 1232 1081 1289 cit
1094 1253 1101 1288 ;
1112 1252 1121 1284 r
1132 1233 1183 1301 Qui
1198 1234 1323 1304 sonaritnr
1336 1249 1390 1303 me,
1405 1251 1461 1290 nan
1474 1198 1596 1294 ambulat
1607 1238 1634 1293 in
1647 1238 1780 1309 tenebris,
1791 1241 1842 1300 sei

200 1339 296 1379 annum
316 1322 500 1376 laboraverunt
522 1321 568 1391 asi
588 1320 722 1391 edificant
743 1338 813 1389 eam,
833 1331 886 1379 etc.
905 1322 992 1379 llabct
1045 1322 1154 1378 babebit
1168 1323 1259 1378 latnrun
1273 1322 1437 1394 ritaeliosa.
1453 1340 1514 1392 rrrr,
1531 1326 1586 1399 ii).
1607 1325 1727 1383 »Voluit
1740 1326 1842 1387 Petrus

201 1423 291 1470 autern
303 1410 572 1467 intitulocsnrrcaa
583 1425 708 1466 unaucurt
719 1410 882 1470 Suasoris.
897 1414 991 1482 ilecto,
1045 1416 1116 1470 lroac
1134 1413 1219 1469 lacera
1240 1415 1393 1486 praecedere
1415 1416 1551 1488 cingendo
1565 1433 1596 1474 se
1617 1428 1644 1474 et
1657 1419 1843 1487 ambulando,

199 1517 361 1580 opportune.
375 1504 404 1560 ln
424 1520 480 1576 arro
497 1505 570 1560 anim
589 1505 688 1561 melius
709 1505 879 1562 innotescero
893 1507 991 1577 possit,
1045 1508 1093 1563 ubi
1113 1508 1237 1574 urilebat,
1252 1519 1353 1577 putans
1371 1507 1498 1565 idoneum
1521 1525 1551 1566 se
1571 1511 1605 1566 arl
1627 1513 1844 1581 praecedentium
1917 1530 1918 1541 ¹

199 1597 347 1671 quodnisi
371 1595 499 1650 Dominus
517 1596 686 1666 aedificaverit
707 1596 824 1661 aornim,
847 1598 874 1651 ia
896 1612 993 1651 sarram
1045 1598 1183 1656 Christum
1203 1601 1230 1656 in
1246 1609 1344 1657 morte.
1362 1598 1415 1657 snt
1433 1600 1545 1659 Cirristo
1564 1604 1642 1674 prius
1656 1615 1768 1661 mortuo
1783 1614 1842 1663 eta

200 1690 396 1754 laboramraat,
413 1689 459 1758 qai
474 1689 608 1757 edificant
626 1690 703 1743 rara?
723 1687 768 1744 lllo
782 1691 856 1745 enlm
878 1690 994 1748 Domino
1046 1699 1133 1746 triante
1152 1693 1294 1759 suscitato,
1320 1703 1464 1764 postquam
1486 1694 1522 1749 ab
1544 1695 1592 1750 illo
1606 1694 1710 1751 audiuit
1733 1713 1767 1750 :r
1788 1696 1840 1753 Se·

200 1781 308 1835 minam
322 1779 476 1847 aediilcavit,
499 1788 526 1834 al
545 1789 635 1836 tamen
658 1780 715 1850 ipse
733 1790 807 1836 staro
822 1798 876 1836 nou
894 1783 991 1852 poturit,
1044 1798 1129 1853 qtraro
1143 1798 1186 1838 utre
1196 1782 1287 1855 (ioan.
1304 1800 1361 1853 ιιι,
1374 1784 1430 1852 itt),
1442 1804 1452 1837 r
1465 1801 1517 1842 suo
1528 1802 1594 1844 casu
1607 1788 1732 1845 eruditus
1742 1789 1841 1848 sitien

201 1870 265 1927 lieet
278 1872 350 1926 inter
364 1871 489 1928 homines
503 1871 652 1943 singularis
662 1873 804 1943 sapientias
820 1872 914 1929 luerit.
936 1874 994 1932 lloc
1044 1887 1097 1926 noa
1113 1880 1174 1927 ante
1188 1872 1282 1940 lacerta,
1294 1874 1342 1929 sed
1354 1883 1415 1944 post
1426 1873 1512 1930 turra
1523 1893 1629 1949 sarpere
1641 1886 1669 1934 et
1682 1879 1839 1949 ambolare,

201 1976 266 2030 orgo
278 1959 463 2030 experimento
480 1961 621 2033 perdocti,
637 1962 709 2034 quod
729 1963 840 2018 ‹lonmm
858 1965 994 2021 ailitlcare
1043 1978 1104 2032 nrum
1117 1963 1223 2020 dixerat
1234 1964 1258 2018 oi
1275 1979 1283 2018 ι
1299 1963 1338 2019 Tu
1362 1982 1404 2021 mc
1423 1983 1540 2038 manere.
1566 1967 1720 2026 Voluerunt
1741 1979 1771 2027 et
1788 1972 1842 2028 illl

200 2064 255 2104 trata
280 2049 392 2120 possitis
416 2050 476 2107 sine
498 2053 602 2107 auxilia
624 2052 743 2119 Domini,
771 2053 895 2123 occipito,
919 2054 993 2123 quod
1044 2051 1165 2108 Zebedaei
1186 2062 1247 2108 ante
1261 2054 1346 2109 iucem
1367 2071 1483 2127 surpere,
1496 2057 1573 2128 prius
1586 2068 1745 2129 appetentes
1759 2061 1841 2133 repat
1917 2054 1918 2113 f

199 2140 284 2195 dico:
302 2137 404 2194 Vanam
416 2150 455 2195 eat
476 2142 547 2196 coiis
564 2153 624 2197 aare
641 2143 727 2197 iucem
740 2161 861 2214 surpere:
880 2161 991 2208 saritam,
1043 2144 1167 2214 glutiam,
1184 2161 1267 2216 qnam
1285 2147 1478 2219 degustassent
1494 2149 1607 2206 culicem
1623 2150 1764 2221 passionis
1780 2151 1837 2208 Do-

200 2230 329 2301 inaaam,
354 2242 382 2288 et
406 2233 522 2288 stultum
557 2234 725 2304 propositum
761 2245 813 2301 est,
838 2252 887 2292 ros
917 2237 993 2306 ipsos
1043 2236 1237 2293 rutinensis
1264 2239 1384 2294 reuocati
1405 2252 1470 2295 suut
1495 2240 1529 2296 ari
1550 2241 1686 2309 ordinem,
1707 2251 1739 2298 ιιι
1759 2243 1837 2313 prius
1917 2266 1918 2319 3

198 2330 263 2376 atate
275 2321 347 2377 diem
356 2322 452 2392 judicii
464 2338 579 2378 scutras
591 2325 712 2379 reddero.
729 2323 782 2381 Sed
796 2328 906 2397 surpite,
917 2335 992 2397 post·
1042 2326 1217 2395 corrrplaatnti
1236 2327 1410 2383 similitudini
1429 2329 1566 2399 passionis
1583 2328 1688 2387 Cirristi
1701 2331 1835 2388 bumilia-

197 2428 280 2483 paam
303 2414 434 2480 sederitis,
462 2414 489 2470 iri
512 2423 554 2471 est
578 2424 644 2471 tunc
668 2416 787 2487 primum
811 2434 860 2474 ros
879 2433 991 2474 securos
1042 2424 1137 2471 retitur
1151 2433 1184 2473 ao
1195 2427 1289 2488 postea
1303 2419 1499 2476 exaltarentur.
1519 2417 1554 2475 Et
1568 2435 1617 2477 sas
1629 2436 1701 2493 quos
1718 2422 1836 2479 astruat
1917 2430 1918 2433 ’

198 2517 262 2559 esse
273 2504 378 2571 sciatis,
394 2514 538 2575 postquam
562 2506 735 2563 mortalitatis
754 2516 781 2563 et
802 2509 991 2577 passibilitatis
1041 2506 1069 2561 in
1088 2508 1173 2563 altura
1190 2526 1306 2581 surpere,
1319 2511 1365 2566 ubi
1378 2509 1506 2568 Clrrlstus
1519 2521 1562 2569 est
1575 2512 1602 2568 ia
1615 2513 1711 2570 (lextra
1729 2512 1779 2569 bei
1791 2531 1835 2571 sc·
1917 2578 1918 2581 Ἴ

199 2594 338 2650 miseriam
352 2595 545 2665 deposueritis.
563 2595 618 2653 Vos
633 2597 725 2668 igitur,
739 2599 786 2670 qui
801 2598 990 2657 aelillcatlonis
1041 2600 1118 2666 dens,
1144 2602 1221 2670 prius
1240 2601 1337 2660 discite
1353 2618 1416 2660 eura
1442 2604 1502 2675 ipsa
1520 2606 1661 2664 humiliter
1686 2607 1783 2664 sedere
1805 2608 1837 2664 iu
1917 2654 1918 2667 ,

199 2683 370 2754 baiasque
396 2685 438 2739 uel
463 2684 563 2742 domus
587 2686 629 2743 uel
649 2688 746 2745 civitas
770 2687 817 2745 liei
840 2690 991 2746 aulicatur
1041 2692 1838 2769 steraulliuioosernplobeatiiob,quiapraeseusiucaruo

197 2775 323 2846 exemplo
337 2772 502 2845 Salomonis,
518 2779 722 2849 estisoperarii,
737 2768 790 2837 boc
809 2784 915 2851 scitoto,
936 2785 989 2841 lroc
1040 2784 1149 2840 mortali
1165 2785 1297 2841 babitntio
1307 2786 1478 2845 licetstnltos
1488 2789 1650 2859 demulceat,
1663 2798 1758 2847 tantm
1770 2807 1832 2849 sea-
1917 2814 1918 2819 ¹

198 2871 339 2925 memoriae
353 2880 452 2928 rostrae
469 2874 670 2942 comanendum,
685 2876 758 2945 quod
1040 2885 1115 2933 salos
1129 2887 1223 2951 piarat
1238 2880 1287 2945 ita,
1301 2896 1334 2937 ae
1356 2880 1380 2938 si
1401 2882 1516 2940 sedeam
1533 2884 1561 2940 ia
1576 2885 1761 2957 sterquilinio,
1777 2888 1830 2944 bu·

234 2959 297 3016 Nisi
314 2959 441 3017 boarium
453 2962 511 3031 ipsc
526 2965 720 3035 perseipsum
735 2965 1024 3035 inbtsoeiilicaceritc
1041 2968 1136 3025 miliati
1149 2970 1275 3027 videlicet
1291 2973 1512 3032 consideratione
1526 2976 1653 3034 bumana
1664 2976 1829 3051 fragilitatis,
1917 3022 1918 3045 ,

196 3049 304 3104 domam
328 3051 458 3118 scientiae,
473 3068 535 3122 auae
555 3054 640 3119 iubat,
668 3054 792 3110 addentia
815 3056 988 3125 claritatem,
1040 3075 1102 3130 quae
1113 3076 1207 3118 resera
1218 3063 1419 3133 sterquilinium
1433 3075 1485 3134 est,
1500 3067 1528 3123 in
1540 3083 1595 3139 quo
1607 3070 1704 3126 sedeas
1713 3073 1829 3144 quisque
1917 3084 1918 3105 ι

196 3154 260 3211 aaa
279 3140 404 3211 adipem,
416 3142 444 3195 in
463 3159 558 3197 santam
578 3143 773 3211 inhorruerant,
788 3146 833 3215 qrri
854 3146 989 3217 unificant
1039 3152 1126 3209 ridelis
1143 3162 1211 3209 tosta
1223 3154 1328 3210 sarriens
1344 3157 1425 3224 rabit,
1440 3159 1464 3214 si
1478 3160 1530 3216 llrle
1549 3163 1686 3232 passionis
1696 3173 1724 3220 et
1738 3180 1828 3223 raur-

196 3245 255 3285 cam
267 3230 403 3300 loquendo
415 3240 443 3287 ct
453 3232 578 3288 doctrina
593 3235 810 3303 conscientiam,
824 3237 987 3308 quainbat,
1039 3243 1169 3301 martianis
1184 3243 1343 3315 Dominicis,
1358 3263 1412 3318 qtra
1434 3251 1516 3307 molle
1539 3252 1717 3313 bumaaitatis
1741 3257 1828 3316 lutum

197 3322 368 3380 auditoribus
392 3323 576 3392 conlocando,
598 3324 646 3395 qui
670 3324 723 3380 nisi
747 3324 838 3382 dicere
856 3329 987 3399 possint:
1038 3334 1112 3390 sulm
1126 3334 1188 3407 igne
1209 3335 1355 3394 solidatum
1369 3347 1422 3407 est,
1440 3352 1583 3414 purgaret
1602 3345 1827 3418 dotemitsortlsa
1917 3392 1918 3397 η

200 3431 211 3466 r
225 3411 351 3469 &raritas
364 3412 413 3470 liei
427 3414 525 3471 diffusa
535 3422 578 3470 est
590 3414 617 3469 in
629 3414 759 3473 sordibus
772 3419 874 3475 nostris
884 3419 912 3491 (1
922 3419 985 3476 Gor.
1037 3424 1072 3481 tle
1086 3423 1175 3498 fragili
1197 3443 1280 3484 corae
1302 3431 1451 3490 venientes.
1476 3431 1542 3491 Post
1552 3435 1712 3507 instiusmodi
1726 3443 1826 3499 sassia-
1917 3490 1918 3493 ,

196 3518 257 3572 sart,
270 3503 308 3575 l),
330 3505 384 3560 sia
398 3521 494 3560 aarum
509 3506 705 3577 laloraoeraat,
719 3511 766 3582 qui
785 3512 926 3568 scientiam
944 3513 987 3570 lo·
1036 3531 1099 3572 neat
1114 3533 1207 3576 reuera
1225 3531 1363 3593 surgatur,
1379 3525 1443 3597 quia
1460 3526 1508 3597 qul
1527 3542 1558 3584 se
1571 3529 1707 3600 annitar,
1724 3534 1826 3590 exalta·

196 3594 237 3650 ris
259 3593 396 3666 laqueato
421 3597 693 3667 administraverunt,
717 3602 781 3671 quia
804 3602 877 3659 sicot
896 3604 985 3660 littera
1036 3609 1120 3679 bitur,
1135 3619 1163 3668 et
1175 3613 1223 3683 qui
1240 3628 1271 3670 se
1286 3613 1414 3672 humiliat
1432 3627 1493 3673 anta
1511 3619 1606 3686 iacent,
1620 3622 1823 3685 exaltabituria

195 3685 324 3742 acciaens
337 3702 391 3744 non
407 3689 528 3759 prodest,
543 3692 599 3748 imo
618 3701 698 3749 nocet
712 3694 772 3750 sine
785 3696 882 3766 spirita
898 3699 986 3754 nivib-
1036 3699 1106 3767 luce,
1118 3717 1172 3772 qua
1188 3701 1259 3761 Deus
1274 3704 1404 3763 roumabit
1415 3707 1586 3781 abscondita,
1599 3721 1628 3770 et
1640 3713 1824 3775 manifestabit

195 3784 285 3843 mute,
299 3778 339 3835 sic
352 3780 466 3837 seientia
492 3781 591 3839 inbans
613 3800 669 3841 oon
689 3785 811 3857 protest,
828 3788 884 3845 imo
904 3800 985 3848 rtooet
1035 3793 1149 3849 consilia
1161 3795 1295 3855 cordiam.

195 3868 397 3929 sinecbaritate
410 3873 568 3944 adificaate.
1069 3883 1169 3942 Beatus
1179 3885 1329 3960 Gregorius
1350 3890 1409 3964 (ii)
1432 3895 1506 3952 bunc
1525 3897 1615 3954 locum
1636 3902 1822 3974 perstringens

230 3958 284 4017 Sed
298 3960 369 4019 iorte
378 3964 435 4036 iarn
448 3965 552 4035 domus,
568 3983 630 4039 qaae
641 3969 740 4038 mitras,
753 3971 794 4028 uel
806 3973 911 4041 ciuitas,
921 3990 983 4047 quae
1034 3976 1100 4033 dicit
1121 3979 1194 4036 inter
1210 3991 1305 4038 catera
1323 4001 1330 4038 a
1352 3984 1386 4040 ln
1402 3987 1561 4058 paiissriam
1585 3993 1651 4048 iocis
1674 3999 1747 4051 sacri
1766 3999 1821 4055 eia·

194 4052 282 4124 major
306 4064 359 4122 ost,
381 4056 451 4113 luens
469 4056 582 4115 lundata
601 4070 630 4117 et
654 4061 769 4122 innitor
782 4065 913 4122 aedificata
934 4083 983 4140 per
1032 4071 1089 4141 qaii
1101 4074 1262 4144 exquirenda
1281 4085 1320 4131 est
1336 4077 1476 4149 alieporia,
1489 4089 1515 4137 et
1538 4084 1616 4138 ucria
1635 4084 1732 4144 littere
1750 4093 1821 4147 omni

193 4144 340 4202 humanam
363 4149 516 4206 crustodiam
543 4162 616 4209 stare
634 4155 754 4225 poterit?
778 4156 955 4231 Nequaquam
971 4179 979 4215 r
1032 4163 1110 4217 morio
1123 4169 1311 4234 postponenda.
1328 4168 1405 4234 Qnorl
1423 4180 1452 4225 st
1475 4189 1555 4229 arrum
1570 4176 1818 4250 mauritaniensi,

191 4236 256 4305 quia
271 4238 324 4292 nisi
342 4236 469 4295 Dominus
487 4241 545 4312 ipse
556 4258 605 4314 per
622 4260 652 4300 se
666 4245 756 4316 ipsum
769 4249 924 4305 emradierit
941 4252 982 4306 ci·
1032 4250 1133 4306 indicat
1143 4251 1420 4327 Psalmista,qaiait.·
1434 4279 1444 4313 r
1460 4259 1562 4319 Vanum
1573 4277 1611 4321 est
1620 4270 1691 4325 robis
1703 4280 1764 4326 ante
1775 4244 1824 4328 tas

191 4326 309 4395 uitatem,
330 4331 530 4399 quantumlibet
550 4332 665 4390 tirmiter
686 4336 855 4407 ailbertum,
878 4341 981 4412 [rastra
995 4326 1019 4385 Ῑ)
1032 4357 1209 4413 ccmsurperc.
1225 4363 1235 4398 s
1249 4345 1357 4412 Quodsi
1369 4352 1428 4421 qais
1439 4355 1558 4426 accipere
1566 4357 1817 4427 iustaiitteramar·

191 4416 283 4488 tipiiot
295 4420 408 4490 angelus
421 4421 463 4477 rel
478 4421 631 4494 hammoni
644 4427 759 4481 custodit
773 4445 842 4498 eam,
855 4431 919 4501 qnia
931 4448 981 4488 es·
1031 4430 1073 4499 iit,
1086 4435 1222 4490 nocturnis
1241 4436 1291 4493 Dei
1308 4436 1434 4499 madibus
1453 4449 1623 4507 contradicit.
1641 4450 1675 4506 it't
1687 4457 1823 4526 quomoda

191 4507 264 4569 cadit
284 4501 338 4565 boe
356 4511 507 4582 angelicam
533 4511 741 4584 sublimitatem,
766 4529 871 4588 quanto
892 4522 979 4593 magis
1029 4526 1098 4581 idem
1113 4526 1246 4600 Propheta
1253 4534 1357 4590 dicitu
1372 4536 1461 4595 ilerlla
1474 4551 1549 4597 nocte
1561 4544 1810 4615 surpeiamadran·

191 4598 338 4657 humanam
350 4598 533 4672 fragilitatem,
549 4619 600 4661 aec
614 4605 732 4675 pertinet
742 4609 795 4663 uisi
815 4610 848 4666 od
865 4610 979 4684 Agrico·
999 4614 1002 4620 ’
1028 4618 1255 4687 pinsionariis
1270 4623 1300 4681 Si
1306 4628 1376 4682 enim
1388 4646 1484 4686 nanum
1497 4634 1692 4691 estantcluccm
1699 4655 1814 4711 sarpere,

191 4688 245 4745 lara
261 4689 432 4762 Trinitatem,
449 4704 479 4752 ut
498 4695 542 4753 rel
566 4696 636 4753 benc
652 4697 815 4769 plantasset
831 4704 917 4775 rigata
935 4705 978 4762 in·
1028 4725 1077 4764 car
1088 4709 1124 4765 aoi
1142 4714 1320 4784 confitendam
1345 4718 1458 4777 Domino
1478 4726 1567 4781 audin
1586 4736 1661 4782 nocte
1679 4734 1817 4789 samesit!

92 4848 98 4855 1
188 4790 357 4837 crementum
378 4786 524 4857 accipiant,
542 4789 583 4845 rel
601 4788 715 4847 tirlaiter
735 4792 867 4850 aediticata
892 4796 977 4854 (letri-
1027 4799 1080 4856 Sei
1094 4801 1140 4858 ille
1154 4804 1312 4863 antelucem
1330 4814 1425 4883 serpit,
1442 4815 1486 4886 pai
1500 4826 1562 4871 onte
1580 4818 1651 4874 dicar
1664 4821 1752 4889 {omri
1765 4840 1814 4879 sar-

188 4880 310 4926 mutarn
326 4888 380 4929 uon
395 4877 523 4934 sentiant.
538 4878 600 4937 blec
615 4881 703 4950 sabis,
714 4884 762 4955 aui
778 4886 847 4942 muln
857 4889 976 4946 ouelloa·
1026 4892 1080 4948 cuii
1093 4895 1121 4949 ia
1134 4895 1184 4951 bac
1202 4898 1267 4967 nita,
1278 4917 1338 4972 pare
1356 4905 1427 4958 nocti
1443 4906 1540 4963 similis
1557 4919 1607 4977 est,
1626 4911 1720 4966 extolli
1732 4930 1811 4983 appe-

187 4960 223 5019 do
242 4978 289 5020 scu
310 4962 485 5036 destruendo,
509 4978 536 5025 et
554 4969 625 5028 bona
647 4973 795 5045 plantando
817 4993 864 5035 ssu
887 4982 974 5038 aeaitl·
1026 4986 1140 5059 sititis).
1158 4988 1226 5045 Ante
1240 4993 1323 5048 lucem
1339 5011 1444 5067 sarpere
1461 5008 1500 5053 cst
1512 5001 1588 5071 prius
1606 5020 1687 5074 quum
1701 5005 1811 5063 claritas

135 5100 141 5115 .
186 5054 275 5112 cando
291 5056 438 5115 laborastis
450 5068 498 5115 aut
510 5060 651 5131 laboratis,
1024 5089 1130 5135 autema
1141 5081 1320 5140 retributionis
1332 5099 1469 5158 apparent,
1482 5090 1510 5145 in
1519 5096 1656 5162 pratentis
1667 5097 1729 5152 uitro
1736 5108 1810 5156 nocta

221 5145 343 5204 vonas
368 5148 471 5204 Vanam
485 5163 524 5207 est
545 5163 605 5208 ante
623 5153 708 5210 luccat
723 5175 838 5230 sarpere.
859 5160 908 5219 Est
921 5179 972 5220 au·
1023 5170 1145 5241 pandere.
1173 5172 1321 5231 &cicadam
1341 5179 1423 5248 ipitar
1442 5182 1517 5252 prius
1537 5194 1588 5250 est,
1610 5197 1639 5241 at
1662 5198 1722 5258 post
1742 5200 1810 5246 rests

185 5246 240 5294 tero
264 5237 311 5295 lux
326 5259 336 5293 r
353 5257 432 5309 rora,
455 5259 517 5315 quor
539 5244 675 5303 illuminat
697 5264 807 5306 omnem
832 5252 971 5311 bominem
1022 5278 1177 5332 carpamns,
1195 5267 1257 5335 qaia
1271 5267 1389 5338 pritanis
1404 5286 1474 5325 nrtno
1490 5286 1646 5344 sarraponte
1659 5276 1808 5334 aoaroai-
1917 5316 1918 5341 r

184 5329 336 5387 seuientem
356 5332 383 5388 in
403 5332 477 5392 trono
496 5336 628 5393 mundum
651 5336 742 5410 (ioan.
765 5356 785 5410 ι,
808 5342 846 5413 ll).
869 5343 972 5403 »bario
1021 5351 1258 5425 bramptoniam
1273 5356 1460 5429 benenatum
1477 5361 1563 5433 pluria
1578 5365 1692 5422 exaltat.

184 5421 271 5478 lucem
288 5424 377 5494 sequi,
392 5439 448 5482 non
465 5430 618 5498 praecedere
636 5429 831 5504 celerianum
850 5434 909 5506 ipsa
928 5435 970 5492 di·
1056 5443 1162 5517 surpite
1176 5445 1258 5519 igitur
1275 5457 1414 5519 postquam
1427 5451 1558 5523 scieritis,
1573 5457 1619 5526 qni
1633 5472 1707 5515 nunc
1718 5456 1806 5517 bamb

185 5600 205 5653 s
219 5534 276 5656 (6⁰5)
289 5536 365 5604 bputl
374 5538 403 5592 S.
423 5537 558 5621 bannaia
576 5540 688 5611 Exposit
712 5543 860 5616 Scripturas
871 5562 904 5603 ex
919 5548 965 5605 lib.
1056 5555 1112 5629 (66)
1133 5557 1161 5615 S.
1179 5557 1258 5632 Gurg.
1276 5556 1324 5627 ll,
1339 5561 1385 5618 lib.
1403 5579 1450 5621 ιἰιι
1465 5564 1572 5633 barat,
1583 5583 1642 5642 cap.
1655 5568 1700 5625 tl.

207 5640 215 5654 .
255 5617 322 5673 rap,
338 5617 407 5676 part,
426 5623 445 5675 t,
459 5609 508 5683 ltb,
522 5626 559 5681 nr,
574 5626 633 5687 cap,
644 5613 707 5673 titi.
