3892 6067
108 252 164 330 stt
284 250 565 312 conuertuntur
582 253 617 310 IN
637 252 806 312 ustinus
826 283 861 295 -
878 249 969 309 PARS
992 251 1038 322 ut,
1053 250 1099 306 EX
1117 249 1271 307 Monunio
1289 283 1324 294 —-
1342 252 1440 310 esui.
1459 254 1589 314 iusti.

106 371 209 440 sperit,
222 368 316 436 idest,
331 367 453 446 Verbum
464 369 524 440 Dei,
540 387 589 444 per
603 372 676 443 quod
691 382 848 445 peccatores
861 369 907 440 ju·
920 374 944 431 A
958 377 1016 423 turn
1034 369 1104 439 ejus.
1118 368 1154 424 Et
1169 368 1301 425 Dominus
1314 379 1391 450 periet
1404 371 1432 424 in
1451 373 1494 425 irio
1516 389 1619 442 pressus
1637 389 1710 440 suos,
1723 375 1752 429 id

105 457 277 525 stiticantur,
287 469 315 516 et
326 460 501 531 omuiejuste
511 460 704 532 disponuntur,
717 459 847 527 tiePetre,
859 459 907 529 qui
957 468 1009 526 est,
1024 459 1139 531 uestigia
1153 475 1203 516 suo
1216 471 1294 529 ponet
1310 462 1337 514 in
1352 461 1396 517 his
1411 462 1457 532 qui
1472 473 1536 518 sunt
1548 464 1609 520 eliis
1626 466 1669 520 ria
1683 481 1750 537 opc-

105 560 154 606 cst
165 550 268 607 omium
284 552 430 619 coelorum,
446 555 590 624 prooessit.
957 549 1044 605 rondo
1059 559 1085 605 et
1099 551 1233 606 docenio.
1247 550 1401 606 Arrriuinhit
1415 570 1479 608 enm
1494 554 1546 621 eis,
1568 556 1620 613 hoc
1635 567 1687 624 est,
1700 560 1752 614 ad.
1786 592 1791 602 .

145 641 243 697 Aliter.
281 641 386 698 Veritas
406 644 439 698 de
463 653 535 701 terro
552 644 651 713 oritur,
677 660 740 700 curu
765 642 905 701 confessio
954 640 1125 711 juvebiteos
1140 643 1174 697 ati
1196 643 1265 699 bene
1287 646 1468 713 operandum.
1494 646 1543 702 Vel
1566 648 1634 718 justi
1655 661 1752 720 ponem

105 742 289 804 pcccatorum
309 735 344 795 de
370 735 488 792 terrenis
512 735 636 803 offertur,
652 736 762 805 iustitio
786 734 819 789 de
842 733 905 788 roeio
957 747 1041 804 opera
1062 750 1112 790 suo
1131 735 1158 789 in
1174 736 1227 802 oio,
1251 736 1344 804 idest,
1367 737 1395 791 in
1421 737 1615 796 conformitate
1636 740 1751 808 Christi,

105 829 335 898 pumpiciecum
365 828 398 885 flt
415 829 542 886 remissio
555 838 729 900 peccatorum
742 843 791 899 per
805 826 904 882 coelum
956 826 1004 895 qui
1017 834 1059 881 est
1069 825 1114 881 niu
1127 826 1232 882 ducens
1245 828 1277 881 ad
1294 842 1323 883 se
1339 828 1423 882 ritum
1438 839 1465 884 ει
1477 830 1630 887 ueritatem.

104 918 258 974 coeioruru.
273 917 352 987 Quod
366 929 458 975 autem
468 922 577 986 ueritus,
589 919 616 976 id
635 930 687 986 est,
699 916 837 975 cooiessio
850 918 906 972 ori·
991 915 1045 973 lste
1060 919 1183 989 psalmus
1199 917 1226 973 in
1243 921 1295 974 hoo
1316 921 1494 976 continuatur
1505 921 1601 992 priori,
1616 926 1689 995 quod
1713 928 1752 982 ibi

104 1018 156 1063 tur
173 1024 208 1064 ex
227 1010 319 1078 nohis,
338 1010 368 1066 lit
377 1028 427 1082 per
441 1014 568 1084 gratiam.
586 1010 663 1068 Unde
680 1010 830 1067 subditur:
954 1017 1082 1066 cantator
1103 1027 1110 1063 r
1129 1010 1343 1068 Misericordiam
1361 1023 1387 1067 et
1405 1015 1542 1070 ueritatem
1561 1017 1650 1088 diiipit
1663 1017 1750 1083 ileum·

145 1098 230 1156 Vns.
247 1100 290 1158 15.
308 1100 413 1157 Etenim
430 1102 557 1158 &minus
570 1102 644 1158 datii
661 1102 861 1173 henipnitutem,
877 1099 904 1155 iti
954 1099 999 1156 hic
1021 1111 1111 1158 eutem
1126 1123 1133 1158 ε
1151 1102 1337 1159 Misericordia
1351 1107 1484 1162 mneritas
1495 1106 1665 1163 ebriaverunt
1687 1111 1748 1164 sihi.

105 1206 162 1261 cst,
188 1208 237 1263 [ier
260 1194 376 1264 gretiam
402 1211 482 1251 suam
507 1196 653 1266 inspirabit
675 1195 755 1250 nobis
780 1194 905 1250 couiiteri
954 1190 1013 1247 lbi:
1033 1192 1193 1249 Crotiomet
1211 1196 1324 1267 utorium
1340 1198 1414 1253 dubit
1430 1199 1571 1271 Dominus,
1586 1202 1638 1258 hoe
1650 1213 1702 1269 est,
1722 1177 1750 1258 ut

103 1294 224 1352 peccata
238 1295 343 1341 nostra.
361 1285 395 1340 Et
408 1296 480 1342 terro
490 1297 581 1342 nostro
593 1287 669 1341 dabit
681 1285 801 1355 [metum
814 1301 902 1352 soem,
961 1281 1088 1337 inhahitet
1102 1283 1189 1354 utorio
1202 1285 1230 1338 in
1243 1294 1314 1340 terra
1329 1298 1431 1343 nostra.
1449 1288 1499 1346 ilic
1512 1291 1635 1360 psalmus
1649 1292 1709 1347 hlco
1722 1294 1750 1347 in

108 1372 137 1426 id
153 1383 207 1439 est,
225 1376 303 1448 uirgo
316 1375 403 1432 Maria
418 1379 506 1447 pariet
524 1377 610 1434 Deum
624 1389 652 1433 ει
667 1376 817 1432 hominem.
960 1373 1106 1431 Natiuitnte
1117 1375 1227 1432 Domini
1241 1379 1377 1449 psallitur,
1400 1382 1464 1451 quio
1480 1382 1516 1437 ili
1532 1384 1626 1438 neritus
1648 1384 1750 1441 Christi

1698 260 1751 317 522

148 1462 231 1520 Vsus.
255 1467 299 1521 li.
318 1465 433 1523 iustitio
456 1478 519 1523 onte
539 1485 599 1524 eum
618 1465 775 1531 omiuioiit,
801 1466 828 1519 id
852 1473 907 1542 cst,
960 1467 1073 1521 deterre
1086 1468 1190 1540 virgine
1206 1470 1303 1526 oritur.

102 1555 175 1624 justi
190 1560 427 1630 promovebuntur
447 1561 475 1615 in
491 1549 581 1616 iructr'r
599 1560 671 1615 bono
690 1558 723 1613 ad
750 1557 906 1627 beneplaci-

852 1690 1745 1717 ,κῃ-Ἣ*

666 1888 931 1979 PSALMUS
976 1889 1211 1983 LXXXV.

915 2084 951 2094 .—

146 2291 263 2356 lnclino,
294 2286 415 2352 bordne,
440 2299 531 2338 ocrem
565 2289 648 2335 tuom.
679 2277 786 2334 Titulus
818 2275 1074 2348 hujusBortiioes‚
1090 2280 1748 2360 indoctores,continenteseoojirgams,paeri.

103 2383 209 2457 Wlffll
220 2391 284 2438 ⁰⁵¹²
953 2380 1009 2424 tur.
1024 2370 1116 2428 Prima
1132 2388 1196 2443 pars
1211 2381 1253 2428 est
1272 2391 1279 2428 ε
1295 2371 1413 2441 Incir'no,
1428 2374 1548 2443 huncine,
1565 2377 1591 2432 in
1613 2395 1666 2450 qino
1683 2396 1748 2451 pro-

364 2485 464 2529 ottilo
484 2484 535 2525 ¹⁹⁵1
553 2483 644 2523 Mtte·
952 2463 1013 2534 prio
1024 2464 1113 2519 oratio
1125 2464 1224 2535 cupitis
1249 2464 1390 2521 scribitur.
1410 2463 1537 2523 munda
1557 2477 1599 2524 esi
1625 2487 1631 2523 :
1656 2470 1747 2525 paru,

139 2567 203 2624 lloc
216 2577 271 2632 est,
285 2566 372 2620 oratio
386 2564 528 2636 designata
548 2561 593 2618 bis
614 2559 728 2616 uocibus
743 2557 902 2614 attribuitur
953 2572 1004 2624 me,
1018 2556 1139 2630 Domine.
1154 2557 1181 2611 in
1195 2573 1248 2628 orta
1260 2558 1358 2628 capitis
1369 2559 1457 2614 oratio
1468 2560 1641 2630 exprimitur.
1655 2560 1747 2619 Tertia

106 2675 175 2714 rcro
203 2658 303 2724 David,
332 2656 449 2713 Domino
469 2654 534 2711 iesu
561 2653 682 2710 Christo.
710 2651 768 2707 lluo
795 2661 900 2706 tantum
952 2649 1013 2704 est':
1030 2648 1109 2714 Deus,
1134 2651 1231 2720 iniqui,
1249 2650 1276 2704 in
1290 2666 1345 2721 qna
1361 2649 1464 2706 Christi
1480 2642 1747 2722 passioetresurrc-

103 2750 207 2821 pssimi
223 2759 297 2817 sunt,
313 2747 414 2819 qriibns
433 2747 520 2801 oratio
543 2745 598 2816 ipsi
621 2745 705 2799 liorid
730 2744 900 2810 inscribitur,
952 2741 1007 2795 ctio
1020 2727 1152 2813 tangitur.
1166 2741 1194 2796 ln
1209 2743 1260 2797 hoe
1275 2741 1382 2812 psalmo
1395 2759 1468 2797 norm
1482 2755 1575 2813 caput,
1592 2761 1665 2810 rirruc
1684 2760 1747 2801 eor·

105 2843 215 2899 seilicet
225 2842 350 2898 decimus
360 2848 454 2896 sextus
465 2849 492 2894 et
506 2839 568 2906 istc,
579 2837 644 2909 quio
660 2837 722 2892 oure
732 2833 901 2891 suntEccie·
952 2849 1004 2903 pus
1014 2834 1148 2905 loquitur.
1165 2831 1224 2890 lor
1242 2832 1370 2890 Ecclesise
1387 2855 1393 2887 :

107 2936 167 3004 siae,
181 2949 237 2988 una
250 2934 284 2989 tle
295 2931 410 2999 ludaeis,
421 2932 507 2987 altera
522 2929 556 2984 de
569 2928 706 3001 gentibus
725 2942 787 2998 qum
800 2941 901 2996 corpus

102 3025 210 3081 Christi
227 3025 456 3088 uoniinrntur,‘ct
477 3039 594 3095 quarum
613 3030 695 3090 eaput
716 3020 774 3089 ipse
797 3017 901 3073 deseri·

104 3122 192 3188 bitur,
209 3120 398 3192 utaliquando
412 3119 513 3190 ipsein
532 3115 665 3174 membris
678 3114 737 3169 suis
757 3124 828 3177 orat,
845 3111 898 3166 ali-

103 3214 219 3287 quando
233 3211 357 3269 membra
369 3226 417 3283 per
438 3217 520 3282 ceput
535 3218 624 3265 morit.
637 3204 703 3262 (irat
714 3220 765 3276 pro
778 3204 857 3259 nolis
869 3209 901 3256 ut

103 3307 237 3364 sacerdos
267 3313 370 3371 noster,
396 3313 458 3359 orat
471 3302 499 3357 in
521 3301 601 3357 uobis
616 3312 645 3355 ut
658 3306 741 3368 ceput
760 3305 898 3361 nostrum,

10 3409 11 3430 ¹
100 3406 202 3455 oratur
225 3395 335 3451 anobis
350 3403 381 3449 ut
402 3392 475 3449 Deus
501 3396 604 3446 noster.
631 3386 691 3458 lpse
714 3401 834 3457 nomque
857 3393 899 3441 cst

103 3490 178 3546 Meus
193 3488 228 3544 de
243 3487 310 3555 Ileo,
335 3495 363 3542 et
383 3486 544 3541 homocum
570 3479 740 3546 horninibus,
755 3493 819 3534 curn
842 3476 898 3532 ileo

103 3580 270 3645 exaudiens,
286 3594 348 3633 cum
365 3575 525 3633 hominibus
545 3589 638 3629 erens.
654 3571 688 3627 Et
703 3571 768 3643 quia
781 3570 809 3626 iu
825 3585 897 3640 prae-

102 3671 211 3729 cedenti
225 3671 332 3740 psalmo
342 3668 414 3724 iectu
428 3674 472 3723 εει
494 3665 598 3721 mentio
618 3663 705 3734 pacis,
719 3677 781 3733 qnae
792 3670 834 3716 εει
852 3675 895 3715 re·

102 3781 188 3837 gnum
204 3764 349 3825 coelorum,
363 3761 408 3816 hic
426 3756 621 3830 psalmosjnre
633 3753 768 3824 sequitur,
793 3751 820 3806 io
842 3765 897 3820 quo

104 3866 214 3920 oratur,
228 3860 260 3907 ut
276 3852 310 3907 de
332 3849 440 3905 inicrno
459 3845 584 3902 inferiori
604 3851 728 3900 cruatur.
752 3839 802 3897 llic
822 3839 897 3910 psat-

104 3962 167 4002 mus
194 3956 236 4002 εει
263 3943 449 4014 octogesimus
474 3940 598 4012 quintus.
626 3934 660 3990 Et
685 3933 794 4005 Moyses
821 3940 898 3987 octo·

103 4040 179 4109 ginta
203 4046 432 4101 maternorum,
457 4030 569 4105 quando
596 4025 739 4084 (inscendit
764 4022 792 4078 in
811 4021 896 4094 AEgy·

104 4139 193 4198 mum,
210 4138 240 4182 ut
257 4125 384 4181 educeret
403 4123 545 4194 populum,
560 4119 605 4176 cui
620 4117 696 4173 dedit
708 4116 794 4188 legem
817 4111 897 4182 quin·

102 4236 157 4292 qne
182 4220 329 4286 librorum,
354 4215 514 4289 significans
538 4212 681 4269 Christum
709 4206 757 4280 qui
789 4206 816 4260 in
844 4204 897 4258 hoe

104 4313 273 4385 octogesimo
303 4312 401 4382 quisito
428 4308 535 4379 psalmo
563 4303 694 4362 scribitur
720 4293 896 4355 descendisse

103 4411 138 4466 ad
160 4407 288 4473 inferna,
310 4414 340 4460 ut
368 4403 497 4460 educeret
517 4400 649 4471 populum
672 4396 794 4468 quinque
810 4405 897 4449 saecu·

32 4589 42 4606 .
100 4501 253 4648 *offitia
280 4545 378 4660 psalmi
401 4584 543 4642 estmono
563 4580 667 4637 Christi
686 4595 741 4652 pro
760 4574 893 4642 Ecclesia,

100 4687 144 4739 rel
159 4673 290 4739 Ecclesire
304 4680 332 4735 in
349 4677 439 4748 eapite
451 4690 503 4733 suo
514 4673 635 4731 Christo.
651 4672 768 4730 Intentio
782 4683 825 4730 εει
843 4689 894 4731 nos

103 4777 257 4834 iniormare
274 4775 309 4831 ad
324 4773 489 4837 orationem,
514 4784 562 4840 per
578 4784 661 4840 quem
681 4769 894 4838 perveniendum

101 4881 141 4926 cst
154 4868 188 4925 ad
202 4878 334 4924 aeternnm
345 4865 541 4922 nereditatem.
556 4860 646 4919 Verbo
658 4870 766 4932 sumpto
782 4870 847 4917 sunt
860 4861 894 4918 de

102 4962 161 5032 ipso
183 4958 280 5026 David,
306 4974 389 5031 snper
407 4973 490 5030 quern
514 4955 602 5028 iniqui
625 4955 843 5019 insurrexerunt,
865 4962 930 5028 etp

100 5069 241 5128 synagoga
264 5053 428 5124 poteritium,
451 5051 556 5107 seilicet
567 5049 646 5114 Saul,
659 5046 781 5102 Abselon
796 5056 823 5102 et
844 5047 890 5102 olii

101 5150 223 5205 eitimam
244 5148 305 5218 ejus
318 5146 495 5217 quesierunt,
517 5158 599 5214 quern
619 5141 753 5197 [lominus
774 5140 888 5211 adjuvit,

101 5250 130 5296 et
143 5241 287 5310 imperium
300 5238 384 5295 dedit.
399 5235 541 5309 Significat
561 5245 651 5290 autem
667 5233 817 5296 Christum,
841 5248 883 5287 su-

101 5346 245 5402 perquem
269 5328 355 5401 iniqui
370 5328 456 5385 iudaei
471 5330 691 5391 insurrexerunt,
705 5333 733 5379 ot
750 5339 887 5396 synogoga

98 5423 258 5494 principum
273 5420 448 5479 secerdotum
472 5417 593 5474 enimam
606 5416 668 5487 ejus
687 5415 799 5485 perdere
814 5428 889 5483 oure

991 2970 1071 3026 Vens.
1089 2973 1115 3024 l.
1132 2969 1247 3037 inclino,
1266 2971 1387 3039 Domine,
1404 2987 1496 3025 aurem
1510 2981 1594 3038 mum,
1609 2982 1634 3026 et
1646 2974 1746 3027 eraudi

951 3077 1002 3117 me.
1017 3062 1058 3116 Ad
1075 3061 1214 3117 infirmum
1229 3063 1304 3116 orris
1320 3063 1477 3128 inclinatur,
1495 3072 1525 3117 ut
1540 3079 1593 3118 vos
1617 3064 1678 3133 ejus
1696 3079 1746 3119 ou-

950 3154 1053 3210 distur.
1078 3154 1234 3209 llumauum
1257 3171 1343 3226 genus
1371 3154 1511 3211 infirmum
1528 3156 1615 3225 jscuit
1633 3155 1661 3210 in
1683 3156 1745 3212 lucu

950 3250 1068 3305 miserim
1080 3258 1109 3303 et
1118 3247 1147 3302 iu
1161 3248 1230 3302 valle
1243 3248 1438 3319 lacrymarum,
1451 3247 1484 3302 ari
1500 3246 1573 3318 quod
1588 3246 1679 3303 honns
1692 3262 1747 3301 rne-

949 3341 1028 3396 dieus
1044 3338 1118 3394 bens
1138 3355 1228 3393 curem
1240 3337 1437 3394 misericorder.
1446 3337 1598 3403 metimur,
1610 3347 1637 3392 et
1650 3352 1744 3393 rocem

949 3431 1095 3487 clamantis
1108 3430 1250 3487 exaudivit
1264 3431 1301 3485 ita
1319 3430 1460 3486 dicentis:
1483 3429 1617 3496 Quoniam
1633 3431 1708 3500 inops
1719 3440 1744 3485 et

948 3540 1049 3594 pauper
1060 3539 1120 3578 sum
1134 3537 1191 3593 epo.
1208 3521 1299 3591 Inops,
1313 3522 1378 3592 quio
1389 3537 1456 3591 opes
1477 3521 1598 3592 paradisi
1622 3520 1742 3591 perdidi;

911 3631 1060 3690 cpoupcr,
1078 3614 1142 3684 quia
1165 3622 1287 3685 egestate
1301 3622 1329 3669 et
1346 3614 1507 3669 infirmitate
1528 3613 1649 3669 extabui.
1666 3612 1744 3670 Hane

948 3722 1042 3763 rocem
1058 3706 1120 3776 pius
1147 3706 1271 3763 medicus
1289 3705 1439 3772 exaudivit,
1463 3705 1529 3760 dnm
1543 3704 1645 3761 Filium
1661 3721 1742 3762 suuni

947 3799 980 3853 ad
995 3797 1212 3854 subueniendum
1232 3797 1309 3855 misit
1326 3797 1368 3868 (ut
1384 3798 1542 3869 praecedens
1561 3798 1684 3868 psalmus
1703 3813 1743 3854 re-

948 3887 1031 3957 tulit),
1040 3888 1105 3958 quia
1111 3887 1248 3957 iacentem
1256 3887 1378 3943 doemon
1393 3886 1503 3955 levarit,
1515 3886 1636 3959 propriis
1645 3887 1743 3945 burric-

946 3980 987 4035 ris
997 3979 1124 4036 saucium
1141 3979 1271 4050 portauit,
1286 3978 1386 4035 balneo
1397 3979 1570 4050 baptismatis
1584 3980 1659 4046 levit,
1671 3981 1741 4036 stola

947 4071 1048 4139 prima,
1072 4084 1156 4139 quam
1184 4069 1278 4127 amisit
1304 4069 1493 4140 inpendire,
1521 4069 1620 4136 induit,
1639 4085 1741 4127 nomen

947 4160 1065 4217 suumei
1088 4161 1230 4231 imposuit,
1255 4160 1332 4231 regni
1357 4159 1495 4216 haeredem
1515 4160 1653 4229 ascripsit.
1682 4158 1740 4215 Vox

946 4251 1070 4308 Christi:

984 4364 1067 4421 Vere.
1083 4365 1111 4420 2.
1125 4363 1237 4421 Custodi
1250 4363 1369 4419 animem
1381 4380 1478 4430 mom,
1490 4365 1617 4435 quoniam
1631 4373 1739 4420 sanetus

946 4478 1016 4518 sum.
1028 4460 1052 4518 0
1063 4459 1161 4516 Peter!
1177 4458 1218 4515 Er
1235 4469 1281 4515 tuo
1304 4465 1441 4530 precepto
1464 4458 1492 4514 io
1512 4459 1603 4515 locum
1622 4457 1740 4515 miseriae

947 4554 1092 4621 descendi,
1111 4552 1250 4609 hominem
1274 4552 1381 4624 lapsum
1405 4550 1440 4606 de
1458 4552 1520 4607 luto
1542 4548 1621 4608 faecis
1641 4550 1737 4616 extuli,

945 4643 1006 4700 sine
1024 4641 1154 4700 sordibus
1167 4649 1345 4713 peccatorum
1363 4641 1422 4711 ipse
1443 4640 1544 4707 mansi,
1560 4640 1589 4695 in
1611 4640 1664 4696 boe
1674 4656 1738 4696 san-2

945 4736 1041 4792 ctitete
1056 4736 1177 4792 animem
1189 4749 1280 4790 meam
1295 4732 1441 4789 custodiri.
1452 4731 1646 4805 Aliquandoin
1662 4732 1736 4804 psel-

945 4830 998 4886 mis
1010 4828 1284 4902 loquiturinhrnrunr
1301 4825 1465 4892 membrum,
1485 4834 1516 4880 ut
1529 4825 1566 4881 ihi
1588 4844 1595 4880 ε
1618 4844 1628 4876 r
1653 4824 1736 4881 hiisc-

944 4938 1005 4978 rere
1024 4923 1089 4986 mei,
1114 4920 1239 4983 homine,
1262 4918 1398 4988 quoniam.
1414 4917 1541 4973 infirmus
1560 4932 1620 4972 sum
1646 4915 1734 4987 (Psoi.

944 5032 982 5082 rt,
996 5015 1035 5086 3).
1055 5034 1064 5067 r
1081 5013 1236 5083 Aliquando
1246 5027 1343 5067 surium
1357 5026 1405 5081 per
1415 5010 1555 5065 Christmn
1572 5018 1653 5080 caput
1670 5023 1733 5064 san·

944 5109 1105 5174 chirstum,
1118 5116 1148 5161 ut
1163 5107 1206 5161 hic
1222 5123 1228 5158 :
1244 5103 1356 5161 Custodi
1367 5105 1484 5158 animuin
1499 5118 1596 5168 meum
1607 5100 1734 5171 qoemrirtm

944 5210 1051 5256 sanctus
1062 5217 1132 5266 snm,
1145 5199 1250 5257 scilieet
1272 5213 1321 5267 per
1335 5197 1471 5268 baptisma
1484 5206 1511 5251 et
1529 5207 1630 5264 corpus
1644 5201 1731 5248 tuum.

945 5297 1002 5352 Vox
1017 5293 1132 5351 membri
1150 5312 1157 5347 :

977 5412 1088 5469 Soinum
1108 5410 1150 5479 {oc
1163 5423 1265 5461 sernum
1287 5414 1373 5470 tunm,
1389 5403 1461 5459 Deus
1485 5419 1570 5469 metes,
1585 5409 1733 5471 sperantem

103 5515 217 5578 cierunt,
231 5528 314 5583 ouem
329 5509 461 5566 lloruinus
474 5508 580 5580 adjuvit
590 5507 616 5561 in
628 5506 765 5578 passione,
778 5515 806 5559 ct
816 5504 890 5560 dedit
942 5504 969 5558 in
986 5512 1020 5557 te.
1039 5499 1091 5568 Qui
1109 5514 1153 5554 me
1169 5495 1322 5559 redemisti,
1344 5503 1369 5549 te
1392 5507 1560 5565 recognosco
1574 5489 1732 5551 borriirium,

99 5604 125 5659 ei
139 5603 288 5676 imperium
305 5605 333 5658 in
349 5601 560 5658 resurrectione.

134 5697 163 5752 lo
180 5709 237 5754 tres
249 5707 341 5768 partes
358 5705 477 5758 secatur,
491 5696 555 5766 quie
570 5710 671 5780 corpus
681 5691 783 5748 Christi
797 5690 890 5747 intres

260 5791 397 5852 Pernen.
419 5786 542 5848 cxciv

940 5611 988 5651 me
998 5594 1128 5664 proilteor
1139 5604 1242 5646 serrano
1267 5600 1341 5643 tuum
1365 5587 1417 5655 Qui
1439 5603 1482 5642 tue
1497 5586 1606 5650 creasti,
1622 5593 1650 5640 te
1662 5598 1731 5638 con-

942 5688 1038 5747 iitcho*
1053 5685 1133 5742 Derim
1150 5699 1246 5750 rnorrrn,
1262 5681 1289 5737 iu
1312 5690 1338 5736 te
1353 5696 1432 5742 suero
1443 5681 1543 5736 solum
1566 5676 1674 5734 Scirum
1689 5676 1731 5747 (oc

1519 5773 1555 5836 ri
