3892 6067
172 166 226 225 ιιι
655 151 807 210 chunuttt
825 148 1020 208 PRAEPOSlTi
1040 150 1317 209 ustcrtrrtsrtttu
1755 153 1809 213 t88

174 262 449 351 ploratur.‘'tertins:
466 269 551 340 Super
560 267 674 336 pumina
690 265 848 336 Rabylonis,
866 265 893 319 in
908 279 963 337 qno
978 271 1001 326 Α
1014 274 1041 320 ει
1052 274 1157 338 septem
1171 264 1408 324 ltacbahoeiscnm
1423 273 1572 322 matresua
1589 275 1617 322 et
1635 266 1731 323 multis
1747 267 1811 324 aliis

174 368 258 424 istius
278 361 427 421 destructio
444 360 496 416 sub
517 355 698 422 Antichristo,
722 353 794 410 sicut
815 355 889 409 illius
913 354 965 410 suh
1015 355 1162 413 iaciebant.
1178 353 1214 411 Et
1226 374 1279 413 non
1291 365 1350 413 erat
1367 358 1414 430 pai
1433 358 1566 429 sepeliret,
1584 359 1650 431 poia
1665 367 1706 415 tot
1717 370 1809 421 eraut.

173 455 429 513 Nabuchodonosor
450 447 577 507 defletur.
605 445 655 503 Est
667 453 695 502 et
712 445 785 501 aliud
806 461 966 501 sacramen·
1015 447 1063 519 qui
1078 447 1186 519 sepeliri
1202 463 1257 505 non
1271 457 1409 519 poterant,
1422 457 1473 505 nec
1484 448 1567 504 etiam
1581 450 1743 520 superstites
1752 465 1812 522 prae

175 558 245 616 ιιιιιι,
257 547 321 618 quia
340 543 500 617 procedens
523 542 648 614 psalmus
666 540 771 607 retulit,
792 539 867 610 quod
883 538 965 593 Chri·
1015 538 1144 595 hostibus
1157 552 1207 595 eos
1222 538 1342 610 sepelire
1355 538 1502 594 audebant
1517 536 1633 595 lindeet
1643 539 1689 595 hic
1699 555 1812 608 rtrrsus¹

174 648 234 696 stus
250 637 353 693 tribum
367 633 438 691 luda
450 634 573 705 degent,
584 632 657 703 quod
672 629 966 702 temporetlntichristi
1016 627 1187 698 Effuderunt,
1209 628 1237 684 in
1260 628 1376 704 historia
1399 627 1617 686 llachahaeurum
1637 644 1688 701 pro
1711 630 1810 686 cadem

173 732 242 789 erit:
259 730 304 787 hie
321 728 416 795 retent,
434 735 538 799 quanta
552 725 626 781 tuala
647 737 700 794 pro
712 723 766 779 fide
780 721 883 779 Christi
900 736 966 793 pas·
1016 731 1100 777 causa
1113 720 1306 786 introducitur,
1321 728 1352 777 nt
1368 727 1443 777 totus
1458 722 1583 792 psalmus
1604 721 1668 778 inde
1688 719 1811 795 scriptus

174 838 241 880 sura
251 821 297 879 sit.
712 835 715 863 ι
1018 826 1072 867 non
1086 812 1225 868 dubitetur
1235 803 1281 884 (ll
1292 809 1382 869 llach.
1395 827 1415 880 t,
1429 810 1469 882 8).
1482 810 1540 868 lloc
1554 811 1589 868 ad
1603 812 1723 885 pmorem
1734 816 1811 888 psat-

211 913 261 970 llic
275 911 398 984 psalmus
412 909 440 966 in
461 907 664 981 septuagesimo
688 917 787 964 cctam
809 905 871 963 loco
884 905 966 978 poni-
1017 917 1093 957 mum
1113 903 1301 971 continuatur,
1320 903 1366 959 ubi
1378 902 1478 973 legitur
1491 903 1565 975 quud
1577 904 1693 974 iuuenes
1711 921 1812 965 corum

174 1013 229 1072 tur,
245 1003 293 1076 qui
308 1017 442 1059 numerus
456 1005 484 1056 ln
502 1002 592 1057 sexies
615 999 760 1057 duodecim
778 998 922 1064 dividitur,
940 1006 968 1054 ει
1016 999 1045 1049 ει
1057 994 1316 1090 virginescomcdit
1335 993 1418 1068 ignis,
1433 1004 1461 1053 et
1479 1011 1536 1067 prae
1556 995 1732 1055 multitudine
1754 1013 1812 1057 uon

174 1109 224 1152 sex
248 1101 391 1165 superant,
405 1089 479 1162 quod
493 1089 691 1161 perlectionem
712 1089 793 1145 nohis
808 1087 965 1161 mysticant.
1017 1083 1085 1141 sunt
1102 1084 1255 1141 lamentati.
1279 1084 1447 1143 llathathias
1465 1095 1494 1142 et
1516 1085 1665 1144 ltachahaei
1685 1088 1812 1146 ridentes

173 1185 227 1242 Per
243 1184 445 1241 duodenarium
459 1183 585 1240 doctrina
601 1183 799 1254 apostolorum,
819 1196 869 1252 per
887 1193 968 1237 sena·
1017 1183 1093 1232 unta
1108 1176 1179 1233 mala
1193 1177 1332 1234 clumam:

175 1279 248 1334 rium
264 1277 426 1350 intelligitur
436 1276 568 1348 perfectio
581 1276 732 1348 justorum,
742 1274 790 1346 qui
804 1281 915 1346 propter
925 1272 968 1344 jar·
1053 1266 1138 1325 lens.
1152 1268 1180 1324 l.
1200 1266 1281 1323 Facti
1295 1283 1385 1325 sumus
1399 1268 1573 1341 opprobrium
1592 1270 1684 1325 uicinia
1699 1270 1811 1337 neuris.

175 1371 277 1427 stitiam
295 1370 513 1441 persecutionem
533 1369 685 1439 patiuntur.
700 1368 747 1440 qui
759 1365 793 1423 ad
805 1375 867 1423 octo
881 1365 968 1421 heati-
1018 1359 1811 1444 subsannatio,eti11usiohia,puihtcircnitunostrotunt.

175 1460 284 1518 tudines
303 1459 502 1531 perducuntur.
525 1455 788 1529 iltuluselnsest:
922 1455 924 1458 ’
1019 1449 1154 1535 Tempore
1176 1452 1306 1509 Antiochi
1326 1462 1406 1509 erant
1427 1451 1514 1510 ludaei
1532 1453 1709 1525 opprobrium
1721 1454 1811 1514 omni·

376 1550 461 1608 Vens.
477 1552 503 1607 l‘.
523 1547 647 1608 Psstsus
663 1549 763 1608 henan.
1019 1543 1072 1600 hus
1099 1541 1274 1613 nationibus,
1300 1544 1348 1617 qui
1375 1545 1416 1601 cis
1441 1545 1618 1618 ritum'lepis
1641 1546 1814 1619 impropera·

210 1645 268 1705 uss
281 1656 324 1704 est
339 1664 348 1702 ι
363 1643 402 1702 tm
417 1645 479 1702 taus
506 1645 666 1702 scrutantr
690 1643 819 1717 ρεειεειῑε
843 1645 969 1706 uterinus
984 1606 1097 1716 ”bant
1118 1636 1331 1714 comprehensos
1347 1637 1563 1708 nortmanniam,
1579 1640 1697 1712 eruitis
1711 1638 1813 1697 nuns-

175 1741 210 1797 de
236 1737 352 1795 ludaico
371 1737 483 1809 mulo,
499 1736 547 1808 put
573 1745 659 1808 agunt
682 1736 710 1792 tn
735 1737 788 1794 hoc
806 1739 912 1811 psalmo
935 1740 969 1807 de
1019 1728 1095 1784 brut

175 1829 353 1885 tribulatione
367 1841 430 1893 sua,
444 1826 627 1896 quarinum
645 1827 685 1883 eis
699 1842 771 1894 esse,
785 1827 860 1884 illata
877 1848 884 1885 z
905 1829 969 1886 inde
1055 1818 1145 1876 Simili
1174 1821 1256 1878 modo
1275 1819 1379 1878 fuctum
1407 1832 1451 1880 est
1472 1822 1603 1882 Ecclesiae
1623 1822 1676 1880 suh
1700 1819 1814 1879 iudano

176 1920 241 1991 quia
255 1928 420 1975 monuerant
434 1920 540 1976 ssdclem
563 1920 654 1991 llsaph
674 1919 708 1975 ad
725 1920 874 1991 spiritalem
891 1919 970 1976 intel·
1019 1911 1161 1983 spumata,
1176 1912 1219 1968 rel
1244 1913 1296 1969 8111)
1315 1914 1466 1971 (ἶθηθῑεΰῑθ
1488 1915 1629 1983 irretiris
1644 1930 1813 1989 pungente·

174 2012 291 2080 lectum;
305 2011 377 2068 sicut
391 2012 419 2067 in
433 2005 549 2069 Actibus
573 2011 759 2083 apostolorum
776 2010 877 2085 legitur
896 2011 970 2089 quoti
1019 2000 1113 2058 hunda
1128 2002 1215 2059 dicii:
1231 2001 1315 2069 Deir,
1337 2015 1464 2072 trrrrtul
1487 2016 1577 2078 srulrr
1591 2008 1619 2062 iu
1630 2007 1835 2063 ioerrrit'lrltm·

175 2104 373 2173 predicatores
392 2117 519 2176 magnam
534 2159 537 2164 ⁴
550 2104 768 2180 persecutionem
796 2105 971 2177 patiebantur
1020 2101 1104 2149 11111111·
1132 2091 1284 2153 llaereditas
1296 2096 1343 2152 liei
1367 2107 1410 2152 est
1431 2091 1555 2155 Ecclesia
1575 2096 1610 2156 ad
1626 2093 1814 2156 haereditatem

175 2193 247 2266 (ilat.
262 2207 324 2263 rut,
334 2191 390 2266 tt).
408 2192 455 2250 Vel
471 2193 559 2251 tostis
573 2195 665 2267 dsapb
680 2179 856 2252 antechristi
869 2198 970 2253 adren-
1020 2184 1097 2257 regui
1110 2195 1218 2255 vocata,
1233 2187 1267 2246 de
1278 2202 1333 2259 qut
1349 2188 1377 2243 in
1392 2188 1528 2259 superiori
1541 2190 1648 2259 psalmo
1660 2187 1812 2244 scribitur:

178 2292 237 2342 tum
252 2284 298 2341 hic
313 2284 446 2356 lupanar,
463 2284 489 2340 id
503 2293 546 2342 cst
560 2286 748 2356 proptereat
760 2285 806 2342 alii
817 2286 930 2359 perlecti
941 2287 969 2343 tn
1020 2271 1134 2332 Poscere
1149 2275 1237 2332 lsrael
1251 2277 1433 2334 hereditatem
1452 2287 1536 2334 tuam.
1559 2277 1595 2334 ln
1609 2278 1682 2336 hanc
1697 2278 1813 2335 lauredi-

175 2373 279 2446 populo
297 2371 345 2430 usi
363 2373 545 2445 praesidentes
558 2375 587 2429 in
606 2371 711 2445 Spiritu
730 2369 861 2432 Ecclesiae
873 2392 968 2448 perse-
1020 2376 1102 2424 tatem
1112 2378 1202 2441 pentes
1215 2371 1422 2439 venerunt,dum
1436 2370 1558 2427 haretici
1570 2371 1706 2443 gentiliter
1716 2370 1813 2428 circn-

177 2464 328 2531 stationem,
338 2475 421 2536 mnam
433 2464 570 2534 significat
583 2463 628 2521 illa
638 2466 795 2538 persecutio
806 2467 859 2524 suh
872 2468 970 2523 lintio-
1020 2468 1061 2516 tes
1081 2475 1143 2516 oum
1155 2459 1255 2532 judeis
1265 2469 1293 2517 et
1308 2463 1424 2534 paganis
1440 2462 1468 2518 in
1483 2455 1634 2520 Ecclesiam
1649 2453 1698 2520 ber
1711 2471 1739 2519 ut
1753 2461 1815 2534 lupi

177 2556 231 2613 etin
241 2555 269 2611 in
283 2553 434 2614 ierusalem
449 2557 532 2614 tanta.
1020 2550 1047 2607 in
1064 2566 1130 2608 ores
1146 2552 1298 2623 irruerunt,
1304 2562 1332 2610 et
1344 2552 1516 2612 Christianos
1522 2554 1667 2612 crudeliter
1676 2554 1814 2626 persecuti

210 2647 325 2705 hicterio
338 2648 437 2722 psalmi
449 2657 491 2706 est
504 2650 615 2708 afflictio
625 2648 755 2707 Ecclesia
767 2650 820 2707 sub
834 2652 969 2710 hereticis
1019 2653 1094 2701 snm.
1103 2643 1249 2701 porterit!
1255 2644 1403 2703 intirim
1410 2646 1437 2701 31¹
1443 2662 1536 2717 pomos
1537 2645 1745 2717 ambustorum,
1756 2643 1812 2702 ¹¹0⁰

177 2735 270 2808 templi
288 2734 337 2793 liei
352 2738 544 2806 uiolatoribus,
557 2740 591 2796 de
601 2739 703 2812 quihus
716 2741 801 2796 multa
811 2743 968 2813 precedens
1019 2736 1815 2811 est‚posueruntEcclesiamiadesertnm‚sieutdcseruntur

176 2829 306 2887 tractarit
318 2819 453 2901 psalmus.
468 2828 586 2888 intentio
600 2841 643 2888 cst
656 2832 801 2890 ostendere
815 2833 969 2890 tribulatio·
1018 2843 1163 2901 pomorum
1175 2828 1316 2897 custodiae,
1337 2843 1401 2885 oum
1420 2842 1501 2912 poma
1514 2826 1683 2882 transierint.
1704 2824 1814 2882 Fideles

75 2941 78 2946 ·
176 2936 241 2977 nem
268 2920 388 2977 tidelium
416 2936 478 2980 esse
500 2921 535 2977 ad
558 2923 733 2980 commodum
758 2935 865 2995 annuns,
889 2930 917 2981 et
933 2924 967 2980 at
982 2948 1003 3006 C
1020 2933 1139 2990 namque
1148 2918 1195 2990 qui
1208 2915 1601 2988 remanseruntaliis,pertidia
1614 2916 1734 2988 pollutis,
1749 2914 1814 2973 ahia

175 3012 308 3088 damnum
322 3011 524 3072 tribulantium.
542 3011 631 3070 Verba
650 3024 774 3070 mutilata
790 3014 917 3071 ridentur
934 3015 968 3070 dc
1019 3008 1130 3076 occino,
1151 3009 1230 3079 quasi
1246 3010 1385 3066 desertum
1398 3007 1538 3080 tugurium
1553 3007 1772 3079 lueruntprirati
1793 3021 1811 3061 a

177 3102 301 3160 historiis
323 3100 555 3173 blachabaeornm,
578 3104 627 3160 uhi
648 3115 742 3178 gentes
763 3105 894 3177 temptum
920 3105 968 3162 ber
1019 3095 1153 3158 solamine
1175 3110 1203 3156 et
1226 3098 1357 3156 societate
1376 3098 1508 3161 aliorum.
1525 3097 1572 3169 uui
1596 3098 1639 3154 rel
1663 3096 1747 3154 occisi
1766 3095 1814 3151 rei

176 3189 344 3262 polluerunt,
367 3193 529 3265 sanguinem
543 3195 682 3265 justorum
700 3204 729 3250 ut
750 3199 850 3268 aquam
864 3197 968 3252 elinde-
1017 3194 1117 3266 polluti
1128 3200 1216 3248 erant.
1230 3188 1284 3245 Sed
1294 3188 1405 3260 quando
1418 3185 1541 3243 Ecclesia
1552 3186 1688 3259 gentihus,
1701 3185 1744 3242 rel
1754 3184 1814 3242 hae·

178 3287 253 3335 rorat.
290 3278 433 3352 Significat
463 3291 555 3338 autem
577 3283 651 3354 quod
676 3284 798 3340 haeretici
819 3283 967 3341 Ecclesiam
1019 3281 1190 3357 reticispisa
1214 3289 1257 3339 est
1274 3281 1474 3347 decertatum
1490 3278 1518 3335 in
1536 3277 1674 3336 catenum
1687 3290 1813 3338 mensam

177 3372 309 3442 templum
326 3370 374 3427 bet
394 3373 447 3428 riri
467 3372 692 3444 profanaverunt,
714 3374 830 3430 multum
855 3377 968 3448 sangui·
1020 3376 1292 3448 spiritnsmartyrum
1304 3368 1813 3442 tanquamdehortollominicomulta

178 3476 242 3518 nem
255 3462 455 3519 catholicorum
470 3449 635 3521 effude‘rnnt.
650 3463 742 3521 Prima
757 3475 886 3537 pareest:
899 3467 968 3522 heus
1018 3478 1046 3524 et
1059 3465 1223 3524 suavissima
1240 3478 1339 3535 pompa
1361 3461 1540 3524 transierunt.
1555 3459 1705 3516 Potuerunt
1715 3462 1814 3517 morti-

178 3561 313 3622 renerunt,
334 3553 362 3609 in
383 3570 439 3626 qua
462 3553 592 3613 Ecclesiae
617 3570 747 3611 aerumnae
768 3567 966 3613 memorantur.
1019 3561 1090 3628 cirta,
1102 3558 1130 3613 id
1144 3557 1333 3615 estcadarera
1346 3571 1480 3612 remorum
1495 3561 1600 3610 tuorum
1619 3570 1693 3610 meas
1711 3552 1813 3610 rotati-

178 3643 304 3702 Secunda
320 3664 327 3700 :
347 3642 499 3718 Uenusque,
514 3645 671 3713 hominem
682 3662 737 3717 qua
752 3648 845 3704 divina
866 3649 968 3706 auxilia
1019 3652 1089 3708 titus
1103 3650 1172 3719 coeti,
1183 3665 1275 3706 carrus
1286 3656 1440 3703 annuarum
1453 3656 1558 3703 tuorum
1570 3654 1814 3718 powmantesass

177 3742 274 3792 contra
288 3736 465 3793 mrersarios
479 3735 572 3792 lideles
586 3746 746 3808 precantur.
769 3736 881 3796 Tertia:
895 3739 968 3797 little
1019 3743 1110 3799 bestiis
1123 3751 1211 3798 terra.
1228 3740 1257 3797 st
1268 3748 1376 3796 tantum
1389 3737 1492 3795 diceret
1502 3736 1656 3793 notantibus
1668 3747 1696 3794 et
1706 3736 1811 3803 iestis,

177 3829 327 3900 sanauinis,
342 3827 370 3883 iu
386 3843 440 3899 qua
455 3828 603 3885 vindictata
616 3829 663 3885 liei
676 3829 768 3901 impiis
782 3831 849 3902 justi
865 3832 968 3903 impre·
1019 3834 1173 3901 sufficerem
1188 3833 1237 3890 sed
1251 3831 1311 3888 cuti
1324 3837 1351 3888 et
1364 3839 1443 3885 temoe
1459 3827 1563 3886 addidit
1576 3829 1612 3886 ad
1625 3826 1810 3887 denotandam

177 3927 286 3974 cantur.
302 3919 403 3991 troph,
418 3919 445 3975 id
463 3929 506 3976 cst
527 3919 615 3978 idelis
636 3921 765 3993 pupulus,
779 3926 831 3979 soh
850 3940 967 3996 persona
1019 3925 1209 3983 intentionem.
1238 3922 1308 3981 Cum
1331 3922 1405 3979 enim
1432 3906 1545 3992 spiritus
1565 3930 1717 3994 mamyrum
1736 3919 1812 3977 reiut

178 4009 336 4067 llatbathiae
351 4012 397 4069 hic
408 4010 540 4083 loquitur.
1019 4029 1100 4088 poma
1120 4017 1155 4073 ad
1171 4016 1321 4089 agricolam
1345 4028 1427 4074 suum
1450 4011 1635 4083 transiissent,
1646 4025 1674 4070 et
1687 4012 1813 4071 iuhdetes

213 4099 296 4170 Deus,
312 4113 437 4157 sentement
458 4114 545 4175 pentes
564 4107 591 4160 in
605 4106 786 4162 hereditatem
802 4117 886 4162 tuom.
911 4106 968 4163 lloc
1018 4113 1142 4185 qnotidie
1158 4112 1309 4169 audirenta
1323 4111 1448 4167 tidelihus
1460 4108 1584 4180 promitti
1599 4106 1813 4180 redintegratis·

178 4192 231 4249 suh
246 4191 407 4251 ltacbabaeis
423 4196 548 4268 contigit,
564 4198 675 4270 quando
689 4198 842 4255 Antiochus
861 4207 889 4255 ct
908 4199 968 4256 aliae
1018 4221 1081 4261 nem
1098 4217 1243 4274 corporum
1259 4217 1385 4267 suorum,
1407 4209 1568 4273 sparserunt
1579 4199 1731 4258 frustratim
1747 4199 1812 4254 itto-

179 4296 265 4357 pentes
289 4287 317 4343 in
344 4286 468 4344 iudaeam
492 4289 673 4347 hereditatem
698 4290 746 4349 [lei
769 4300 919 4361 venerunt,
941 4301 968 4350 ct
983 4284 1006 4340 1>
1021 4311 1082 4352 rum
1097 4294 1219 4349 membra
1234 4309 1284 4364 per
1303 4307 1368 4348 acra
1381 4301 1409 4350 et
1421 4308 1470 4364 per
1486 4302 1598 4360 terram,
1614 4299 1644 4347 ut
1664 4290 1743 4362 quasi
1760 4304 1812 4360 per

180 4378 304 4448 templum
318 4378 626 4453 persuasumque
648 4381 751 4438 idolum
770 4383 798 4439 in
813 4398 846 4440 co
869 4398 969 4454 posue·
1020 4387 1074 4442 boc
1094 4386 1269 4440 ostenderent
1287 4399 1341 4440 non
1361 4398 1443 4455 posse
1466 4399 1537 4450 esse,
1563 4383 1637 4455 qnod
1659 4381 1811 4439 Christiani

178 4479 254 4538 runt,
278 4480 306 4528 et
324 4471 468 4529 demoniis
490 4473 529 4529 ibi
554 4475 787 4530 sacrificaverunt.
817 4473 968 4532 Potuerunt
1020 4473 1189 4539 asserebant,
1211 4487 1274 4529 cum
1300 4488 1332 4530 ea
1347 4473 1381 4529 ab
1399 4473 1496 4532 aribus
1516 4483 1545 4531 ct
1561 4473 1657 4531 hestiis
1679 4473 1811 4530 daronis

178 4562 327 4620 Jerusalem
339 4567 367 4620 in
381 4582 520 4636 pomorum
534 4567 694 4634 custodiam,
712 4567 766 4622 hoc
782 4576 824 4623 εει
838 4567 910 4623 sicut
925 4578 969 4624 tu·
1018 4573 1168 4623 constaret.
1178 4562 1364 4632 Quorumdam
1373 4565 1505 4621 cadavera
1516 4565 1572 4638 igni
1586 4565 1810 4627 combusserunt,

179 4656 287 4727 gurinm
302 4658 425 4714 custodis
438 4674 576 4729 poenorum
587 4666 712 4714 remanet
729 4659 867 4714 desertum
883 4660 967 4716 colle·
1018 4657 1181 4714 etcinerem
1197 4655 1224 4711 in
1242 4671 1342 4727 aquam
1359 4664 1530 4727 sparserunt,
1543 4657 1623 4728 quasi
1635 4656 1698 4712 inde
1712 4668 1811 4711 resur-

179 4747 341 4817 ctispcmis,
359 4745 555 4806 itaJerusatem
568 4749 705 4806 desertam
721 4747 846 4806 lecerunt
859 4749 968 4806 habita·
1019 4763 1083 4821 pere
1106 4762 1159 4803 nou
1181 4755 1303 4818 possent.
1336 4746 1496 4818 Effuderunt
1514 4748 1670 4819 sanquinem
1691 4747 1811 4817 ipsorum

179 4838 285 4892 toribus
295 4839 403 4894 occisis.
1020 4850 1147 4913 tanquam
1160 4853 1257 4912 apuam
1270 4841 1298 4894 in
1313 4840 1428 4895 circuitu
1441 4835 1603 4908 Jerusalem,
1617 4838 1643 4894 id
1656 4838 1735 4895 estin
1749 4845 1811 4892 toto

214 4927 297 4985 ires.
321 4930 349 4984 2.
370 4927 520 4987 Potuerunt
546 4933 686 4988 morticina
708 4949 842 4988 remanum
863 4941 968 4989 tatarum
1019 4934 1153 4990 orbatam
1169 4934 1258 4989 viliter
1271 4948 1354 5005 quam
1369 4946 1441 5001 aqua
1454 4930 1612 4989 effunditur.
1631 4930 1666 4986 Et
1684 4947 1736 4985 non
1750 4938 1812 4985 erat

178 5020 413 5078 esearcototiliius
425 5022 593 5092 ereticorum
605 5025 968 5081 sanatorumtucrumbestiis
1019 5025 1065 5097 qui
1084 5023 1222 5094 repetiret‚·
1239 5023 1285 5079 vel
1309 5032 1421 5094 propter
1442 5024 1569 5080 umorem
1590 5029 1810 5093 persecutorum,

179 5124 267 5182 terroe,
282 5114 335 5172 hcc
347 5127 389 5172 est
403 5114 510 5172 occisos
523 5114 631 5186 sepeliri
647 5131 701 5171 non
713 5117 908 5187 permiserunt,
920 5115 967 5173 sed
1018 5116 1062 5171 uel
1074 5122 1115 5170 tot
1128 5114 1237 5170 luerunt
1249 5114 1344 5182 occisi,
1353 5115 1427 5188 quod
1440 5114 1493 5171 riri
1507 5128 1562 5171 nott
1581 5112 1811 5170 suunsbaateos

177 5205 316 5262 aribuset
330 5206 421 5263 bestiis
435 5205 608 5263 devorandos
619 5206 802 5278 projecerunt.
1019 5206 1144 5277 sepelire.
1160 5203 1190 5260 ln
1206 5206 1299 5282 multis
1311 5206 1385 5262 enim
1406 5205 1476 5262 locis
1495 5206 1626 5263 cadavera
1649 5213 1811 5261 sanctorum

216 5293 298 5353 Vens.
314 5297 340 5352 3.
361 5295 524 5368 Effuderunt
536 5300 692 5370 sanquinem
706 5298 826 5382 ipsoram
842 5309 968 5373 mapsam
1019 5298 1068 5355 diu
1080 5296 1215 5367 insepulta
1225 5297 1382 5369 mouerunt,
1393 5297 1481 5354 donec
1494 5296 1657 5367 arelipiosis
1671 5294 1811 5366 quodem

177 5400 276 5458 aquam
289 5387 317 5441 in
335 5388 450 5443 circuitu
467 5385 628 5444 Jerusalem.
648 5385 736 5445 Sicuti
747 5403 798 5459 pro
816 5377 904 5444 nihilo
917 5388 968 5444 du·
1019 5387 1102 5443 mado
1115 5385 1205 5443 lerata
1228 5386 1419 5458 sepelirentur.
1440 5385 1570 5459 ltajorem
1589 5386 1810 5459 μειεειιιιιὶοειειιι

177 5476 261 5544 citur,
271 5479 345 5548 quod
356 5494 427 5551 aqna
441 5473 605 5545 effunditur,
614 5480 650 5533 ita
664 5493 715 5550 pro
725 5478 811 5535 nihilo
821 5478 967 5543 habebant,
1019 5493 1102 5550 passa
1115 5487 1158 5535 est
1177 5476 1299 5537 Ecclesia
1313 5479 1349 5534 ab
1361 5477 1497 5536 haereucis
1507 5494 1590 5550 quarn
1604 5494 1621 5536 a
1637 5478 1751 5551 mannis
1766 5476 1810 5531 rel

178 5567 252 5633 quod
266 5571 419 5639 sanquinem
429 5571 539 5628 illorum
550 5571 742 5655 effundebant5
756 5570 828 5627 sicut
838 5569 968 5628 Eleazaro
1017 5568 1126 5642 juonis.
1142 5568 1234 5626 llultis
1256 5569 1366 5638 occisis,
1391 5571 1552 5640 superstites
1571 5572 1710 5627 clamant:
1728 5565 1810 5622 Facti
