3892 6067
156 271 192 328 ib
403 262 496 324 PARS
516 263 560 322 lt.
579 262 680 358 Pshh.
698 266 792 335 bitti,
812 266 878 328 sto
899 265 965 324 htlt
986 261 1399 326 mutatoriorum.
1420 269 1546 328 statu.
1751 272 1786 333 ib

154 383 211 440 bne
222 381 257 437 de
274 394 362 437 manu
382 380 551 451 paupertatis
564 389 676 448 nostrae,
698 382 746 453 gui
769 397 838 437 auro
858 390 886 438 et
900 396 947 436 ar·
959 389 984 447 Α
996 381 1105 439 homitd
1118 382 1239 440 dicitur:
1253 402 1263 437 ι
1281 382 1341 440 Non
1354 384 1499 456 apparebis
1513 384 1541 440 in
1566 392 1716 455 conspeetu
1731 382 1787 442 Do-

153 479 238 544 gento
261 469 377 526 minime
398 469 581 536 abundamus,
606 485 642 526 ne
655 471 769 528 omnino
781 472 855 527 iliius
876 486 947 542 prar-
998 472 1125 532 malou·
1139 475 1179 534 tui
1192 474 1406 547 reconsiliari.
1420 491 1513 542 arura,
1526 474 1583 547 20).
1598 487 1607 528 t

152 562 227 636 cepti
251 571 470 633 transgressores
497 562 682 631 inveniamur,
705 563 740 618 dc
757 577 813 633 qno
836 561 864 618 in
886 561 947 633 lega

155 729 274 752 β

744 914 1008 1009 psallitis
1043 917 1211 1008 lxlv.

188 1281 346 1338 hi'edeeet
360 1283 483 1354 ιςιιιιιιιι,
495 1280 577 1349 hasa,
590 1280 619 1335 ia
634 1277 710 1350 Sion,
725 1278 810 1336 ettibi
825 1277 949 1336 reddetur
1003 1287 1094 1336 umen
1115 1295 1172 1353 pra
1192 1279 1298 1338 ceteris
1310 1281 1441 1353 apostolis
1455 1283 1642 1354 apostolorum
1662 1281 1789 1356 principi,

151 1383 244 1428 ωιιιιιι
256 1371 453 1429 triennalem.
465 1370 577 1429 Psalmo
591 1370 645 1428 ista
655 1369 796 1441 tamisiam
809 1369 948 1441 recapitu·
1001 1378 1131 1442 unquam
1145 1370 1331 1442 principaliter
1342 1385 1406 1427 cum
1427 1367 1545 1427 ieremia
1562 1387 1646 1444 super
1656 1383 1750 1445 gentes
1763 1381 1791 1429 et

151 1464 259 1522 latione
270 1464 419 1522 raditurad
429 1443 570 1534 summum
586 1462 656 1533 spei,
669 1461 747 1520 idest
759 1462 793 1519 ad
804 1463 885 1519 linem
896 1477 948 1519 sre-
1000 1475 1084 1531 super
1102 1475 1185 1531 regna
1200 1459 1359 1526 constituto,
1379 1458 1442 1515 data
1456 1471 1498 1516 est
1518 1459 1666 1517 auctoritas
1688 1460 1791 1517 condr-

152 1555 222 1621 culi,
232 1555 346 1628 gundo
367 1570 465 1612 sumus
477 1554 505 1611 in
518 1554 634 1624 patriam
649 1552 788 1611 coelestem
799 1555 948 1626 resumptis
1000 1552 1093 1608 mandi
1118 1550 1228 1619 iratres,
1250 1560 1278 1608 et
1292 1550 1449 1608 destruendi
1467 1560 1562 1623 portas
1585 1552 1676 1622 inieri,
1690 1562 1719 1609 ιιι
1733 1545 1791 1610 elc-

150 1643 945 1718 corporihusproiecturi.lnscribiturautcmsiczlnpners.
999 1651 1098 1698 rentur
1115 1651 1202 1715 portae
1220 1642 1377 1710 eternales3
1400 1652 1484 1714 portae
1505 1641 1588 1711 Sion,
1610 1659 1680 1715 quas
1702 1645 1792 1717 diligit

150 1735 283 1793 Peeiaena
292 1735 391 1794 dimid.
404 1714 544 1791 Canticum
555 1734 680 1791 dernnita
694 1743 720 1790 ct
730 1733 822 1806 dggoei
831 1734 949 1791 denerbe
963 1708 985 1765 B
999 1732 1132 1790 Dominus
1151 1731 1338 1804 superomnia
1357 1732 1534 1789 tabernacula
1551 1732 1635 1791 lamb
1649 1753 1657 1789 a
1672 1751 1791 1806 quarum

150 1827 506 1900 mariamnensis
524 1826 685 1899 incipiebant
701 1826 846 1897 proficisci.
860 1823 950 1884 Etcst
997 1824 1032 1881 ad
1053 1822 1196 1888 introitum
1215 1838 1279 1880 cum
1303 1821 1420 1879 ieremia
1442 1831 1470 1880 et
1494 1824 1594 1897 dggaeo
1631 1826 1791 1883 anhelantes

151 1933 256 1976 mus
280 1935 288 1973 a
316 1916 368 1975 llic
381 1918 505 1990 psalmus
514 1925 557 1974 est
570 1916 655 1974 Dauid
670 1917 809 1989 propbeta
823 1916 949 1975 condile-
997 1916 1121 1989 ejusdem
1132 1915 1197 1971 Sion
1213 1915 1348 1987 peregrini
1365 1915 1554 1985 emendicant
1568 1915 1679 1974 assidue
1690 1918 1747 1974 oris
1763 1926 1792 1973 et

152 2009 284 2086 nuileio
296 2010 391 2079 fluam,
404 2010 431 2066 td
453 2019 497 2065 est
511 2007 675 2065 inuliimam
688 2016 807 2066 aetatem.
821 2007 949 2065 Psalmut
997 2008 1235 2066 mrdiselanore:
1252 2005 1603 2078 redecimationem,
1624 2010 1652 2063 in
1669 2009 1750 2074 Sion:
1765 2017 1792 2063 et

153 2100 229 2169 duo,
241 2110 285 2158 est
302 2100 457 2168 ramicum,
469 2099 496 2155 id
508 2098 719 2171 estjuconditas
729 2110 757 2155 ct
769 2098 862 2156 letitia
872 2094 949 2154 lere·
998 2099 1272 2156 cibireddetsroomna
1283 2099 1312 2152 in
1321 2097 1482 2165 lerseuiern,
1494 2099 1667 2168 subauditur,
1674 2100 1790 2157 coelesti.

153 2192 258 2247 miaeet
272 2192 376 2264 dggaei,
385 2199 414 2248 et
429 2190 554 2246 omnium
567 2189 700 2246 ildeiium.
717 2186 851 2245 ieremias
860 2187 948 2246 inter·
997 2185 1043 2255 Et,
1057 2203 1092 2243 ne
1102 2187 1165 2258 quis
1174 2186 1284 2243 illorum
1299 2186 1355 2243 illie
1365 2185 1446 2258 desit,
1458 2195 1539 2243 orant
1549 2189 1577 2245 in
1593 2198 1667 2246 metu
1681 2196 1710 2245 ct
1723 2206 1789 2262 spe:

153 2290 281 2354 petatur
301 2283 419 2339 accim
437 2281 567 2347 dominia
593 2281 731 2354 sggaens,
757 2280 882 2337 aokmne'a
904 2280 949 2339 rel
998 2278 1106 2336 &uadi
1131 2297 1189 2347 nor,
1213 2279 1297 2349 bene,
1319 2281 1450 2337 arietaria
1469 2290 1568 2351 norm,
1589 2299 1648 2354 sper
1673 2284 1791 2339 cranium

153 2371 290 2429 midinis
304 2371 338 2428 lii
358 2373 469 2445 utrique
486 2371 671 2443 praedixerant
693 2369 813 2428 laturam
828 2371 949 2443 peregri·
997 2371 1094 2441 finiere
1108 2380 1196 2439 tmoe,
1209 2380 1235 2427 et
1247 2372 1275 2427 in
1293 2371 1506 2446 manturanen
1523 2383 1632 2431 cetera.

153 2463 300 2520 sadonem
309 2462 416 2520 iudaici
426 2465 532 2535 populi,
542 2472 571 2519 et
580 2463 765 2519 reversionem
779 2463 806 2518 in
819 2463 946 2534 patriam.
1032 2460 1077 2518 lll.
1096 2460 1166 2519 Nota
1189 2472 1234 2520 est
1255 2463 1371 2521 historia
1386 2464 1460 2537 guod
1484 2462 1620 2523 ieremias
1644 2465 1790 2538 eaptivita-

154 2551 187 2608 ln
198 2568 255 2626 qua
268 2554 351 2609 etiarn
366 2552 524 2610 reversione
540 2553 656 2625 Aggasus
681 2551 816 2610 interfuit
834 2551 949 2624 litriquc
995 2561 1053 2609 tem
1065 2551 1224 2610 ludaeomm
1244 2554 1273 2610 in
1294 2552 1472 2629 Babyloniam
1486 2564 1513 2612 et
1530 2555 1656 2628 praedixit
1669 2565 1698 2612 ct
1711 2555 1790 2613 sidit.

155 2658 224 2701 uero
251 2643 443 2701 incedererunt
466 2643 713 2722 peregrinationem
736 2642 858 2726 ddelium
886 2658 949 2715 quae
997 2642 1265 2716 Prophetaritetiam
1281 2655 1403 2718 eospust
1416 2648 1590 2719 septuaginta
1608 2662 1699 2705 annos
1717 2647 1793 2705 radi·

154 2735 188 2791 dt
209 2735 239 2790 in
259 2735 312 2791 hac
332 2736 399 2803 rita,
422 2743 451 2790 et
464 2734 592 2799 reditum
608 2734 657 2805 qui
673 2734 783 2791 tandem
809 2735 873 2801 erit,
899 2750 948 2806 per
997 2744 1086 2793 turos.
1100 2735 1130 2792 ln
1146 2737 1191 2793 illa
1215 2752 1280 2794 uero
1293 2738 1450 2810 captivitate
1470 2738 1583 2795 luerunt
1598 2739 1626 2796 in
1640 2737 1791 2814 Rabylonis

153 2824 236 2904 ¹illam
253 2826 403 2898 designari.
418 2824 471 2883 Per
494 2826 547 2883 hos
570 2835 661 2884 autem
677 2825 747 2884 duos
769 2827 949 2899 designantur
997 2826 1147 2895 prophetae,
1158 2826 1229 2882 inter
1241 2826 1515 2898 suaseratErecbicl
1525 2837 1553 2884 et
1565 2828 1692 2900 Aggasus.
1707 2830 1792 2885 Crom-

156 2932 255 2974 omnes
267 2916 375 2984 iideles;
392 2916 522 2987 quoniam
545 2917 595 2985 illi,
611 2917 685 2974 sicut
696 2916 748 2973 suh
770 2916 845 2972 illius
870 2931 948 2987 pere-
998 2913 1079 2983 pletis
1100 2921 1192 2968 autem
1215 2912 1387 2985 septuaginta
1409 2913 1501 2979 annis,
1520 2916 1694 2984 permittente
1719 2916 1791 2989 (lyro

155 3007 322 3081 grinationis
354 3007 442 3080 ligura
466 3007 520 3064 hoc
552 3007 678 3065 exsilium
713 3006 836 3080 spiritale
859 3005 948 3077 magis
960 3054 983 3114 c
999 2998 1228 3071 regePersarum,
1241 3000 1357 3070 regressi
1379 3009 1445 3057 sunt
1463 2997 1672 3074 lerosolymam,
1690 3015 1718 3062 et
1733 3005 1791 3076 Ag·

155 3098 344 3171 plangebant,
359 3097 400 3154 sic
422 3107 451 3154 et
470 3098 498 3153 in
521 3096 596 3155 iliius
611 3097 777 3155 reversionis
792 3098 895 3166 laehtia,
912 3098 948 3155 dc
999 3106 1074 3163 ssaettt
1093 3106 1158 3148 111111
1181 3091 1290 3159 1111111
1307 3090 1465 3149 111111111111
1488 3103 1532 3149 111
1552 3094 1694 3164 implum·
1716 3094 1791 3163 Quo·

155 3189 278 3261 spiritali
298 3189 391 3260 potins
406 3189 568 3246 duratione
583 3188 748 3262 gaudebam
762 3185 796 3245 Er
815 3187 948 3246 ieremias
998 3180 1072 3237 niam
1087 3190 1179 3238 autem
1193 3181 1253 3238 haec
1275 3179 1303 3237 in
1327 3180 1414 3254 ligura
1434 3182 1631 3253 contingebant
1649 3183 1716 3255 illis,
1745 3184 1790 3240 in·

154 3277 270 3349 geislere
292 3279 354 3350 plus
376 3278 483 3335 ceteris
505 3278 672 3335 lamentatus
693 3287 721 3334 et
744 3276 871 3345 sillictus,
892 3291 948 3333 non
998 3272 1175 3345 telligendum
1195 3281 1239 3329 est
1259 3272 1329 3329 duas
1352 3287 1415 3329 esse
1439 3272 1565 3331 civitates
1587 3273 1789 3346 spiritualiter:

155 3371 305 3427 dubitatur·
314 3371 377 3442 plus
400 3370 508 3426 ceteris
521 3383 632 3442 guoque
653 3368 817 3437 laeddcatus,
836 3376 865 3424 et
885 3383 949 3425 rere
998 3378 1082 3420 unam
1110 3363 1246 3420 malorum
1269 3377 1332 3435 gne
1348 3362 1433 3435 clepit
1454 3378 1471 3419 a
1490 3362 1570 3431 Cain,
1592 3364 1705 3421 alteram
1729 3380 1792 3437 qua

156 3461 236 3532 iusta
247 3476 347 3517 nomen
358 3476 438 3517 suurn
453 3459 481 3516 in
495 3474 581 3532 regno
594 3462 726 3517 culorum
745 3459 889 3532 insigniter
898 3476 948 3515 er·
999 3456 1082 3527 coepit
1093 3456 1128 3512 ah
1141 3455 1218 3513 Abel.
1231 3453 1307 3511 lilius
1321 3454 1467 3527 cupiditas,
1482 3455 1567 3526 hujus
1585 3455 1706 3513 charitas
1716 3457 1790 3514 eires

156 3553 263 3622 ochus,
278 3567 331 3623 pro¹
346 3567 380 3608 eo
401 3552 477 3624 guod
499 3567 584 3624 super
603 3559 698 3625 gentes
716 3559 744 3607 et
763 3564 847 3623 snper
866 3566 949 3623 regna
999 3546 1075 3603 iacit.
1086 3546 1180 3602 Ambe
1190 3546 1328 3617 permiste
1341 3554 1542 3617 sunteorporc,
1560 3561 1615 3601 nnn
1637 3545 1790 3615 desiderio;

157 3644 327 3699 consumtus
346 3653 376 3700 ιιι
386 3643 525 3709 redderet,
540 3643 704 3707 destrueret,
729 3641 910 3713 disperderet,
921 3652 950 3698 et
999 3637 1076 3710 guia,
1090 3635 1212 3708 quandiu
1236 3635 1264 3691 in
1280 3648 1396 3706 corpore
1411 3651 1520 3705 snmus,
1539 3636 1597 3693 haec
1607 3644 1638 3692 ut
1652 3635 1698 3692 illa
1712 3652 1792 3708 pere-

159 3733 319 3806 dissiparet,
331 3734 533 3807 aedidearetque
545 3750 578 3791 ac
590 3734 737 3806 plantaret,
756 3733 843 3789 multa
856 3733 885 3789 in
896 3733 951 3790 hoc
999 3732 1125 3804 grinatur
1147 3745 1163 3786 a
1186 3728 1313 3786 hominm
1334 3726 1424 3801 liujus
1450 3738 1542 3786 autem
1560 3728 1791 3801 peregrinationis

159 3822 250 3880 obicio
270 3824 411 3880 contraria
433 3838 544 3896 passos,
569 3833 598 3881 et
619 3823 698 3881 ualde
721 3823 893 3892 humiliatus,
917 3837 951 3881 ac
1001 3838 1085 3879 eausa
1105 3821 1159 3879 luit
1176 3822 1291 3878 uerbum
1308 3820 1383 3893 guod
1395 3819 1493 3892 primis
1509 3821 1669 3892 parentibus
1685 3818 1790 3876 laetum

158 3916 285 3989 paesium
306 3914 409 3971 Christi
434 3929 563 3986 expresse
591 3914 792 3985 complantatus
818 3922 871 3971 cst.
896 3911 951 3971 Sed
1000 3912 1287 3983 est,reritissicutdii
1299 3911 1377 3984 (lien.
1389 3913 1443 3984 ιιι).
1457 3911 1557 3980 »Quod
1571 3926 1627 3970 nou
1641 3911 1792 3984 incongrue

158 4017 253 4063 umen
265 4021 314 4077 per
326 4005 418 4079 ipsum
428 4002 586 4074 ieremiam,
599 4005 663 4061 licet
676 4004 854 4077 precipuum,
866 4004 951 4075 signi·
999 4006 1100 4063 dicitur
1111 4006 1225 4063 uerbum
1238 4004 1475 4077 peregrinationis,
1487 4004 1552 4076 guia
1568 4019 1654 4062 causa
1667 4011 1711 4061 est
1730 4004 1793 4060 uni·

159 4099 280 4156 beantnr
297 4097 390 4154 minos
405 4095 556 4168 periectiet
566 4093 733 4161 mediocres;
750 4108 799 4165 per
810 4092 950 4164 dggaeum,
1000 4095 1116 4152 uersahs
1134 4094 1375 4167 peregrinationis,
1388 4094 1417 4150 in
1440 4109 1495 4166 gua
1509 4094 1611 4166 captiti
1625 4092 1790 4150 detinemur.

159 4191 210 4262 gui
225 4190 254 4245 in
270 4189 361 4246 reditu
377 4186 473 4256 adluit,
484 4183 608 4259 perlecti,
626 4184 674 4257 qui
686 4196 741 4240 non
753 4182 842 4240 solum
854 4197 884 4238 se
903 4195 952 4253 pe-
1000 4174 1098 4255 lneipit
1120 4192 1212 4238 tamen
1231 4184 1266 4239 ad
1281 4184 1399 4253 patriam
1413 4183 1490 4239 exire
1511 4184 1559 4254 qui
1578 4181 1675 4252 incipit
1686 4196 1790 4245 amare,

160 4280 298 4354 regrinari
318 4289 482 4352 agnoscunt,
505 4277 641 4349 sedjnuta
655 4275 816 4347 Apostolum
837 4288 952 4332 eonver-
1001 4284 1033 4332 ut
1054 4273 1166 4331 tandem
1190 4273 1300 4344 penitus
1319 4272 1484 4328 constitutus
1506 4272 1536 4327 in
1555 4270 1696 4327 dexteram
1713 4287 1792 4343 sepa·

160 4375 234 4431 aat'o
247 4372 409 4442 ecmmjam
421 4372 450 4427 in
462 4369 540 4426 eutis
552 4376 604 4436 est,
616 4367 663 4423 uhi
681 4368 832 4424 seeundum
848 4379 949 4422 nomeu
965 4390 989 4446 Ι)
1001 4373 1086 4422 retur.

159 4464 256 4537 bggaei
283 4463 474 4529 solemnizant,
495 4470 524 4517 et
545 4458 644 4533 gaudia
662 4458 782 4515 eeulcstis
803 4456 898 4530 patrie
923 4455 950 4512 itt
1038 4456 1084 4514 li.
1095 4456 1152 4514 Nec
1162 4466 1243 4515 uacat
1252 4455 1326 4529 quod
1337 4464 1399 4529 post
1412 4454 1584 4528 septuaginta
1593 4470 1683 4513 annos
1694 4454 1728 4511 de
1740 4469 1792 4527 pc«

160 4566 236 4614 terra
250 4551 547 4627 peregrinationisjam
564 4555 741 4621 praegustant.
1002 4549 1188 4622 regrinationc
1201 4548 1326 4606 redeunt.
1348 4544 1399 4630 llic
1424 4546 1498 4602 eninr
1528 4561 1661 4603 numerus
1678 4554 1791 4621 tempos

196 4645 231 4703 ll.
252 4646 300 4703 Sic
319 4656 347 4703 et
367 4646 396 4702 in
409 4642 568 4716 Evangelio,
586 4641 693 4698 dicente
712 4638 831 4695 Domino
850 4635 886 4693 ad
904 4634 954 4694 Pe·
1003 4637 1434 4710 ritedesignatpraesentls,guo
1454 4634 1575 4692 maxima
1602 4644 1666 4693 ante
1690 4637 1793 4693 adren-

162 4748 237 4796 unm
251 4737 335 4796 ιιΤιι
346 4753 391 4795 me
403 4750 518 4810 sequere
529 4732 620 4806 (donn.
635 4748 692 4800 ur,
701 4730 747 4802 lo)
759 4747 768 4798 ;
780 4748 790 4782 ι
803 4729 838 4787 de
848 4728 954 4786 ioannc
1003 4739 1062 4787 tum
1075 4729 1219 4787 tenebatur
1229 4727 1347 4800 populus
1366 4726 1393 4782 in
1406 4724 1570 4784 coaiuslone
1586 4726 1676 4784 :unde
1685 4726 1791 4800 regredi

164 4845 231 4888 aero
245 4847 253 4887 a
271 4849 281 4884 t
293 4831 416 4888 Siccam
430 4828 491 4885 snio
504 4840 616 4884 manere
625 4823 714 4898 (ibid,
727 4821 786 4894 22),
799 4840 809 4874 ι
824 4835 873 4893 per
888 4834 955 4892 apo·
1003 4821 1087 4893 coepit
1099 4827 1148 4892 per
1165 4816 1316 4885 Christum,
1330 4816 1378 4889 goi
1392 4824 1475 4875 natus
1493 4818 1577 4885 estin
1590 4818 1789 4891 septuagesima

164 4922 299 4979 stolorum
321 4920 476 4995 principem
499 4917 672 4990 signidcstur
695 4914 752 4969 rita
776 4910 954 4968 mediocrium
1003 4912 1120 4985 septima
1134 4906 1467 4985 generatiouc.llocergo
1480 4911 1621 4968 canticum
1638 4912 1673 4967 de
1698 4923 1792 4966 mer·
1840 4935 1844 4940 -

161 5015 193 5073 in
203 5015 311 5072 actione
324 5014 397 5072 bona
421 5013 491 5069 bene
504 5008 686 5067 laborantium
699 5024 708 5076 ;
722 5014 751 5063 et
761 5018 810 5076 per
821 5001 953 5059 ioannem
1004 5004 1093 5070 sione,
1107 5001 1262 5059 consolatio
1271 5010 1316 5059 cst
1329 5000 1358 5057 in
1381 5001 1489 5071 exsilio,
1514 5017 1550 5060 ne
1568 5003 1633 5075 guia
1654 5002 1789 5073 desperet,

162 5106 219 5161 alta
242 5103 438 5176 perlectorum,
460 5109 590 5171 tanguam
613 5110 697 5167 snper
720 5101 817 5167 pectus
839 5088 954 5148 lesuin
1002 5102 1108 5152 eertum
1120 5091 1232 5150 audieus
1248 5091 1411 5159 rediturum
1422 5106 1573 5163 perquem,
1581 5098 1610 5148 et
1619 5106 1680 5163 que
1690 5089 1792 5147 diritius

163 5197 405 5268 matemphtionia
421 5194 517 5266 regule
528 5189 714 5264 pausantium,
728 5183 956 5255 dulcedinemque
1004 5185 1061 5243 sint
1072 5182 1202 5240 reversis.
1215 5180 1309 5239 Prinm
1328 5190 1420 5239 anum
1429 5179 1567 5254 Propheta
1579 5179 1695 5239 affirmat
1715 5178 1790 5236 redi·

164 5289 229 5345 rita
238 5285 473 5360 perenniaiuhac
491 5279 708 5357 peregrinatiem
719 5272 954 5349 praegustantium,
1004 5286 1064 5335 tum
1076 5284 1105 5333 et
1113 5283 1242 5348 precatur
1255 5291 1265 5343 3
1278 5273 1400 5331 secundo
1411 5273 1508 5330 laudes
1518 5271 1567 5329 liei
1580 5270 1713 5329 describit
1725 5270 1787 5326 ibi:
1840 5311 1845 5320 ,

162 5396 230 5436 eum
244 5389 392 5450 utrumque
405 5379 534 5444 hierom,
549 5372 661 5431 Petrum
672 5367 809 5426 uidelicet
827 5374 856 5423 et
873 5363 958 5423 Joau·
1005 5368 1070 5442 Sper
1087 5368 1205 5424 omnium
1221 5367 1316 5437 tiniam
1333 5377 1428 5432 terre,
1447 5372 1474 5421 et
1493 5364 1523 5421 in
1538 5363 1608 5418 inuri
1624 5361 1700 5435 iunge

163 5485 241 5538 num,
257 5478 366 5527 mnstet
381 5468 542 5541 inutraque
553 5465 609 5522 rita
623 5462 709 5520 luisse
724 5466 953 5515 consummatum.
1041 5458 1076 5515 l.
1094 5458 1134 5516 lie
1159 5458 1212 5516 hac
1237 5473 1303 5529 ergo
1332 5455 1490 5514 emersione
1510 5469 1576 5513 rose
1595 5453 1791 5512 revertentium

164 5561 201 5618 Et
222 5561 336 5634 quidem
356 5561 435 5619 vaide
448 5557 627 5617 honorandus
647 5562 689 5612 cst
706 5550 803 5607 heatus
823 5544 955 5617 loannes,
1005 5550 1141 5623 Propheta
1153 5557 1245 5606 cunta
1257 5547 1354 5605 etait:
1371 5545 1407 5603 Ta
1421 5546 1494 5603 decet
1506 5546 1630 5619 bgmnar,
1651 5546 1734 5614 hess,
1761 5548 1790 5601 ln

164 5654 215 5727 gui
239 5667 324 5727 supra
347 5661 443 5727 pectus
464 5649 573 5708 homini
595 5647 624 5705 in
646 5658 725 5704 eoena
750 5635 885 5696 emonis
901 5634 956 5696 Sed
1010 5639 1304 5715 sermomonem
1321 5638 1401 5714 culus
1417 5637 1493 5713 justo
1513 5638 1617 5715 iudicio
1641 5651 1737 5700 sumna
1760 5638 1790 5696 iu
