3892 6067
97 1 178 62 tons
586 2 750 60 ursronn
773 1 1001 60 t‘tastucsss
1015 1 1044 61 s.
1064 4 1184 63 --ιιιι
1208 5 1253 61 ιι.
1674 17 1749 78 ,ιω

97 123 163 180 tius
175 121 269 195 populi
284 128 482 193 prosequente,
496 121 676 194 egrediuntur
689 120 791 181 iratres
804 122 840 180 ab
854 138 900 180 ec-
912 133 939 192 Α
991 122 1122 195 Sequenti
1149 125 1194 182 die
1220 129 1431 198 properantibus
1450 125 1673 208 liltissluduium,
1697 154 1743 198 oe-
1774 152 1782 164 ·

95 215 190 272 clesia
200 229 317 271 rrnrnero
331 212 417 268 lerina
430 212 585 285 sexaginta.
950 213 1037 269 riirrit
1052 213 1194 270 Arduinus
1204 218 1370 276 venerabilis
1384 221 1470 279 abbas
1479 221 1508 279 S.
1524 224 1664 297 Germani,
1678 247 1743 303 sup·

135 306 200 364 lam
213 321 320 374 eomes,
335 314 422 360 matre
434 315 604 372 remanente,
621 305 656 361 ab
667 304 767 377 oppido
777 319 899 361 recesse-
949 304 1056 375 plicans
1083 314 1112 360 ιι
1137 308 1208 377 apud
1232 306 1260 365 S.
1288 307 1456 369 Gernranum
1479 315 1658 377 declinarent.
1682 322 1743 389 Quo

96 408 157 452 rat.
174 395 303 451 Traditur
325 405 416 451 autem
439 393 603 451 Guillclruus
622 394 731 460 Pidcth,
747 410 899 451 conscensu
950 412 1095 464 currccsso,
1112 397 1157 454 ille
1176 400 1288 470 quidem
1303 404 1374 459 redit
1391 405 1425 460 ad
1445 410 1675 478 praeparationenr
1693 415 1742 469 bo-

95 504 189 560 equo,
204 490 359 559 tripudians
371 489 516 559 retritpost
530 487 641 555 iratres,
655 488 749 543 dicens
763 487 836 558 quod
851 502 899 543 cu·
949 490 1035 559 spitii.
1050 479 1160 546 Fratres
1171 503 1262 549 autcitr
1278 496 1333 550 bini
1344 506 1371 552 ct
1386 497 1443 554 bini
1457 503 1594 572 coopertis
1608 505 1743 575 capitibus

96 581 212 636 mitissa
223 581 364 637 nrandaret
380 590 409 635 ιι
427 579 609 636 subsistentes
622 594 684 634 eam
696 587 897 649 exspectarent.
950 581 1046 637 urbem
1073 585 1275 654 ingrediuntur,
1301 603 1379 644 suam
1403 591 1588 649 calamitatem
1613 593 1742 654 Davitica

96 671 136 726 At
160 673 201 728 illi
229 672 440 730 dissimulantes
468 673 587 728 inrisum
613 671 716 738 videre,
731 672 900 728 transierunt
949 674 1069 731 melodia
1084 678 1320 746 commendantes,
1335 688 1363 735 ct
1377 680 1517 740 lactescat
1528 700 1682 743 concursus
1694 703 1737 759 po

97 763 265 831 Escouium,
293 774 540 836 perveneruntque,
554 765 704 820 eomitante
719 766 833 836 populo,
863 765 898 822 ad
949 768 1007 837 puli
1022 769 1107 823 tatius
1121 768 1241 825 civitatis
1256 771 1380 829 virorum
1399 785 1426 830 et
1439 777 1616 846 paruulorum
1632 794 1666 837 ae
1681 797 1742 836 tnu-

97 874 215 917 erucem
230 857 434 929 lloruisgaudii.
446 857 485 914 lbi
504 869 676 913 remorantes
687 859 897 928 aliquantisper,
949 856 1047 914 lieruru
1064 852 1188 917 dentium
1203 871 1286 933 atque
1309 866 1486 923 clamantium
1505 886 1538 923 :r
1557 869 1630 926 Prolr
1645 870 1742 929 dulorl

98 951 345 1021 venerandamque
358 959 417 1006 toto
428 950 495 1004 orbe
508 949 658 1004 dilectricis
669 948 715 1004 lici
734 943 827 1005 llarire
845 949 900 1005 lla·
949 951 1013 1020 quis
1038 962 1159 1023 unquam
1188 954 1255 1010 vidit
1269 956 1346 1012 talial
1361 958 1423 1029 quis
1437 962 1560 1018 crederet
1581 979 1662 1034 posse
1682 964 1742 1021 tert

99 1044 227 1117 gdalente
250 1043 393 1099 basilicam
417 1042 607 1113 respicientes,
623 1043 799 1113 prociderunt
815 1043 842 1097 in
857 1043 899 1098 ia·
956 1044 1041 1098 talia?
1066 1046 1129 1115 quis
1144 1047 1231 1112 l'nror,
1246 1064 1341 1118 quave
1367 1051 1475 1108 insania
1489 1056 1611 1112 exercuit
1624 1053 1743 1116 taliai0

98 1135 161 1193 cies
172 1152 238 1192 suas
249 1145 392 1191 cantantes
409 1144 439 1190 ιι
450 1141 577 1204 poterant
595 1149 603 1186 ι
623 1130 670 1188 ιθ
691 1133 843 1203 peccatoris
853 1149 899 1188 so*
952 1133 1072 1203 gloriosa
1083 1143 1111 1189 ct
1126 1134 1155 1189 b.
1165 1137 1275 1193 domina
1288 1138 1374 1195 biacia
1390 1141 1559 1213 Magdalena,
1574 1154 1606 1199 ui
1617 1145 1683 1215 quid
1694 1160 1744 1204 stt·

98 1227 218 1283 latium!
235 1246 245 1278 ι
261 1226 330 1294 Quis
340 1226 430 1291 lictus,
445 1226 542 1296 quisve
553 1223 631 1280 dolor
643 1219 726 1280 luerit
737 1225 898 1280 abeuntium
950 1223 1037 1280 stiucs
1057 1227 1142 1281 talia?
1156 1244 1240 1298 quarn
1260 1230 1293 1286 de
1313 1241 1339 1286 te
1357 1248 1409 1287 nos
1431 1244 1588 1303 peccatores
1612 1235 1743 1296 fiduciam

100 1318 230 1375 simulet
247 1319 474 1391 prosequentium
491 1318 614 1373 virorum
629 1334 662 1373 ac
678 1316 835 1384 mulierum,
852 1330 900 1373 ca-
950 1330 1062 1384 sperare
1077 1334 1237 1389 possumus,
1253 1337 1315 1392 quae
1337 1325 1474 1394 permittis
1490 1341 1585 1382 serras
1608 1337 1671 1384 tuos
1685 1327 1743 1399 patl

99 1411 160 1483 pita
175 1428 225 1468 sua
239 1413 338 1469 ibidem
353 1427 409 1484 prae
424 1413 551 1484 angustia
567 1412 594 1467 in
609 1411 673 1466 nive
699 1411 896 1478 volutantium,
949 1407 1035 1463 taliai
1048 1420 1160 1478 pereant
1174 1424 1201 1469 et
1219 1413 1424 1471 confundantur
1450 1432 1546 1475 omnes
1569 1419 1607 1474 illi
1622 1435 1741 1491 quorum

99 1505 156 1562 ibri
174 1515 265 1577 potest
292 1522 384 1572 nemo,
410 1519 473 1560 cum
496 1505 583 1577 stylus
600 1504 647 1559 lric
663 1503 722 1574 ipse
738 1503 843 1559 terreus
857 1504 898 1558 la·
913 1493 934 1549 Β
948 1502 1066 1558 consilio
1090 1514 1210 1576 aguntur
1221 1506 1295 1561 talia.
1311 1522 1321 1559 ι
1341 1506 1400 1579 lpse
1423 1523 1534 1582 quoque
1550 1517 1742 1580 tyrannam.

99 1599 206 1672 erynnis
231 1613 301 1668 penc
329 1606 404 1654 totus
426 1596 536 1654 exudet.
561 1596 665 1653 Luctus
678 1596 741 1661 iste,
757 1604 787 1650 nt
801 1611 897 1652 rerum
949 1607 1033 1648 censo
1047 1610 1120 1665 equo
1135 1596 1293 1661 advenerat,
1310 1607 1338 1654 ct
1361 1581 1486 1671 singulos
1498 1602 1659 1672 respiciens,
1674 1603 1742 1659 sub·

101 1691 203 1759 iatear,
233 1688 338 1747 iuneris
363 1692 467 1747 lucttrnr
490 1691 607 1754 excedit,
629 1691 764 1762 siquidem
792 1689 897 1746 loetum
949 1687 1088 1742 sarrnabat
1109 1703 1159 1743 eos
1182 1689 1297 1745 diceris:
1317 1709 1327 1742 r
1346 1689 1392 1748 Sic
1409 1701 1437 1746 ct
1451 1693 1490 1748 sic
1509 1693 1578 1748 tales
1591 1695 1743 1751 debentiu-

99 1783 209 1840 iuncris
234 1784 338 1839 relevat
351 1784 492 1841 successio
507 1783 624 1839 haeredis
638 1792 684 1838 :at
700 1795 765 1838 tero
778 1780 897 1837 haeredis
948 1779 1021 1833 erari
1048 1795 1147 1849 panem
1175 1797 1268 1838 surim.
1287 1781 1423 1840 »Fratres
1437 1796 1529 1841 autern
1554 1787 1622 1840 nibil
1641 1787 1742 1845 borutu

100 1873 250 1942 desolatio,
276 1874 447 1931 baereditatis
471 1884 513 1930 est
525 1874 648 1940 abolitio,
662 1872 785 1928 inaudita
800 1881 898 1929 nostru
948 1879 1088 1938 curantes,
1101 1873 1230 1930 demissis
1242 1875 1363 1930 vultibus
1384 1878 1563 1933 transierunt.
1580 1876 1614 1932 Et
1627 1879 1742 1936 honeste

98 1967 180 2036 orbe,
197 1978 347 2039 nostraque
369 1976 449 2023 telate
474 1965 624 2022 desolatio!
640 1964 801 2020 catholicus
821 1963 897 2034 prin·-
947 1969 1068 2038 suscepti
1084 1967 1111 2021 in
1125 1970 1296 2026 monasterio
1312 1968 1342 2026 S.
1358 1969 1488 2028 Germani
1513 1982 1594 2030 nocte
1605 1975 1650 2029 illa
1666 1976 1743 2046 quie

100 2076 168 2135 ceps
183 2061 344 2117 innocentes
370 2060 523 2116 monachos
549 2058 653 2130 pellita
673 2057 853 2125 monasterio,
869 2065 898 2114 et
948 2066 1056 2114 verunt.
1070 2055 1099 2113 lo
1119 2063 1270 2116 crastiuum
1286 2073 1377 2130 putem
1397 2065 1564 2122 divertentes
1578 2067 1648 2138 apud
1664 2066 1741 2122 lovi·

100 2154 344 2229 quemlerctntus
367 2152 519 2210 Christiani
535 2152 659 2209 nominis
680 2151 896 2207 mundusreue·
947 2149 1059 2205 niacum
1081 2150 1109 2205 iu
1141 2151 1253 2207 domum
1284 2152 1407 2226 lingonis
1432 2161 1572 2227 quondam
1588 2160 1741 2231 praepositi,

101 2255 181 2305 ratur
207 2248 311 2314 locum,
336 2247 431 2303 alliues
458 2245 511 2316 ipsi
538 2245 670 2301 atrociter
695 2239 895 2299 dertusensi
946 2243 1086 2312 procurati
1104 2251 1168 2297 sunt
1183 2241 1333 2301 honorilice
1350 2246 1385 2301 ab
1399 2246 1538 2304 diruericu
1552 2246 1692 2317 Pudieusi
1711 2257 1742 2310 et

101 2355 187 2397 causa
201 2340 347 2412 quaeritur,
377 2338 490 2393 libertas
515 2337 697 2403 criminatur,
714 2334 738 2392 si
752 2335 824 2391 ratio
835 2350 899 2390 reu·
947 2347 962 2389 a
977 2332 1063 2388 iratre
1078 2334 1153 2388 illius
1164 2333 1315 2405 Stephanus
1327 2335 1392 2391 lude
1405 2347 1584 2409 properantes
1598 2340 1632 2394 ad
1644 2342 1741 2400 urbem

102 2435 209 2501 tilatur,
222 2431 413 2505 praejudicium
434 2436 646 2500 contorquetur.
948 2424 1112 2481 Senonicaru
1132 2427 1323 2496 praeuriseruut
1350 2439 1552 2498 procuratores.
1576 2429 1674 2490 Simon
1691 2441 1743 2492 eti⁴¹

139 2526 228 2582 linter
250 2525 356 2580 comitis
377 2523 448 2594 fictir
473 2519 601 2591 iccrgurir
627 2519 742 2589 computi
758 2518 895 2573 monacbis
947 2527 1014 2585 tem,
1039 2528 1223 2588 cognomento
1247 2518 1351 2586 liniens,
1381 2536 1510 2590 egressus
1532 2523 1739 2583 deambulatum

100 2615 294 2683 ainraienqeie
308 2623 337 2667 ιιι
362 2612 470 2666 redeant
493 2611 605 2665 sundere
622 2618 718 2663 tentat.
735 2610 805 2664 llum
829 2620 895 2679 ergo
946 2607 1016 2666 iorte
1033 2610 1154 2665 occurrit
1179 2610 1231 2679 eis,
1257 2621 1284 2667 et
1300 2615 1410 2685 cognita
1437 2630 1520 2670 causa
1537 2617 1606 2674 tauti
1635 2617 1742 2675 laboris

100 2710 182 2766 lictus
195 2719 221 2765 et
231 2710 351 2779 gemitus
372 2705 505 2774 utrinque
518 2712 573 2757 tam
586 2719 601 2757 a
617 2701 753 2758 iratribus
765 2717 849 2772 quam
860 2699 896 2756 ab
946 2712 1087 2759 notorum
1099 2712 1126 2759 et
1139 2703 1234 2759 talium
1248 2706 1383 2774 virorum,
1398 2706 1574 2763 veliementer
1586 2708 1739 2766 condoluit.

101 2803 178 2857 omni
198 2802 301 2873 populo
320 2798 508 2855 indifferenter
523 2793 714 2861 tunderentur,
728 2796 773 2850 illa
784 2793 929 2895 tyrannic
946 2795 981 2851 Et
994 2797 1166 2852 descendens
1177 2797 1337 2868 suppliciter
1357 2799 1476 2868 petiitut
1490 2799 1517 2853 in
1535 2800 1739 2857 donrumsnam

100 2897 212 2966 viperea
236 2902 324 2949 nrater
339 2892 385 2948 lda
407 2891 573 2963 pedetentim
593 2888 724 2943 abeuntes
735 2894 891 2956 prosecuta,
946 2904 998 2961 pro
1018 2889 1153 2946 charitate
1177 2891 1353 2946 diverterent.
1375 2889 1435 2957 Quo
1450 2892 1495 2947 vit
1515 2892 1661 2963 impetrato
1677 2909 1740 2950 sus·

101 2986 218 3042 accessit
231 2987 371 3058 proprius,
386 2993 413 3040 et
425 2983 461 3038 ab
471 2998 543 3054 equo
555 2980 799 3048 descendentque
812 2993 827 3033 a
838 2977 895 3034 ira⁴
945 2983 1017 3053 cepit
1031 2997 1091 3048 cos,
1112 2992 1138 3038 ιι
1161 2982 1317 3053 procurarit
1336 2981 1538 3038 borrestissirne.
1556 2982 1635 3038 lianc
1647 2994 1739 3040 autern

101 3079 188 3136 tribus
199 3080 339 3135 audiretur
352 3077 479 3134 sinrnlnta
491 3075 643 3131 bumilitate
652 3072 737 3144 petiit.
747 3074 780 3128 ht
788 3072 895 3127 illine·
944 3073 1118 3130 decantetis
1128 3074 1162 3130 ad
1184 3074 1349 3130 conductam
1372 3090 1471 3131 navem
1488 3077 1630 3146 (namhoc
1649 3090 1738 3145 usque

101 3186 192 3227 mores
203 3169 450 3241 illiusrtpostoliei:
461 3169 525 3223 Noli
538 3168 630 3223 sinsin
643 3164 893 3233 mulo‚sedainrein
944 3166 1029 3236 pedes
1044 3163 1186 3236 venerant)
1200 3177 1228 3222 et
1239 3164 1333 3222 lenum
1347 3169 1464 3224 multura
1488 3170 1541 3225 illis
1560 3169 1618 3239 ipse
1636 3183 1741 3238 suppo-⁶

102 3262 168 3316 beno
181 3262 377 3332 rrrnlunrillnnr.
388 3260 507 3329 susti),
523 3268 665 3331 surgentes
677 3274 692 3312 a
705 3265 777 3313 terra
791 3256 895 3313 substi-
945 3257 1012 3326 suit,
1026 3268 1054 3315 et
1064 3258 1263 3314 laboraverunt
1286 3259 1331 3315 die
1346 3260 1392 3315 illu
1405 3261 1432 3316 iu
1452 3261 1622 3332 remigando,
1638 3260 1740 3329 visque

102 3361 203 3406 terunt.
218 3350 297 3406 Tune
310 3350 355 3405 illa
368 3351 446 3404 listas
460 3350 636 3419 praetendens
653 3349 802 3420 lacrymas,
820 3350 892 3403 irra-
941 3350 1000 3422 iam
1015 3363 1094 3408 nocte
1111 3351 1257 3423 ingruente
1270 3351 1472 3408 descenderunt
1487 3351 1514 3407 in
1529 3351 1677 3421 quarundam
1688 3350 1741 3406 vil·

102 3442 260 3499 tinnabilem
272 3450 299 3496 ei
310 3442 370 3497 sine
383 3455 466 3494 causa
481 3439 590 3494 illorum
602 3438 823 3492 calumniabatur
835 3437 894 3493 exi·
944 3443 1030 3500 lutam
1054 3460 1116 3515 qnae
1138 3443 1404 3501 praetermisimus:
1421 3460 1541 3516 cumque
1556 3444 1613 3501 iilic
1628 3460 1683 3500 non
1699 3442 1741 3501 in·

101 3548 169 3605 rum,
186 3552 249 3592 cum
279 3533 352 3590 iilius
374 3545 443 3588 suus
463 3531 539 3601 ipsus
552 3537 579 3583 et
600 3526 752 3581 Ecclesiam
771 3523 892 3581 Vitellii·
943 3535 1086 3589 reniretnr
1102 3534 1251 3605 hospitium
1263 3544 1340 3590 tutet
1352 3536 1435 3590 tantis
1449 3545 1632 3605 opportunum
1647 3534 1740 3606 (erant

100 3643 210 3689 celibem
241 3625 420 3683 affectuosius
445 3623 583 3693 diligelel,
601 3618 710 3688 §illique
728 3615 821 3672 abbati
838 3615 892 3669 ini·
943 3621 1149 3694 quippqsepmq
1174 3624 1313 3695 octogiuta
1340 3625 1616 3696 pnimae)·crgjugdgm
1640 3625 1738 3683 rugfig}

100 3721 261 3787 micareiur,
274 3735 288 3773 a
303 3732 358 3788 quo
370 3716 472 3787 injuste
485 3711 717 3773 ctltaeretltreltlrs
732 3721 891 3778 libandum
944 3716 1087 3788 grangiam
1104 3716 1188 3772 boum
1208 3716 1377 3773 stereoribus
1392 3716 1520 3772 refertam
1532 3717 1648 3787 ingressi
1660 3726 1737 3774 sunt.

12 3880 13 3883 g
101 3799 894 3874 abussuosnitutabenrrtstqrrnusuiJurisestrebo-
943 3806 978 3863 br
993 3823 1056 3864 cunr
1079 3809 1124 3864 die
1139 3809 1323 3880 ieiunasscnt,
1339 3809 1408 3864 nibil
1421 3809 1602 3865 circumcirca
1619 3808 1736 3865 inveniri
1785 3833 1790 3840 ·

102 3916 161 3964 scat
173 3925 179 3961 :
193 3921 240 3961 cos
254 3912 344 3960 autern
357 3913 492 3957 nrerunrcs
502 3909 563 3953 esse
573 3894 673 3951 debere
684 3892 759 3947 illius
772 3904 892 3961 erenge-
942 3901 1044 3972 potuit,
1060 3911 1160 3972 praeter
1183 3916 1280 3972 parum
1296 3901 1452 3957 communis
1466 3901 1558 3971 panis,
1571 3909 1597 3956 et
1614 3900 1684 3957 duas
1696 3900 1738 3956 qt.

102 3998 145 4054 liei
160 4017 166 4053 :
183 3996 294 4052 Reddite
310 4001 443 4066 quierunt
459 3984 740 4049 tererestereres
757 3990 892 4053 querunt
943 3989 1045 4047 porum
1071 3999 1169 4058 regies,
1202 4006 1265 4062 φη
1289 3991 1374 4048 cruda
1398 4002 1537 4062 „genuque
1557 3992 1737 4048 conaeggfum

101 4088 149 4145 Dei
161 4089 212 4143 Deo
225 4087 335 4159 (diaulia
346 4077 710 4154 tsrt,21).llogabaideiutle
722 4076 891 4138 ιιιῐθιιίῐθιιῑ,
943 4101 1007 4143 qum
1024 4100 1094 4156 pane
1108 4093 1229 4155 0131un
1254 4082 1352 4139 Mirum
1365 4084 1483 4140 dictum!
1499 4099 1562 4140 gum
1579 4091 1620 4139 101
1634 4084 1737 4139 labori.

102 4191 130 4238 et
148 4188 205 4252 ipsa
223 4181 310 4235 lilium
322 4185 460 4243 exoraret,
477 4182 613 4244 quatenus
626 4172 736 4227 illorum
762 4168 892 4224 misertus
909 4176 929 4230 ι)
945 4179 997 4235 hug
1022 4176 1218 4248 affligerentur,
1242 4173 1371 4230 alacriter
1400 4175 1493 4230 omitia
1519 4174 1685 4238 tolerabam,
1708 4183 1736 4230 er

103 4284 247 4346 usurpatus
262 4272 384 4328 redditus
396 4267 554 4325 monasteri
568 4266 609 4322 eis
622 4265 755 4328 redderet,
771 4260 812 4318 rel
821 4261 844 4316 si
857 4260 890 4316 ad
942 4270 1071 4327 exsiliunt
1092 4283 1143 4340 pro
1156 4269 1282 4324 libertate
1297 4266 1378 4338 quasi
1392 4267 1508 4338 patriam
1527 4265 1734 4339 amplectentes,

103 4354 893 4435 barbitumuerterenequo·et,ipsacisqnotiuianumsunn

103 4467 178 4538 ptum
194 4461 339 4531 praeberet,
361 4459 448 4512 donec
466 4455 551 4509 abbas
567 4449 623 4506 lilio
636 4465 688 4504 sno
699 4447 889 4504 corrcordaret.

103 4545 213 4604 Talibus
224 4548 305 4604 dictis
316 4547 415 4602 iratres
430 4544 641 4614 responderunt,
656 4540 729 4612 quod
744 4553 833 4607 neque
847 4537 891 4591 le·

12 4701 13 4706 ,
101 4658 160 4711 ιιι,
179 4658 267 4714 neque
282 4650 390 4711 tempus
410 4637 591 4694 intercederet
603 4633 775 4704 disceptandi
786 4630 891 4699 dejure

102 4736 150 4797 ulit
160 4737 214 4804 sui,
228 4750 291 4791 curn
307 4733 398 4805 palam
412 4740 553 4788 constaret
578 4729 656 4784 illum
670 4728 722 4784 sibi
734 4725 890 4780 vindicasse

12 4885 13 4906 ,
102 4827 197 4902 iasrpre
221 4826 370 4898 uelasque;
403 4826 494 4882 redire
515 4833 606 4878 ιιιιιι
634 4820 686 4877 sub
709 4820 812 4874 incerta
842 4831 891 4887 spe

104 4921 286 4982 inconsultum
311 4919 470 4984 videbatur;
488 4926 514 4972 et
536 4916 652 4970 alienam
668 4913 766 4982 stipem
794 4911 891 4965 incon·

104 5020 172 5077 sulio
209 5017 308 5073 abbate
337 5031 388 5072 suo
416 5013 557 5085 percipere
596 5007 769 5065 intolerabile
795 5005 890 5062 crede·

12 5091 13 5098 ἵ
104 5111 177 5179 baut,
203 5109 345 5180 indignum
360 5107 516 5180 judicantes
535 5120 565 5158 se
581 5099 785 5174 praebendarius
799 5098 889 5154 lamu-

104 5205 205 5263 lutricis
218 5203 321 5259 Christi
347 5199 411 5257 lesu
436 5197 530 5274 ilarius
548 5194 726 5266 iiaguatenae,
742 5191 811 5248 ellici
836 5189 888 5246 sti·

105 5298 258 5374 pendiarius
280 5293 454 5370 desolatricis
476 5290 595 5362 sepulcri
619 5286 743 5358 ejusdem
760 5284 890 5372 beatissi-

106 5408 153 5448 ma
163 5379 286 5462 patrones
300 5402 366 5444 sure.
388 5384 451 5441 llaec
465 5383 587 5440 dicentes
601 5391 676 5452 terga
688 5378 796 5433 mulieri
807 5376 889 5434 dedc-

106 5490 175 5550 runt,
195 5491 222 5537 ιι
238 5491 344 5536 noctem
356 5474 514 5547 illamapud
526 5474 649 5532 lircciam
666 5469 797 5530 lecerunt.

942 4363 1079 4419 canmndo
1090 4371 1116 4416 ιι
1127 4360 1344 4430 congratulando
1355 4360 1509 4431 squalorem
1526 4357 1632 4414 itineris
1644 4369 1735 4413 traus-

942 4453 1061 4523 igebant.
1085 4450 1119 4506 Ει
1141 4466 1251 4508 summo
1260 4450 1383 4506 diluculo
1396 4451 1430 4506 ad
1444 4463 1542 4520 narem
1554 4447 1669 4514 reversi,
1683 4461 1734 4517 ap·

941 4546 1098 4616 plicuerunt
1110 4544 1246 4600 chonam.
1267 4542 1306 4597 lbi
1319 4543 1409 4613 primo
1427 4545 1590 4597 inserverunt
1607 4539 1734 4597 Giluueru

941 4638 1075 4710 priorem,
1097 4645 1125 4692 ιι
1153 4636 1259 4692 socinum
1287 4635 1362 4690 illius
1386 4633 1564 4691 Gauircduur.
1579 4632 1612 4689 Et
1635 4633 1735 4691 exinde

941 4725 1025 4795 pedes
1037 4734 1172 4781 venerunt
1196 4724 1331 4780 llrtreturu
1350 4724 1393 4780 die
1408 4724 1527 4781 secunda
1543 4724 1648 4781 mensis
1662 4727 1735 4781 duo·

940 4819 1052 4885 decimi,
1068 4819 1162 4889 ibique
1175 4817 1301 4875 iecerunt
1313 4825 1475 4888 sequentem
1486 4819 1558 4873 dietn
1570 4826 1599 4874 et
1611 4818 1733 4874 tertiam.

941 4912 1077 4969 lliserunt
1097 4921 1190 4967 autern
1209 4909 1361 4966 bertaldum
1376 4911 1496 4981 priorem
1511 4909 1678 4964 uearborea
1700 4908 1734 4962 ad

942 5005 1085 5077 lluguneru
1099 5003 1284 5061 uenerabilem
1310 5002 1438 5059 abbatem
1448 5002 1645 5065 Parisienseru,
1661 5016 1734 5055 uun·

940 5098 1042 5154 tiantes
1056 5098 1082 5152 ei
1102 5097 1251 5152 adventum
1265 5109 1361 5163 suurn,
1371 5105 1399 5150 et
1410 5109 1523 5151 musam
1547 5093 1683 5150 adtentus
1696 5090 1733 5145 ad

941 5205 1043 5263 regem.
1059 5188 1121 5259 Quo
1140 5189 1186 5246 ille
1201 5190 1296 5245 audito
1318 5189 1495 5244 rehcmeuter
1519 5185 1672 5253 condoluit,
1693 5182 1734 5238 la·

939 5283 1096 5355 acernisque
1106 5281 1229 5339 suffusus
1240 5280 1381 5342 festinarit
1394 5278 1429 5335 ad
1443 5291 1534 5351 regem
1551 5277 1732 5346 ludovicum,

941 5374 1090 5431 ostendeus
1116 5373 1155 5428 illi
1169 5387 1252 5445 quant
1267 5370 1424 5428 ieduuroso
1442 5385 1510 5427 usus
1524 5370 1669 5441 sacrilegio
1682 5383 1731 5424 co·

941 5482 1003 5522 mes
1015 5463 1193 5523 Niverurnsis
1220 5462 1386 5535 pervasisset
1404 5462 1621 5521 inmanissimum
1634 5461 1729 5518 ιιιιιιι-
