3892 6067
9 243 113 301 2153
375 242 653 301 uottttennnulunt
673 242 707 299 tu
726 242 895 300 PsauttuS.
916 274 950 285 -
969 240 1059 300 PARS
1081 241 1116 299 X.
1134 271 1171 287 ·-
1188 240 1285 299 usal.
1303 240 1384 300 cxb.
1656 245 1709 305 954

13 362 66 409 et
90 356 145 416 in
161 357 301 415 fornacem
317 357 485 428 paupertatis
507 372 600 429 aroge
614 356 790 429 babylonico,
811 357 863 413 dia·
885 354 978 425 Aipsi
996 354 1059 409 boni
1080 354 1196 411 amalis
1218 354 1336 427 perteue
1356 355 1462 412 liberati
1486 366 1515 415 et
1536 357 1571 416 de
1592 358 1712 417 inimicis

18 443 139 505 holo
152 452 257 508 seilicet
267 451 309 506 rel
319 447 488 506 Antichristo
502 449 580 506 missi
591 463 645 505 non
658 449 783 505 desinent
794 449 871 521 lrym·
922 443 1051 499 vindicati
1069 445 1191 504 nonsibi
1213 445 1315 502 dabunt
1340 446 1466 517 gloriam,
1482 450 1529 505 sed
1549 449 1707 520 confitebun-

22 551 142 595 uum
172 556 272 596 cancre
299 539 380 597 trium
409 554 557 610 puerorum
582 547 734 609 oeteraque
761 539 871 595 iaudurrr
923 542 968 590 latr
982 535 1084 591 uomitu
1100 544 1157 605 luo,
1174 551 1228 592 trun
1243 553 1301 595 suaa
1313 538 1544 606 virtuti,sedtuae
1557 542 1650 612 gratiae
1662 541 1712 597 ad·

24 633 198 698 cantica,
215 631 315 702 quibus
333 632 528 701 confitebuntur
544 630 714 722 nominituo,
731 630 873 687 laudantes
922 626 1078 695 scribendo,
1092 627 1166 699 quod
1183 628 1292 685 amalis
1306 645 1361 685 non
1382 639 1448 688 suut
1467 630 1538 702 eapti
1550 630 1578 687 iu
1590 631 1716 706 interitu,

27 738 180 785 nomen
197 734 274 780 tuum
286 732 314 781 et
323 724 429 794 justum
448 723 582 794 judicium
604 731 682 779 tuum
695 723 777 778 etiarn
799 738 872 779 nunc
921 717 1224 789 quodqueperveniunt
1241 719 1275 776 ad
1296 729 1437 791 aspectum
1466 720 1555 776 uultur
1580 722 1630 791 tui,
1651 739 1714 780 oum

31 815 85 873 in
117 818 254 890 angustia
270 833 330 884 sua,
345 825 372 872 et
385 816 472 872 nrultn
484 816 602 886 amplius
616 824 698 886 atque
713 813 870 886 perieetius,
924 823 980 880 quo
994 807 1193 865 eetntuotnrn
1208 809 1235 866 in
1250 819 1395 867 aeternum.

34 909 193 978 quando
209 906 324 979 ingressi
340 906 367 961 in
383 905 591 962 tabernaculum
610 921 666 961 nnn
681 903 869 960 manufactum
961 899 1056 956 Gloria
1069 901 1148 957 Petri
1163 900 1281 959 Domino
1292 902 1416 973 eripienti
1431 915 1476 958 me
1489 900 1522 956 ab
1540 903 1645 959 nornine
1658 921 1717 959 mo·

37 1000 212 1071 ipsinecti
225 998 382 1054 trutinarent
405 1013 464 1052 curn
485 995 702 1063 salamancam
723 1009 789 1066 que,
802 1003 831 1051 et
845 993 873 1050 in
923 989 1076 1046 lo.·Glorio
1093 990 1165 1047 Filio
1186 990 1272 1047 uultui
1293 989 1439 1060 ditissimi,
1458 1007 1521 1048 eum
1542 1007 1598 1062 quo
1616 993 1718 1048 barbito·v

40 1106 135 1160 quo
151 1090 207 1146 illis
230 1090 283 1145 erit
306 1089 385 1155 bene,
400 1087 501 1158 ortibus
517 1086 588 1142 male
601 1085 652 1142 luit
678 1086 706 1142 in
719 1087 794 1142 uultu
810 1100 873 1150 suo,
925 1082 989 1137 beru
1010 1085 1085 1139 recti.
1104 1083 1198 1140 Gloria
1220 1083 1336 1157 Spiritui
1349 1094 1452 1152 sancto,
1476 1100 1531 1156 quo
1552 1083 1719 1141 aseendente

43 1179 95 1234 in
137 1178 338 1251 eujussudore
360 1176 542 1232 vescebantur
561 1190 632 1246 pane
657 1190 718 1230 suo.
743 1172 783 1228 Ex
809 1182 875 1229 tune
926 1173 1051 1230 corbones
1067 1175 1106 1231 illi
1120 1176 1252 1247 candent,
1269 1176 1317 1250 qui
1335 1193 1418 1249 super
1433 1176 1544 1248 iniquos
1558 1175 1664 1231 eadent.

690 1535 953 1628 usitatus
990 1536 1124 1629 CXL.

116 1901 233 1957 Domine
247 1899 360 1955 clonruoi
375 1899 410 1954 od
426 1907 461 1966 te,
474 1907 527 1955 etc.
542 1896 671 1953 Titulus:
896 1898 1056 1961 nomnium
1079 1906 1237 1956 sanctorum
1252 1900 1305 1958 sub
1318 1900 1405 1958 altare
1427 1900 1475 1958 bet
1494 1902 1682 1975 clamantium,
1697 1908 1723 1963 ct

297 1990 381 2048 Vens.
401 1990 428 2046 l.
444 2004 561 2047 rsttrtus
581 2004 672 2045 narro.
932 1989 1055 2047 omnium
1069 2000 1181 2062 propter
1191 1990 1328 2063 justitiam
1347 1993 1539 2049 tribulatorum
1554 2005 1582 2050 et
1592 1996 1725 2052 tribulan-

118 2084 210 2142 Patet.
225 2081 278 2152 ont
289 2083 494 2154 beneoongruit
514 2081 579 2138 bule
590 2081 709 2153 psalmo,
725 2079 753 2134 in
765 2093 823 2150 quo
835 2077 880 2134 lo-
931 2078 1030 2136 dorum
1043 2095 1132 2152 usque
1145 2082 1172 2137 iu
1194 2082 1275 2140 llrrem
1290 2084 1393 2140 seculi.
1410 2082 1505 2154 Neque
1524 2084 1598 2141 enim
1614 2102 1726 2144 cessar:-

68 2179 182 2251 quitur
192 2176 290 2243 dauid,
304 2173 431 2231 cbristus
442 2188 513 2229 unus
525 2173 584 2245 ipse
598 2187 648 2245 pro
663 2170 792 2228 omnibus
806 2169 883 2226 adse
932 2171 997 2227 dum
1009 2180 1052 2229 est
1069 2188 1086 2228 a
1104 2173 1225 2230 clamore
1243 2174 1421 2232 tribulatione
1447 2186 1574 2233 manente
1589 2191 1675 2248 usque
1697 2180 1725 2233 in

72 2267 299 2342 pertinentibus.
315 2263 449 2335 anuitur
469 2263 515 2321 bie
538 2263 620 2319 etiam
635 2262 723 2317 Dnnid
747 2258 883 2332 penitens
934 2265 1015 2320 linem
1027 2264 1130 2322 seculi.
1142 2264 1196 2322 Pro
1207 2282 1264 2339 quo
1277 2267 1397 2324 clamore
1417 2283 1479 2324 meo
1493 2276 1521 2324 et
1541 2283 1664 2326 meorum
1680 2286 1727 2325 m.

75 2362 121 2418 de
132 2358 241 2431 judicio
251 2355 299 2412 Dei
315 2355 449 2413 sollicitus
461 2365 490 2411 et
502 2354 613 2422 anxius,
633 2353 752 2409 maxime
770 2351 798 2406 in
809 2350 884 2406 exitu
934 2355 1040 2424 looiter,
1054 2364 1082 2412 et
1099 2356 1246 2414 eillcaeiter
1258 2358 1430 2416 exaudiendo
1442 2374 1493 2431 ego
1504 2358 1592 2417 Filius
1603 2361 1667 2417 dieo
1679 2362 1726 2418 ribi

79 2453 152 2509 *5¹2
165 2448 318 2524 timenus·
332 2447 400 2516 01111
413 2446 486 2503 enim
513 2462 627 2503 11111881
647 2462 701 2501 111111
716 2444 815 2501 habebi
828 2443 885 2500 0¹²·
933 2446 1014 2504 Pater
1027 2466 1034 2504 τ
1048 2446 1157 2504 Intende
1171 2450 1228 2504 uoct'
1247 2449 1560 2516 cormariacensem
1576 2451 1611 2505 ed
1624 2462 1649 2508 tr
1664 2467 1728 2508 sarr·

81 2541 269 2599 111111111111
284 2539 351 2595 11011
366 2536 645 2604 1110111811θῖΡο111,
661 2536 759 2607 inquil·
774 2535 884 2591 Domine
935 2540 1017 2612 guine
1036 2556 1098 2597 meo
1115 2553 1142 2597 et
1156 2556 1279 2598 meorum
1291 2542 1427 2599 clamante
1450 2544 1483 2600 ad
1499 2552 1524 2600 te
1537 2544 1571 2601 de
1582 2553 1655 2602 tcrra
1669 2545 1726 2615 jam

81 2633 303 2690 custodientem
327 2648 394 2699 meo,
409 2639 435 2685 et
459 2631 556 2686 ortium
581 2629 788 2685 circumstantie
806 2628 884 2683 loliis
935 2641 1042 2700 sarreta,
1064 2632 1191 2689 uidelicet
1210 2631 1344 2701 Ecclesia,
1369 2649 1431 2705 quae
1450 2633 1587 2691 credendo
1605 2644 1633 2690 et
1647 2651 1729 2691 vene·

84 2727 170 2794 arms,
181 2738 264 2796 quam
289 2722 415 2779 uidelicet
436 2720 601 2789 custodiam,
620 2720 694 2792 quod
710 2720 809 2776 ostinrn
828 2734 885 2776 non
936 2724 1024 2779 rande
1038 2724 1200 2795 sanguinem
1216 2724 1355 2796 passionis
1370 2740 1438 2781 nreae
1451 2725 1539 2796 aperit
1557 2740 1589 2781 os
1604 2742 1684 2782 suum
1699 2727 1726 2781 in

87 2818 188 2884 babet,
213 2815 338 2888 quisquis
364 2813 497 2885 iustificat
522 2827 563 2880 se,
585 2812 711 2883 quisqu's
724 2811 836 2867 eorrdd'rt
855 2825 886 2866 se
936 2813 1110 2870 confessione
1137 2823 1309 2885 peecatorum
1327 2829 1442 2871 suorum
1466 2823 1494 2871 et
1510 2815 1590 2872 laude
1609 2819 1730 2874 nominis

87 2912 184 2983 ipsum
199 2923 291 2965 coram
306 2907 362 2963 ileo
374 2906 479 2978 justum
494 2920 635 2976 apparere.
657 2902 779 2960 ilabebat
794 2911 885 2958 autem
936 2905 976 2960 tui
992 2906 1113 2976 suscepit
1125 2914 1151 2961 et
1164 2905 1279 2977 suscipit
1292 2905 1455 2977 sanguinent
1480 2921 1572 2963 mcum
1584 2918 1658 2964 certe
1672 2925 1730 2964 me-

89 3002 150 3068 ille,
176 2998 224 3071 qui
251 2998 342 3054 dixit:
359 3016 369 3049 r
384 2998 413 3052 Si
439 2996 556 3053 voluerit
580 2994 745 3051 contendere
767 3008 885 3061 meorum,
937 2998 991 3052 lins
1005 2998 1168 3054 clamantem
1183 3012 1267 3068 qrram
1284 2998 1398 3069 sanguis
1420 2997 1499 3066 Abel,
1521 2998 1585 3070 quia
1608 2999 1653 3055 ille
1671 3000 1730 3055 cla-

91 3106 148 3147 noo
177 3098 271 3161 potero
293 3088 318 3143 ei
346 3086 511 3158 respondere
534 3100 619 3141 unum
640 3100 690 3156 pro
716 3084 802 3142 mille.
820 3103 829 3138 r
847 3083 887 3141 Ae
937 3103 1017 3143 mans
1028 3087 1147 3143 obtinuit
1156 3088 1301 3144 vindictam
1312 3089 1521 3159 peremptoriam
1534 3098 1630 3145 eontra
1644 3105 1730 3145 nnurn

90 3180 270 3251 deinoepsrr
293 3176 321 3234 Si
345 3176 497 3250 justificare
520 3192 566 3233 me
591 3176 714 3242 noluero,
739 3190 770 3232 os
794 3190 886 3231 meum
939 3179 1124 3247 fratricidam3
1147 3180 1259 3250 sanguis
1283 3194 1350 3236 uero
1376 3194 1455 3236 nteus
1483 3178 1511 3235 in
1532 3196 1615 3237 crnee
1639 3180 1681 3236 rel
1702 3182 1732 3238 in

92 3270 287 3328 condemnabit
302 3284 356 3325 tue.
377 3286 387 3322 r
402 3267 468 3324 item
484 3286 492 3323 ε
511 3285 521 3321 r
537 3265 651 3323 Etiamsi
666 3266 787 3323 lraboero
807 3236 921 3337 quip·c
939 3280 1031 3326 monte
1054 3268 1170 3336 oliveti,
1196 3284 1241 3326 me
1261 3278 1374 3336 orante,
1395 3268 1473 3326 lusus
1498 3270 1617 3326 obtinuit
1639 3271 1733 3329 multis

92 3363 168 3435 piam
191 3362 307 3434 justum,
332 3375 387 3416 non
402 3358 580 3431 respondebo,
600 3359 647 3415 sed
660 3373 750 3413 meum
764 3355 887 3414 iudicem
940 3361 1058 3417 inimicis
1072 3361 1141 3417 meis
1156 3361 1264 3418 ueniam
1278 3361 1339 3418 sine
1353 3361 1475 3417 vindicta
1499 3361 1586 3433 gratis
1600 3361 1732 3428 oblatam,

93 3452 265 3525 deprecabor
283 3450 344 3524 (lob
367 3467 406 3518 tx,
431 3451 459 3518 5,
483 3450 530 3519 20,
559 3450 642 3521 lips
675 3448 743 3505 Nam
766 3450 819 3505 boe
835 3457 887 3516 est,
938 3450 1548 3523 etnrultisounrrindiotanonperemptoria,
1565 3452 1734 3510 reemenda-

94 3546 171 3617 quod
187 3544 232 3600 bie
246 3542 348 3599 dicitur
360 3561 368 3599 ι
382 3541 515 3613 Corripiet
528 3558 569 3597 nae
578 3542 671 3612 justus
691 3543 718 3597 in
738 3541 890 3596 nrisericor-
940 3542 1113 3611 tario,quam
1129 3542 1176 3614 qui
1194 3542 1328 3612 patienter
1341 3542 1481 3612 sustinuit,
1497 3552 1524 3600 et
1543 3559 1572 3600 se
1589 3543 1664 3615 justo
1678 3544 1733 3615 pati

95 3638 144 3691 dio
155 3645 182 3692 et
205 3634 351 3705 increpabit
371 3650 430 3699 rne,·
445 3633 532 3689 oleum
554 3641 643 3687 autern
670 3633 815 3702 peccatoris
837 3647 889 3687 non
940 3632 1085 3689 eoniessus
1099 3643 1142 3689 est
1156 3634 1268 3690 utlatro
1282 3633 1375 3692 dicens
1395 3635 1494 3691 latroni
1512 3654 1519 3690 ε
1534 3654 1544 3689 r
1558 3634 1614 3692 Nos
1625 3636 1734 3707 quidem

96 3730 243 3800 irnpirrpuet
257 3736 337 3797 ceput
351 3742 447 3794 mentm,
463 3726 598 3792 videlicet,
618 3740 653 3780 ne
672 3724 699 3779 in
723 3723 769 3778 iila
794 3738 889 3779 neees-
940 3724 1023 3796 digna
1036 3723 1272 3796 lactisreciplmus
1283 3724 1361 3795 (Luc.
1372 3741 1452 3792 xxrrt,
1464 3726 1538 3797 ll),r
1547 3742 1596 3797 per
1606 3727 1735 3783 emcnda-

97 3822 181 3878 sitate
192 3820 324 3877 exstincta
343 3816 467 3890 lnnrpade
479 3832 540 3873 mea
562 3816 623 3872 sine
637 3816 698 3871 olco
721 3812 822 3872 lrustra
842 3831 891 3871 ra·
942 3815 1044 3869 tionem
1055 3814 1182 3871 cordius
1191 3814 1359 3872 brevissime
1373 3830 1405 3871 ec
1414 3815 1561 3872 levissimae
1570 3826 1735 3874 consecutus

97 3914 164 3969 dam
185 3911 220 3968 ad
243 3912 400 3968 emendum.
429 3909 534 3967 idcirco
558 3907 681 3980 quandiu
709 3907 783 3975 uiuo,
799 3907 890 3977 justris
941 3913 985 3960 est
998 3903 1193 3976 indulgentiam
1204 3904 1324 3961 etuitam
1336 3914 1477 3961 aeternam.
1491 3904 1537 3962 Sic
1555 3907 1636 3964 etiarn
1646 3909 1736 3963 adbuc

99 4004 225 4076 corripiet
240 4018 298 4070 rne,·
310 4002 436 4059 adulator
447 4011 537 4058 autent
552 4015 605 4056 non
617 3997 733 4068 decipiet
745 4011 798 4053 nre.
814 3995 892 4052 Unus
942 3996 1737 4060 etusoueinbiremsaeculimomcntarreumetieuetribula·

100 4100 184 4155 lronm
197 4107 279 4168 caput
292 4107 319 4152 et
332 4110 433 4166 corpus
445 4103 505 4150 est:
521 4090 661 4163 proprium
677 4089 775 4161 capitis
786 4096 828 4145 est
849 4086 892 4144 lo·
943 4088 1026 4145 tionis
1037 4101 1148 4159 peecata
1157 4104 1205 4144 sua
1216 4088 1422 4157 confitentibus,
1433 4100 1461 4146 et
1468 4090 1581 4146 meliora
1592 4091 1625 4148 de
1637 4107 1667 4148 se
1673 4106 1737 4161 pro·

100 4190 150 4262 qui
176 4204 226 4261 pro
247 4187 388 4254 membris,
404 4195 434 4242 ut
451 4185 543 4256 lingua
562 4191 655 4239 nostra
671 4194 817 4253 personam
831 4194 892 4235 om·
944 4181 1114 4236 mittentibus
1127 4178 1285 4250 operabitur
1296 4195 1379 4250 supra
1395 4181 1506 4237 modum
1522 4190 1630 4237 aeternae
1643 4182 1738 4252 gloriae

102 4282 180 4338 nlnm
195 4281 381 4337 membrorum
395 4277 519 4348 suscipit,
534 4277 593 4348 ipsa
606 4290 656 4346 pro
670 4275 798 4331 omnibus
809 4271 893 4329 verbo
943 4271 1052 4344 pondus
1068 4285 1113 4327 me
1126 4268 1183 4326 lilio
1200 4270 1398 4341 interpellante,
1414 4280 1495 4342 atque
1506 4280 1542 4338 te,
1557 4268 1638 4327 Pater
1649 4272 1736 4326 irrten·

102 4373 238 4446 iungitur.
265 4373 392 4428 Charitas
418 4384 503 4426 unum
529 4384 580 4425 nus
607 4367 672 4424 lacit
696 4383 759 4424 cunr
772 4365 893 4434 Christo,
944 4365 1018 4420 denti
1030 4363 1086 4418 uoci
1100 4377 1175 4433 uren,
1189 4362 1253 4418 dum
1263 4361 1411 4419 clornnuero
1426 4362 1461 4418 od
1476 4372 1510 4430 te,
1529 4361 1662 4434 sauguine
1675 4377 1738 4417 nrcn

103 4466 163 4523 sire
177 4473 262 4535 eaput
274 4464 403 4535 loqrratur
420 4463 478 4519 sire
502 4461 635 4517 membra.
655 4459 782 4515 Christus
806 4458 895 4529 loqui·
945 4457 979 4514 ad
992 4457 1164 4513 teclamante
1175 4471 1259 4527 super
1269 4456 1355 4511 altare
1365 4446 1538 4528 aosanguine
1552 4469 1674 4513 meorum
1686 4454 1740 4510 sub

106 4567 161 4633 tur,
180 4560 228 4618 sed
242 4559 270 4616 in
284 4572 351 4614 noce
370 4557 430 4628 ejus
443 4556 559 4628 quisque
582 4563 713 4628 agnoscat
726 4569 815 4610 suam.
836 4553 893 4607 nli·
908 4573 933 4632 υ
946 4549 1043 4607 altare.
1058 4547 1177 4621 Sanguis
1189 4548 1292 4620 quippe
1303 4562 1382 4603 meus
1393 4545 1494 4605 elarnat
1504 4560 1586 4615 super
1596 4544 1684 4599 altare
1695 4543 1751 4611 rel,

105 4653 216 4724 quando
226 4651 292 4709 dicit
309 4650 382 4722 quod
409 4647 461 4705 sibi
486 4647 536 4704 soli
566 4646 705 4718 competit,
731 4654 897 4700 nontamen
949 4639 1108 4696 antealtare
1125 4653 1250 4707 aureum,
1270 4637 1379 4710 quando
1402 4636 1429 4691 in
1451 4634 1503 4691 lide
1522 4633 1641 4706 pretiosa
1656 4646 1740 4704 snper

106 4759 217 4819 separat
229 4763 289 4805 sea
306 4747 409 4803 nostris
427 4744 527 4801 uerbis.
549 4742 627 4798 Dicat
652 4754 717 4812 ergo
729 4741 757 4796 in
780 4754 897 4811 persona
948 4747 1048 4789 aurum
1061 4731 1215 4789 celebratur
1230 4731 1361 4786 memoria
1383 4743 1452 4784 meae
1471 4726 1622 4798 passionis,
1640 4726 1669 4781 in
1684 4739 1739 4796 qna

106 4855 156 4896 sua
171 4839 314 4897 cbristus:
949 4826 1053 4882 bibitur
1070 4824 1183 4897 sanguis
1206 4837 1284 4878 meus
1298 4822 1436 4878 clamosus
1452 4828 1480 4877 et
1494 4820 1616 4876 olamans
1629 4833 1677 4889 pec
1689 4832 1738 4873 ora

143 4930 226 4988 Vsus.
248 4933 274 4987 l.
290 4930 410 4997 boariae,
428 4929 541 4984 clamari
551 4927 586 4982 od
601 4935 626 4981 te
647 4925 700 4994 iarn
714 4924 772 4991 diu,
796 4938 897 4994 exque
948 4919 1074 4976 eumdem
1089 4916 1249 4988 sanguinent
1262 4913 1343 4984 digne
1353 4912 1515 4981 bibentium,
1526 4912 1592 4967 dum
1602 4909 1645 4968 vel
1658 4916 1740 4966 oraru

106 5023 220 5096 mugnis
236 5023 303 5079 Abel
317 5022 351 5077 de
367 5019 589 5086 termulensem,
606 5016 709 5071 elamor
723 5028 801 5069 meus
815 5013 843 5068 in
866 5014 899 5068 il·
947 5025 1010 5083 quae
1033 5008 1138 5065 oranda
1163 5014 1237 5072 sunt,
1254 5005 1295 5061 tel
1319 5005 1467 5075 predicant
1488 5019 1550 5075 quac
1567 5001 1739 5074 praedicanda

108 5115 162 5171 lius
176 5123 203 5170 et
225 5113 341 5168 allorum
361 5110 471 5167 testium
496 5122 620 5164 meorum
634 5104 778 5178 ⁸sanguine
791 5112 900 5175 propter
948 5111 1022 5159 sunt
1042 5100 1099 5164 Sic,
1115 5099 1193 5156 sicet
1207 5111 1252 5153 me
1272 5111 1382 5153 sursum
1403 5095 1590 5166 interpellante
1608 5100 1740 5162 manuam

107 5206 243 5278 justitiam
258 5205 414 5262 occisorum
437 5217 491 5258 non
515 5198 642 5256 cessarit.
668 5196 814 5267 Propterea
838 5195 901 5251 dieu
948 5193 1140 5264 superabere,
1158 5190 1281 5262 meisque
1292 5197 1423 5262 unquam
1439 5188 1491 5245 sub
1505 5185 1584 5243 altari
1598 5180 1742 5242 clamanti·

108 5313 162 5370 ego
175 5296 301 5354 Christus
313 5298 373 5364 tibi,
390 5294 480 5362 l‘ater,
490 5292 603 5349 bomine
612 5290 676 5347 eonii
688 5300 716 5345 et
727 5303 817 5355 terrm,
831 5303 901 5360 quo
948 5288 1002 5344 bus
1013 5285 1041 5342 in
1056 5294 1128 5343 terra

110 5392 187 5447 niam
197 5387 352 5445 clomanind
366 5398 391 5445 te
402 5403 457 5444 non
468 5386 558 5444 solum
579 5382 741 5455 asaupoine
754 5382 821 5439 Abel
832 5381 901 5454 justi
987 5378 1070 5435 less.
1085 5377 1113 5431 ἓ.
1130 5375 1267 5446 Diripotur
1281 5375 1367 5429 oratio
1381 5388 1439 5427 meo
1465 5370 1534 5426 sicut
1561 5365 1697 5422 nemum
1712 5363 1741 5419 itt

111 5468 200 5554 risque
233 5481 266 5537 ad
294 5480 457 5554 sangninem
483 5472 636 5543 bachario,
662 5491 743 5548 quern
769 5489 901 5546 sequaces
953 5479 1093 5543 conspectat
1106 5474 1162 5534 tato,
1177 5468 1215 5522 ita
1227 5473 1258 5522 ut
1269 5466 1359 5521 oratio
1377 5461 1414 5518 sit
1425 5460 1475 5517 tibi
1489 5460 1626 5515 incensum
1648 5454 1742 5538 cbari-

111 5574 178 5632 Caiu
194 5574 340 5630 fratricida
352 5572 510 5628 occiderunt
522 5571 593 5626 inter
612 5568 743 5640 ternplum
756 5577 783 5624 et
805 5567 900 5634 altare,
953 5561 1018 5619 tatis
1032 5561 1093 5631 igne
1104 5556 1311 5627 conflagratum,
1324 5553 1358 5609 de
1368 5567 1423 5624 quo
1430 5548 1560 5607 ascendat
1571 5545 1663 5606 lamus
1676 5560 1744 5602 arn·

111 5665 258 5724 sedetiam
285 5664 410 5722 obmabo
426 5677 513 5735 usque
534 5661 658 5720 induem
679 5659 772 5718 secuti
786 5673 834 5729 per
852 5672 901 5714 ora
955 5662 1059 5711 matum
1074 5651 1101 5706 in
1117 5651 1229 5707 odorem
1243 5645 1448 5706 suavissimum.
1464 5643 1534 5711 Quia
1548 5657 1613 5700 tero
1627 5640 1743 5698 inlunio
