3892 6067
222 299 275 363 ttt
705 291 858 352 GERllsslil
877 290 1074 349 roucourt
1093 289 1366 348 umutnsecttc.
1802 290 1853 350 lit

221 417 349 475 ιιιιιιιιίιι
371 415 399 470 lu
413 427 526 478 seruis,
546 421 573 470 ct
586 412 796 481 justificationes
813 412 974 468 claruerunt
988 411 1016 466 in
1031 425 1055 480 g
1102 410 1199 465 Clamo
1211 411 1304 480 itaque
1317 409 1429 465 assidue
1444 407 1539 464 diceas
1559 408 1664 479 :Aeser
1675 424 1693 462 ι
1706 425 1746 462 ιιιι
1761 424 1856 478 oppre-

220 509 301 566 iactls
319 503 489 576 temporibus
508 503 661 560 manifestae
675 501 933 575 persecutionem
952 502 1014 573 qui·
1067 501 1153 556 briam
1174 512 1199 555 et
1219 509 1414 570 ιιιιιιιῳιιιιι,
1440 501 1512 556 sicut
1536 499 1672 556 mulisti
1686 502 1855 570 opprobrium

219 600 281 657 dem
296 596 349 653 luit
370 595 528 653 amaritudo
545 611 606 652 mea
619 595 703 650 nimis
722 609 816 650 amara
829 603 952 664 tempore
966 610 1000 664 pa
1065 601 1090 647 et
1113 601 1290 662 corumptum
1313 599 1471 647 sanctorum
1489 599 1639 662 martyrum
1664 599 1692 646 ιι
1716 589 1856 646 maressa-

219 703 355 764 gauorum
383 702 433 745 sua
462 688 533 743 idola
559 685 783 752 defendentium
817 684 865 741 sed
893 683 1015 740 amarior
1065 699 1127 738 rum
1142 684 1294 737 testimonio
1306 692 1352 737 tea
1365 685 1580 755 exquirentium.
1589 682 1712 754 Deniqm
1722 681 1780 753 jam
1793 693 1855 738 sunt

218 782 392 854 temporibus
422 779 615 836 hereticorum
631 777 774 834 ueritatem
802 776 866 832 tidei
892 777 1012 846 quadam
1066 774 1196 846 ingloria
1218 787 1246 829 ct
1268 774 1341 845 apud
1357 774 1483 831 homines
1501 791 1610 848 qnoque
1631 773 1712 830 daret
1725 773 1855 828 memoria

218 871 460 931 verisimilitudine
475 870 706 943 impugnantium.
733 867 788 925 Sed
811 883 886 924 trunc
905 883 969 925 ecce
985 869 1013 922 ia
1064 878 1161 920 eorum
1172 862 1310 918 damnatis
1323 873 1350 918 et
1360 863 1511 921 confutatis
1522 849 1772 920 contradictoribus
1784 862 1857 932 ipso-

218 981 286 1038 paee
301 964 458 1021 amaritudo
471 977 532 1019 mea
547 963 720 1019 amarissima
741 973 864 1033 tempore
878 960 1012 1017 falsarum
1065 972 1139 1022 rum,
1151 956 1228 1012 rerbi
1245 956 1344 1027 gratia,
1359 956 1437 1012 daret
1448 955 1741 1027 suauiterqucredolet
1756 969 1857 1009 nomen

217 1055 335 1112 fratrum
353 1054 530 1111 irrimicarum
545 1052 772 1120 domesticorum,
803 1066 871 1107 rece
901 1051 1011 1122 guidem
1066 1046 1189 1103 Simonis
1221 1045 1312 1115 Petri;
1341 1046 1429 1102 lumat
1460 1046 1586 1104 eslcetot
1610 1061 1710 1103 nomen
1732 1045 1859 1103 Simonis

122 1173 140 1196 s
220 1147 307 1205 ileum
329 1145 497 1213 latentium,
517 1143 598 1201 lactis
622 1152 714 1200 autem
744 1141 914 1215 negantium.
941 1140 1013 1197 Cum
1064 1139 1146 1211 llagi.
1162 1139 1394 1195 Gaudetincaelo
1409 1148 1516 1211 martyr
1529 1138 1694 1195 Laurentius
1715 1138 1860 1195 laureatus

218 1237 293 1292 enim
312 1252 346 1293 ex
365 1235 422 1292 illis
440 1232 520 1290 multi
538 1233 671 1305 principes
690 1233 718 1288 in
734 1232 857 1303 regimen
871 1230 1008 1286 sublevati
1064 1245 1166 1288 corona
1187 1229 1425 1297 immarcescibili,
1440 1229 1513 1286 dolet
1528 1230 1556 1284 in
1570 1228 1677 1284 interno
1689 1230 1792 1299 impius
1802 1227 1860 1284 lle·

217 1324 354 1393 emerunt,
375 1324 455 1381 sedes
467 1323 593 1380 videlicet
610 1322 669 1378 sire
694 1321 841 1377 cathedras
854 1321 924 1376 altas
939 1320 1014 1376 obti·
1064 1321 1124 1376 cius
1136 1320 1237 1376 ardens
1252 1320 1314 1391 igne
1328 1319 1560 1390 inexstinguibili.
1575 1317 1701 1374 Exsultat
1712 1317 1860 1375 confessor

218 1416 309 1473 nendo
329 1431 378 1487 pcr
391 1414 590 1482 ambitionem,
615 1422 644 1468 et
672 1412 699 1468 bi
729 1412 797 1468 tales
818 1412 1014 1468 adversumne
1064 1412 1233 1490 Athanasius
1247 1419 1369 1466 assertor
1385 1411 1539 1466 catholicus
1556 1411 1637 1479 tidem
1664 1410 1742 1466 ltetet
1755 1424 1860 1466 namen

216 1508 394 1580 loquebantur
414 1506 576 1578 pleramque
590 1504 777 1576 impugnando
791 1502 854 1560 lrdei
868 1503 1013 1560 sincerita·
1059 1504 1123 1560 erit
1136 1502 1336 1575 perturbatoris
1348 1502 1471 1573 ιιιιιιιιιι
1485 1501 1560 1559 uoci.
1571 1501 1701 1558 Ablatum
1714 1511 1757 1557 cst
1772 1500 1861 1570 igitar

217 1611 295 1670 tem,
314 1600 415 1673 sapius
436 1610 527 1656 autem
542 1599 719 1671 depravando
743 1598 926 1655 ecclesiastici
941 1598 1015 1670 regi·
1064 1595 1234 1667 opprobrium
1254 1603 1414 1651 sanctorum
1437 1604 1591 1667 martyrum
1614 1603 1643 1650 et
1663 1591 1860 1649 mulessoruru

215 1693 466 1764 minispuritatem,
483 1700 577 1763 utpote
589 1706 652 1759 sua,
666 1706 721 1748 non
738 1690 786 1748 lici
801 1692 877 1747 incra
891 1691 1014 1763 cogitan-
1064 1690 1215 1746 teetimonic
1236 1698 1283 1743 tua
1297 1687 1514 1758 exquirentium.
1534 1686 1582 1742 Sic
1605 1693 1734 1757 superato
1758 1685 1862 1740 istisi-

138 1825 145 1836 .
214 1795 269 1854 tes,
284 1786 412 1842 bomines
427 1792 554 1841 amantes
568 1798 599 1840 sc
612 1783 711 1855 ipsos,
731 1784 833 1856 cupidi,
848 1785 924 1850 clati,
946 1800 1012 1855 pro·
1028 1772 1050 1827 Β
1064 1781 1111 1838 bili
1128 1779 1205 1837 Golia
1216 1780 1376 1836 Pbilistbaeo
1392 1779 1586 1836 incircumciso
1603 1777 1630 1851 (Ι
1640 1778 1796 1850 liemarus),
1806 1779 1862 1848 qui

216 1877 307 1944 terri,
328 1876 387 1932 sine
407 1872 510 1930 lmdere
525 1916 533 1942 ,
549 1875 609 1930 sine
624 1874 833 1942 misericordia,
861 1876 962 1946 regulis
986 1885 1013 1931 ct
1062 1872 1275 1944 exprobraverat
1292 1872 1451 1944 agminibus
1480 1870 1529 1928 [tei
1550 1871 1679 1938 uirentis,
1707 1872 1792 1937 ιίιιι,
1815 1871 1864 1923 in-

217 1965 659 2044 preceptisl’atrumsanctorum
673 1982 728 2021 nun
753 1966 934 2033 obedicntcs,
965 1982 1012 2021 ro·
1063 1979 1164 2036 quam,
1184 1962 1283 2019 baculo
1302 1963 1434 2034 pastorali
1452 1971 1556 2020 sancoe
1573 1962 1665 2019 crucis
1684 1977 1732 2034 per
1756 1962 1864 2017 beatos

217 2061 353 2138 lnpgatum
366 2067 503 2115 amatores
518 2059 605 2129 magis
618 2074 700 2131 quam
714 2058 761 2114 ilci
775 2043 952 2130 (ΙΓΤὶιιιιιι.
969 2074 1010 2125 ιιι,
1062 2064 1206 2128 martyres,
1215 2055 1242 2110 in
1255 2053 1339 2111 lunda
1350 2062 1461 2127 quoqne
1473 2064 1501 2112 et
1511 2056 1601 2127 lapide
1614 2069 1663 2126 per
1671 2064 1865 2112 canomann-

216 2149 246 2214 3,
271 2147 311 2219 l).
338 2146 501 2220 liuiusmndi
526 2148 652 2204 bomines
677 2148 705 2204 in
730 2148 888 2205 nouissimis
914 2148 1011 2204 dicbus
1062 2145 1183 2204 sessores
1199 2146 1402 2204 fundibularios
1419 2147 1571 2218 prudentes
1591 2146 1712 2203 ablatum
1740 2155 1782 2203 est
1809 2161 1865 2215 cp·

216 2239 421 2315 prenuntiabat
441 2239 590 2311 Apostolus
604 2239 713 2297 laturos
725 2241 893 2297 instantibus
903 2250 1011 2312 tempo·
1060 2240 1196 2310 probriom
1210 2254 1227 2295 a
1239 2254 1305 2295 nero
1315 2238 1413 2306 Dauid,
1424 2254 1505 2310 quem
1517 2239 1663 2310 predictus
1679 2237 1865 2295 cuiusnam

215 2331 296 2388 ribus
310 2328 488 2402 periculosis.
515 2329 549 2385 Et
575 2345 640 2387 ecce
659 2329 717 2402 jam
745 2330 813 2388 tales
840 2345 896 2386 nou
918 2330 1010 2387 solum
1061 2335 1236 2406 cointempsit,
1250 2334 1367 2405 eoquod
1379 2334 1437 2405 ipse
1450 2334 1536 2389 armis
1551 2344 1730 2407 tyrannoram
1745 2331 1866 2387 lortitet·

214 2431 282 2480 sunt
304 2419 479 2493 multiplicati
500 2436 583 2492 super
609 2436 755 2478 numerum
786 2423 943 2490 bonorum,
962 2424 1009 2479 scd
1060 2442 1184 2489 armanus
1205 2437 1274 2486 erat.
1289 2428 1343 2484 Sed
1358 2436 1452 2485 noster
1465 2438 1602 2501 pugnator
1616 2429 1683 2485 solis
1706 2426 1867 2498 pastorali·

209 2513 297 2572 ctiam
319 2513 510 2585 principantur
524 2513 552 2568 in
567 2513 679 2569 sedibus
700 2511 830 2571 Ecclesiae
852 2514 1010 2586 principali·
1060 2525 1113 2580 bus
1127 2520 1320 2578 instrumentis
1333 2529 1429 2576 00⁰1„
1455 2520 1533 2576 snum
1549 2520 1668 2592 murm-1
1683 2527 1796 2591 prmius
1814 2518 1866 2574 sn.

209 2607 268 2664 bas
288 2606 469 2679 opprimendo
489 2607 578 2664 bonos
592 2606 640 2662 tali
661 2607 794 2676 uersutia,
811 2627 820 2660 ι
837 2617 867 2664 ut
886 2608 913 2663 in
929 2622 1009 2663 erro·
1059 2614 1153 2682 cessit,
1169 2621 1200 2668 ut
1211 2597 1331 2667 auferret
1344 2612 1517 2682 opprobrium
1533 2622 1560 2667 et
1573 2609 1795 2682 contemptumne
1815 2608 1866 2666 1⁸.

207 2714 272 2754 rem
288 2697 469 2768 inducantur,
482 2699 506 2756 si
521 2699 580 2756 lleri
592 2709 692 2771 potest,
708 2701 790 2757 etiam
802 2700 879 2758 eiecti
897 2701 1008 2773 (blattis.
1060 2708 1128 2774 rael,
1143 2706 1216 2778 qnod
1239 2715 1267 2761 ct
1289 2703 1391 2759 luctum
1416 2711 1468 2761 est.
1490 2704 1544 2759 Sed
1569 2704 1634 2775 quid
1661 2702 1865 2775 proiecimus!

214 2806 291 2854 xsrr,
305 2791 363 2862 id).
380 2789 459 2848 »Sed
472 2799 575 2862 tamen,
589 2793 637 2876 qui
652 2808 747 2850 reuera
757 2804 799 2851 est
809 2796 922 2864 clectus,
939 2796 1010 2851 inter
1060 2798 1204 2854 Evasimus
1227 2809 1276 2850 ora
1292 2796 1404 2850 leonum
1420 2794 1561 2867 tyrannica
1577 2795 1704 2851 uiolentia
1722 2802 1750 2850 et
1764 2794 1865 2850 baere·

213 2887 283 2945 tales
294 2896 322 2944 et
340 2886 509 2944 subtalibns
531 2896 669 2943 exercetur
691 2887 719 2943 in
735 2887 787 2942 tuis
805 2887 1010 2959 justificationi·
1060 2891 1113 2946 tica
1138 2887 1322 2943 fraudulentia
1350 2887 1532 2943 saevientium.
1555 2886 1746 2943 Verumtamen
1760 2885 1866 2944 adhuc

213 2977 374 3049 bonimius
388 2977 581 3035 enimciamor
597 2986 640 3035 est
652 2979 722 3035 inter
738 2978 909 3050 psallendum
932 2998 941 3037 a
962 2978 1009 3035 Et·
1059 2997 1175 3038 sumus«
1190 2980 1219 3048 in
1230 2979 1322 3035 medio
1337 2978 1491 3034 catalamm
1505 2978 1615 3034 leonum
1631 2977 1716 3048 (Prot.
1728 2975 1861 3046 ιιι,5).ι

212 3071 282 3125 eninr
300 3069 423 3125 sederunt
442 3070 592 3143 principes,
603 3080 628 3126 ιι
648 3071 788 3127 aduersum
807 3087 848 3126 ιιιι
864 3071 1008 3144 lapmian·
1022 3109 1043 3166 c
1060 3075 1101 3128 Αιι
1116 3089 1170 3129 uun
1181 3079 1246 3129 sunt
1259 3071 1343 3127 catuli
1356 3070 1478 3139 iconum,
1491 3070 1540 3140 qui
1553 3070 1605 3126 etsi
1620 3069 1776 3126 nauculam
1788 3068 1866 3125 ido-

214 3167 269 3223 ιιι,
288 3158 376 3230 magis
392 3159 571 3230 approbando
588 3160 661 3215 male
677 3161 772 3216 inolita
785 3176 868 3232 quarn
884 3162 956 3217 baria
969 3163 1010 3217 in·
1060 3164 1097 3231 la,
1113 3176 1202 3233 neque
1217 3169 1375 3231 pervertant
1386 3160 1480 3228 iidem,
1498 3169 1680 3231 corrumpant
1691 3170 1778 3215 tamen
1790 3160 1865 3220 suis

214 3248 307 3305 solita.
327 3246 424 3305 aarum
442 3261 532 3304 nutem
551 3259 612 3304 tuus
632 3251 804 3305 exercebatur
821 3259 933 3306 econtra
954 3251 1008 3306 im·
1059 3250 1332 3309 canlabulationibus
1352 3250 1482 3321 pessimis
1511 3250 1599 3307 bonos
1621 3265 1711 3307 marcu
1726 3247 1865 3305 introdu-

209 3337 443 3410 probandomala
463 3337 577 3406 inolita,
594 3339 812 3395 cornmendando
837 3340 909 3396 bona
933 3341 1009 3397 inse·
1058 3343 1146 3400 cende
1175 3350 1265 3398 sectas
1294 3339 1483 3412 perditionis,
1507 3340 1655 3398 adificatas
1683 3354 1736 3394 nan
1765 3354 1865 3409 supra

213 3427 279 3497 lita,
306 3435 389 3497 prout
410 3426 512 3483 ueritas
526 3435 663 3486 monstrat
686 3429 714 3484 in
735 3430 788 3486 tuir
803 3429 1010 3501 justificationi·
1058 3441 1164 3504 petram
1193 3429 1329 3499 ueritatis,
1344 3429 1392 3486 sed
1417 3445 1501 3501 super
1527 3446 1639 3486 arenam
1672 3429 1797 3485 salsitatis
1830 3441 1866 3485 et

213 3519 263 3574 bus
275 3518 431 3576 tostlilcatis
447 3534 461 3575 a
481 3518 580 3592 legent
604 3520 757 3592 prophetis,
770 3522 806 3577 ab
818 3520 967 3596 Evangelio
982 3534 1009 3580 et
1058 3537 1149 3595 prame
1165 3520 1385 3588 consuetudinis,
1401 3536 1485 3592 quam
1503 3536 1559 3577 uon
1584 3521 1699 3589 diuina,
1726 3520 1785 3575 sed'
1800 3535 1864 3575 sna

213 3608 347 3683 apostolis
370 3627 403 3669 ac
418 3610 547 3667 Patribus
564 3611 737 3669 orthodoxis.
752 3611 823 3669 Nam
847 3626 873 3670 ιι
888 3616 1007 3670 estimo·
1058 3615 1256 3672 roboraverunt
1267 3614 1442 3682 auctoritate,
1456 3623 1587 3685 usurpata
1603 3613 1655 3670 sibi
1670 3627 1750 3683 super
1760 3609 1867 3667 Eccle-

214 3703 262 3761 uin
283 3712 331 3758 tua
350 3702 490 3759 meditatio
509 3717 567 3757 men
586 3710 637 3771 ιιι,
658 3719 720 3775 quae
737 3705 867 3762 meditata
882 3705 1009 3780 mitigant
1058 3706 1128 3766 siam
1141 3703 1283 3778 regiminis
1297 3713 1441 3776 potestate.
1458 3704 1564 3760 Etenim
1578 3705 1752 3770 cedmonaei
1768 3703 1865 3761 seda

214 3795 334 3866 dolores,
355 3806 459 3853 amant
480 3811 571 3852 mores
592 3815 599 3851 ι
619 3806 644 3852 ιι
663 3798 804 3853 carentium
824 3815 910 3854 ncenm
925 3799 1009 3869 jucti-
1058 3798 1129 3855 altas
1153 3805 1360 3867 occupauerant
1378 3798 1510 3867 principer
1536 3795 1632 3851 talium
1658 3793 1864 3852 nominetenus

213 3889 351 3961 electiones
372 3897 446 3956 ture,
467 3888 628 3959 intorques
653 3887 775 3945 attinent
805 3888 893 3955 lldes,
924 3905 1006 3961 spes,
1058 3889 1191 3962 episcopi,
1209 3888 1332 3955 abbates,
1345 3887 1496 3959 praepositi,
1518 3886 1722 3951 archidianoni,
1741 3884 1862 3953 deceni,

213 3981 346 4049 charitas,
362 3981 465 4054 quibus
480 3980 569 4037 tribas
589 3980 783 4038 reconcbiatur
808 3981 1007 4053 atquejnstili·
1058 3982 1187 4054 plebani,
1208 3990 1233 4036 ιι
1253 3979 1391 4035 adoneum
1410 3994 1452 4033 me
1470 3978 1655 4050 topmtomur,
1674 3977 1781 4048 quoties
1803 3991 1860 4032 co·

213 4082 293 4130 catur
314 4075 398 4129 bomo
422 4069 550 4126 Trinitati
568 4086 683 4127 samniae
699 4072 786 4129 tribus
814 4074 913 4129 luorum
939 4089 1008 4130 con·
1059 4089 1120 4129 rum
1134 4086 1235 4143 pravas
1254 4071 1468 4127 consuetudines
1481 4069 1651 4142 impugnari,
1664 4069 1764 4140 quibus
1783 4081 1862 4123 oon·

212 4162 305 4221 trarlls
323 4162 448 4234 pertidia,
463 4162 665 4233 desperatione,
681 4162 746 4217 cilio
761 4163 826 4218 boni
842 4163 1008 4235 depracatus
1057 4173 1100 4219 tra
1115 4179 1159 4218 mc
1171 4160 1329 4219 sedentibus
1343 4170 1372 4216 ct
1388 4156 1498 4217 morose
1515 4160 1662 4231 agentibus
1684 4171 1736 4229 ogo
1761 4156 1856 4215 nauti

212 4265 296 4329 atque
317 4255 403 4313 auco
426 4256 573 4312 alienatus.
593 4254 629 4310 'ln
659 4255 703 4312 lrls
725 4257 1007 4314 versaturennsilinm
1058 4256 1157 4312 stando
1172 4254 1392 4322 laboraui,quia
1412 4251 1466 4309 illis
1491 4251 1634 4308 facultates
1649 4249 1862 4307 ecclesiasticas

213 4360 300 4402 ancum
319 4355 415 4403 contra
435 4345 552 4403 consilia
571 4346 711 4418 gentium,
744 4355 839 4403 contra
865 4347 1007 4419 cogitatio·
1059 4346 1259 4417 «occupantibus
1273 4360 1317 4400 me
1339 4344 1477 4416 oppressit
1490 4353 1615 4415 egestas,
1630 4345 1668 4400 ita
1682 4352 1713 4399 ut
1741 4341 1862 4399 assidue

213 4452 262 4493 nes
284 4438 460 4509 populorum,
483 4445 579 4493 contra
602 4436 717 4492 consilia
747 4437 911 4507 principum.
939 4435 1005 4492 Scia
1021 4453 1042 4506 p
1056 4437 1174 4494 dicerem
1191 4453 1198 4491 ι
1214 4455 1223 4488 ι
1238 4434 1295 4504 Ego
1306 4450 1372 4491 uero
1383 4452 1485 4507 egenus
1498 4446 1526 4491 et
1547 4452 1651 4509 pauper
1671 4452 1746 4502 sum,
1777 4433 1860 4494 Deus

213 4528 287 4600 quod
305 4547 314 4581 ι
330 4526 464 4585 Dominus
479 4525 597 4597 dissipat
619 4524 732 4581 consilia
750 4527 888 4597 genitium,
912 4541 1008 4596 rcpro·
1061 4528 1158 4598 adjura
1175 4542 1218 4584 me
1234 4526 1322 4598 (Pani.
1339 4543 1414 4595 cxix,
1426 4528 1465 4598 (i).
1484 4529 1561 4585 »Pae
1575 4529 1661 4585 nimia
1672 4528 1764 4600 itaque
1780 4542 1861 4598 paa-

216 4619 267 4676 bat
289 4628 380 4676 autem
411 4618 594 4691 cogitationes
618 4616 804 4688 populorum,
835 4625 863 4672 ct
882 4617 1010 4688 reprobat
1058 4627 1165 4689 portate
1183 4616 1353 4684 imminente,
1369 4618 1505 4690 uidelicet,
1518 4619 1564 4675 illa
1578 4627 1719 4691 egestate,
1738 4618 1773 4674 dc
1795 4632 1859 4686 qua

213 4710 329 4768 consilia
348 4712 502 4784 principum
532 4709 621 4784 (Prot.
647 4725 741 4776 ιιιιιιι,
760 4707 814 4781 to).
833 4727 843 4762 ι
861 4708 1009 4765 Consilium
1059 4711 1203 4767 diciturin
1222 4709 1273 4768 lob
1295 4728 1301 4764 :
1322 4730 1331 4763 ι
1350 4709 1459 4766 l'acicm
1480 4711 1563 4782 ejus,
1583 4729 1594 4762 ι
1615 4710 1740 4766 videlicet
1755 4708 1858 4764 Leria·

216 4810 309 4857 autem
325 4800 541 4858 Dominimanct
557 4802 584 4857 in
601 4812 751 4865 aeternum,
769 4799 919 4858 secundnm
935 4799 1008 4872 quod
1061 4802 1126 4858 tban
1144 4800 1397 4870 seuBebcmotlr,r
1420 4802 1553 4873 precedet
1579 4810 1687 4873 egestas
1706 4798 1769 4871 (tot
1794 4815 1858 4867 su,

216 4905 325 4961 semper
350 4889 471 4963 dirigere
498 4893 610 4949 intendo
636 4893 777 4950 scurrilium
801 4908 901 4959 meum,
922 4901 952 4947 ut
973 4893 1010 4947 sit
1060 4893 1117 4965 lb).
1136 4913 1147 4947 ι
1163 4892 1262 4950 Factus
1275 4909 1335 4948 snm
1349 4895 1376 4948 in
1392 4893 1515 4949 derisum
1533 4903 1562 4949 et
1581 4892 1858 4965 opprobriorumque

216 4980 327 5040 conniis
341 4980 434 5038 ditium
448 4997 601 5039 cotteanum
618 4993 646 5040 ct
668 5000 683 5040 a
708 4984 833 5041 corrsiliis
847 4982 942 5039 mundi
958 4983 1010 5039 bn·
1060 4996 1238 5058 contemptum
1258 4988 1284 5042 in
1304 4996 1454 5057 cotrspcctu
1473 4988 1625 5057 principum
1641 4996 1734 5042 contra
1751 5002 1793 5041 ιιι
1809 4984 1858 5039 tc·

214 5075 259 5146 ins
277 5073 428 5141 diversum,
444 5073 488 5129 cal
503 5070 592 5131 lactus
607 5091 668 5131 sum
682 5077 710 5133 in
724 5077 897 5148 opprobrium
909 5085 1010 5133 ctcon·
1060 5084 1205 5152 quamuis,
1225 5082 1300 5138 etad
1315 5082 1367 5139 boc
1392 5083 1557 5151 sederuium,
1579 5083 1605 5138 id
1620 5093 1661 5140 cst
1676 5097 1786 5139 morose
1804 5097 1858 5136 na·

217 5184 343 5244 tmrptnnt
363 5172 542 5245 propter-troc
562 5173 695 5240 manime,
715 5176 779 5245 puin
793 5174 946 5230 aestimando
962 5183 1009 5228 tua
1061 5175 1194 5229 cantium.
1224 5173 1355 5241 Quanam
1370 5182 1414 5231 est
1434 5175 1493 5231 baec
1507 5184 1615 5247 egestas
1629 5173 1787 5247 praecedens
1807 5173 1856 5228 la-

216 5266 288 5323 lleur
299 5265 440 5339 requiriri,
455 5263 558 5336 quibus
569 5263 737 5321 assertiones
758 5280 835 5322 meas
849 5267 886 5322 ita
901 5265 1009 5321 munira
1060 5267 1128 5323 ciem
1144 5266 1324 5323 distichi-isti?
1342 5264 1401 5322 Nisi
1426 5265 1516 5335 lallar,
1544 5274 1653 5338 egestas
1669 5265 1801 5322 virtutum
1824 5275 1856 5320 ct

216 5358 320 5428 studui,
333 5366 363 5416 ut
373 5358 417 5416 eis
429 5357 456 5414 in
473 5359 588 5414 ueritate
603 5357 733 5415 stabilitis
747 5374 801 5414 ιιιιι
816 5366 930 5429 possent
943 5371 1010 5414 con·
1059 5359 1245 5414 virtuosarum
1263 5359 1397 5427 uirorum,
1411 5359 1513 5432 quibus
1527 5360 1556 5415 in
1579 5357 1701 5417 Ecclesia
1712 5372 1856 5414 rarescen-

214 5449 349 5506 trudicere
359 5449 509 5506 aduersarii
522 5448 586 5516 mci,
595 5448 695 5520 qtribus
705 5446 795 5505 lactus
805 5464 867 5505 sum
878 5448 1009 5518 inappro·
1058 5450 1144 5520 tibus,
1156 5459 1204 5506 aut
1215 5466 1272 5523 prae
1287 5451 1378 5522 inopia
1387 5452 1472 5507 nimia
1484 5451 1675 5508 delinientibus
1690 5451 1853 5522 iniquorum

216 5541 302 5594 briorn
320 5552 345 5595 et
358 5549 550 5612 contemptam,
567 5541 632 5610 quia
644 5541 795 5596 tertintouio
810 5539 932 5596 ueritatis
943 5552 1010 5595 con·
1059 5545 1188 5618 praevalet
1202 5543 1382 5615 principatus,
1398 5545 1427 5599 in
1443 5559 1499 5616 quo
1513 5543 1701 5601 danobristus
1712 5543 1770 5615 jam
1791 5557 1855 5615 my·

217 5637 359 5695 temnunt,
381 5629 419 5683 illi
435 5631 564 5696 manicae,
578 5632 626 5700 ιιι)
648 5647 696 5686 scra
715 5640 860 5702 qrraerum,
876 5647 930 5688 non
946 5648 1009 5704 qum
1060 5639 1175 5693 sterium
1192 5645 1321 5706 operatur
1332 5636 1495 5707 iniquitatis.

216 5715 281 5772 ³⁰¹⁰
294 5717 395 5773 fllfflsll
410 5719 538 5790 (Philipp.
555 5725 596 5790 ¹¹l·
1094 5729 1144 5784 Cui
1156 5743 1223 5796 crgn
1239 5728 1456 5786 assimilabimus
1471 5729 1640 5798 approbrium
1654 5729 1713 5788 site
1733 5738 1851 5784 ιιιιιιιιι·
