3892 6067
253 227 322 286 iss-t
731 207 880 278 eazauorn
898 215 1093 275 ramnusia
1113 215 1386 276 nrrcuausennr.
1417 239 1419 243 ,
1798 216 1847 278 tra

253 343 436 418 indigentibus
450 355 576 411 magnum
598 337 727 408 iujuriam
751 335 866 403 iaciunt,
878 332 1044 392 destruendo
1058 347 1080 401 Α
1095 336 1202 391 noviter
1213 334 1355 406 acquisitis
1367 331 1527 388 eartouicam
1546 330 1745 400 dispositionem
1761 350 1842 406 quam

252 437 281 494 ln
296 432 503 507 baptismalibus
517 429 641 485 ecclesiis
655 437 746 500 portas
774 427 907 495 lontinm;
934 442 995 498 quae
1008 426 1042 480 de
1092 442 1153 480 rurn
1166 427 1278 482 minime
1288 427 1432 498 provestirc
1443 443 1451 491 ;
1464 424 1511 480 sed
1525 427 1665 494 episcopos
1684 426 1793 484 locorum
1804 442 1846 489 tar·

253 543 308 583 uno
319 526 488 581 decimarum
508 521 660 592 quadrante
680 534 787 589 semper
809 518 938 573 deberent
948 525 1042 587 patere
1093 516 1234 571 tummodo
1251 516 1416 572 distribui-re
1445 524 1569 586 quartam
1602 515 1768 586 antiquorum
1780 525 1845 580 reddi

252 622 280 675 iu
300 616 474 673 reiectionem
488 628 649 685 pauperum.
1093 618 1180 674 tirum,
1191 623 1263 662 nurrc
1274 606 1459 676 rernquasita
1472 605 1530 661 suis
1541 605 1637 661 usibus
1649 606 1845 677 retinereonam-

286 708 421 779 0quanto
431 707 533 762 rectius
547 713 668 775 agerent,
677 703 700 758 si
714 711 921 772 supranotatum
933 700 1042 755 Patrem
1092 701 1185 755 obrem
1211 715 1333 770 pravam,
1353 697 1644 768 subintroductamque
1658 705 1845 760 consuetudinem

253 802 304 856 rite
323 787 565 864 imitandactiam
591 793 724 849 laicorum
741 792 894 846 oblationes
913 792 1041 856 vitarent,
1092 791 1250 847 fraternitas
1275 800 1321 845 tua
1338 790 1467 844 vivaciter
1482 789 1628 844 emendare
1649 787 1760 857 lestinet,
1772 794 1846 852 ursin

253 893 301 963 qai
315 901 410 948 contra
424 888 476 958 ias,
490 885 640 957 contraius
651 886 771 941 decimas
781 881 938 949 retinentes,
954 900 1041 954 quan·
1092 882 1125 937 de
1136 882 1280 951 praeteritis
1293 881 1455 944 redditibus,
1468 880 1525 935 sire
1538 880 1570 934 de
1582 880 1626 935 lris
1647 883 1691 952 qni
1713 884 1847 943 acriterob·

254 985 300 1040 diu
313 983 479 1039 oblationem
494 994 572 1035 suain
586 976 714 1032 auserunt
726 976 827 1031 trustra
846 991 912 1030 suas
926 976 1043 1030 oblatio-
1093 983 1224 1028 venerunt
1242 972 1283 1026 rel
1295 970 1451 1038 obvenient,
1462 986 1567 1042 quartas
1586 973 1731 1028 secundum
1745 975 1824 1032 distrib
1838 1007 1846 1021 ·

254 1092 303 1132 nes
316 1073 450 1146 religiosis
476 1071 604 1127 oderunt.
630 1067 699 1122 bum
714 1067 785 1123 enim
799 1077 920 1121 sanctam
935 1067 1044 1138 religio·
1094 1067 1195 1119 tiortcru
1212 1065 1373 1120 canonicam
1385 1064 1587 1134 dispensentur.
1602 1063 1773 1138 incongruum
1791 1085 1847 1124 nau·

255 1182 316 1223 nem
334 1166 487 1230 destruunt,
506 1161 540 1217 de
552 1174 604 1230 qna
617 1160 815 1228 scriptumest:
831 1154 931 1225 Religio
946 1157 1044 1209 urrrrrdu
1094 1171 1147 1224 que
1171 1165 1213 1210 est
1241 1171 1324 1210 unam
1347 1156 1526 1225 eamdemque
1549 1154 1677 1212 Ecclesiae
1702 1160 1847 1216 substantiam

254 1267 278 1311 et
292 1253 463 1311 imrrtacniqta
475 1253 546 1322 aprrd
559 1251 641 1305 Deum
653 1259 677 1303 et
688 1246 796 1301 Putrem
809 1247 863 1302 boc
875 1256 923 1311 est,
939 1246 1045 1301 uisitare
1094 1246 1197 1317 duplici
1218 1248 1422 1318 quodammodo
1443 1247 1561 1312 censeri,
1578 1248 1605 1303 id
1630 1258 1680 1308 cst.
1697 1253 1848 1321 usurpationis

255 1351 369 1421 pupillos
384 1358 408 1401 et
422 1347 514 1400 viduos
527 1346 552 1398 in
572 1342 741 1399 tribulatione
756 1357 857 1406 corun,
877 1351 901 1395 et
914 1341 1045 1395 irntrrortt-
1095 1350 1121 1392 et
1136 1344 1281 1394 canonum.
1299 1359 1309 1392 t

256 1445 382 1497 intonare
406 1438 537 1492 canonice
566 1435 598 1489 cb
632 1436 679 1488 loc
713 1434 809 1489 cuculo
839 1431 911 1501 (lac.
934 1447 953 1495 r,
973 1431 1041 1500 iil,
1130 1431 1279 1495 Auditiso
1299 1431 1593 1500 monaelri,quomodo
1617 1430 1709 1488 beatus
1733 1433 1847 1505 Gregorius

256 1536 333 1603 dum,
354 1534 479 1603 inquam,
493 1530 572 1584 talem
589 1527 748 1598 religionem
769 1525 925 1590 destruunt,
938 1538 971 1578 ac
997 1539 1044 1593 per
1096 1523 1264 1578 exsecrando
1291 1536 1378 1576 noras
1406 1522 1609 1591 usurpationes,
1622 1532 1650 1578 et
1668 1528 1847 1582 commendando

258 1633 309 1683 troc
324 1620 639 1681 anatlteurallaranatlra
666 1619 821 1687 incurrunt,
839 1614 989 1671 carendum
1005 1624 1046 1668 est
1098 1629 1192 1671 sacros
1219 1627 1350 1678 canones,
1366 1629 1477 1683 prauam
1505 1616 1726 1672 cousuetudinem
1750 1619 1847 1673 siraciter

258 1717 399 1772 rnorraclris
413 1727 439 1770 et
454 1713 582 1768 otrrnibus
595 1709 730 1780 religiosis
742 1750 749 1775 ,
761 1723 795 1762 ne
811 1706 861 1761 boc
874 1706 1046 1761 anathemate
1064 1718 1082 1771 Β
1097 1706 1234 1761 emendari
1246 1705 1377 1774 praecipit,
1392 1721 1473 1774 quam
1488 1707 1575 1762 sacris
1586 1708 1731 1764 canonibus
1740 1711 1846 1766 aduersari

258 1810 400 1874 laedantur,
421 1805 532 1877 quaudo
545 1817 652 1873 percos
674 1814 825 1870 pauperum
845 1799 1008 1869 spoliatores
1019 1798 1045 1852 in
1097 1796 1293 1868 deprehendit?

258 1915 307 1954 sua
321 1897 464 1966 iniquitate
486 1893 685 1950 cortiortantnr.
708 1890 830 1957 Quorum
859 1889 881 1943 si
898 1887 991 1942 tandiu
1005 1888 1046 1941 ri·
1133 1888 1162 1942 Si
1178 1903 1242 1959 crgo
1254 1902 1304 1943 nec
1319 1902 1403 1942 noras
1413 1887 1611 1957 acquisitiones
1632 1891 1712 1961 liujus
1731 1892 1787 1947 tanti
1799 1905 1847 1961 pon·

257 1997 345 2045 tarent
356 1987 532 2050 oblationum,
545 1985 631 2040 detrec
648 1983 698 2054 ipsi
710 1983 836 2053 primitus
847 1979 902 2035 Deo
918 1994 1048 2049 recogno·
1099 1980 1179 2035 tillcis
1190 1979 1341 2034 auctoritas
1369 1980 1654 2051 permittit‘episeopis
1675 1983 1748 2038 aliter
1766 1982 1846 2052 dispen-

258 2087 364 2136 scerent
380 2077 546 2133 oblationem
561 2089 651 2141 stram,
662 2083 728 2144 puto
738 2074 869 2143 quoniam
882 2081 909 2125 ct
923 2085 971 2124 eos
986 2071 1048 2124 lau·
1100 2087 1170 2138 sare,
1185 2086 1266 2141 quarn
1282 2078 1413 2124 statutum
1430 2083 1471 2125 est
1485 2073 1636 2129 reserenda
1660 2089 1781 2129 canonum
1802 2089 1845 2129 aar·

258 2173 454 2226 daretsanetus
465 2167 624 2238 Gregorius,
635 2181 689 2220 nou
701 2166 757 2235 jam
769 2165 882 2234 loquens
894 2164 920 2216 in
930 2162 1047 2232 dialogo,
1101 2163 1202 2230 (trione,
1218 2181 1304 2235 qrrare
1318 2167 1358 2220 rel
1370 2166 1490 2237 episcopi
1506 2181 1555 2221 eas
1572 2167 1661 2221 taliter
1673 2166 1788 2222 tradendo
1798 2181 1846 2236 pre·

259 2261 307 2316 sed
321 2275 383 2315 cnm
396 2257 506 2312 Gbristo
515 2271 633 2327 regnans
643 2255 670 2309 in
683 2255 761 2310 coelo.
1102 2257 1236 2309 sumunt?
1249 2257 1292 2310 rel
1309 2257 1434 2311 ntunaciri
1451 2273 1499 2313 eas
1514 2273 1529 2312 a
1545 2259 1711 2316 tradentibus
1733 2259 1845 2330 serpunt

295 2352 367 2407 idean
395 2360 484 2405 tamen
508 2347 631 2404 scribens
643 2343 677 2399 ad
701 2343 884 2415 dugrrstiuum
900 2343 1050 2414 drtglorum
1102 2346 1266 2402 affirmantes
1279 2348 1349 2403 banc
1361 2363 1422 2403 csse
1434 2348 1582 2419 legitimans
1611 2349 1845 2420 traditionemque

260 2444 497 2515 archiepiscopum
520 2440 586 2495 satis
609 2439 730 2494 insinuat
754 2436 826 2507 quod
840 2436 883 2491 lex
895 2436 945 2492 ista
966 2436 1052 2498 eccle·
1102 2438 1197 2492 beatus
1209 2438 1368 2511 Gregorius,
1385 2448 1416 2495 ut
1430 2441 1530 2495 lectum
1555 2451 1607 2508 est,
1619 2443 1730 2512 appellat
1744 2455 1845 2509 ‹usurpa-

260 2535 385 2592 siasticas
410 2533 597 2604 possessiones
628 2529 773 2600 quartandi
805 2543 860 2583 non
896 2535 937 2582 cst
950 2527 1049 2597 posita,
1103 2530 1217 2596 tionem,
1229 2538 1255 2585 et
1281 2546 1402 2600 pravam,
1429 2533 1717 2603 subintroductamque
1736 2541 1845 2589 consuas

260 2629 314 2683 uisi
332 2636 442 2698 propter
456 2619 1052 2696 transgressorcsapostcticaenice,cte1·tcos
1103 2621 1236 2676 dinami»
1258 2620 1355 2677 Situm
1373 2622 1452 2693 plana
1480 2634 1554 2680 esset
1579 2642 1594 2681 a
1620 2627 1729 2696 septimo
1749 2624 1844 2695 Gregorio

261 2721 365 2777 scilicet
387 2718 542 2775 srecrrlares.
568 2715 638 2771 Nam
664 2714 804 2790 communi
820 2712 874 2765 rita
899 2709 1054 2765 virentibus
1104 2713 1238 2768 sententia
1253 2716 1395 2770 mortacltis
1413 2716 1475 2771 data
1490 2717 1524 2772 ad
1552 2718 1735 2788 parocliiaruru
1748 2716 1844 2786 recipire

263 2811 338 2866 nulla
352 2810 394 2866 lor
410 2809 498 2879 posita
518 2817 571 2872 cst,
598 2806 651 2861 nisi
664 2813 694 2858 ut
709 2818 803 2868 etune,
817 2802 890 2871 quod
917 2791 1052 2871 superest,
1105 2806 1155 2861 das
1167 2807 1297 2870 decianas,
1314 2823 1397 2878 quam
1411 2809 1492 2878 plana
1503 2818 1530 2864 ει
1542 2812 1622 2881 plena
1636 2821 1676 2867 est
1688 2811 1758 2881 primi
1773 2809 1844 2877 Grego

264 2902 431 2974 pauperibus
456 2908 484 2955 et
507 2897 693 2968 indigentibus
719 2895 866 2950 tribuatur.
893 2891 968 2947 Unde
992 2908 1054 2947 cunr
1105 2899 1232 2954 riitaleur
1251 2901 1456 2970 usurpationem
1474 2903 1623 2971 prohibens
1647 2903 1845 2970 auctoritasque

263 2994 376 3064 praelato
396 2987 551 3061 Augustino
569 2987 719 3057 nttglnrum
740 2983 947 3054 arciriepiscopo
969 2982 1053 3054 legem
1107 2999 1198 3046 samm
1223 2992 1289 3061 quta
1314 3001 1386 3047 ηοω
1410 2992 1500 3062 popo„
1524 3000 1554 3048 qq
1581 2995 1712 3064 gnqquqop
1734 2989 1843 3047 guqquas

262 3093 372 3156 imples
386 3093 603 3153 ²f³ss⁸8l0830l⁰⁵
614 3076 730 3146 bibitam
756 3075 851 3130 biblus
867 3074 912 3129 iiie
934 3088 1055 3129 “illime-
1069 3059 1090 3117 c
1105 3093 1319 3152 preparet-etun
1336 3084 1358 3138 si
1374 3082 1522 3154 Gregorius
1537 3085 1677 3158 Gregorio,
1691 3080 1843 3150 uinarmpn

263 3183 411 3243 morasset5
435 3188 469 3229 ue
484 3171 668 3227 communiter
689 3167 844 3223 uirentibus
856 3175 999 3237 putaretur
1010 3182 1056 3221 ea·
1106 3174 1307 3228 adversaretur.
1324 3172 1376 3228 Sed
1387 3175 1459 3229 absit
1475 3186 1503 3230 ut
1516 3175 1596 3232 hoca
1616 3175 1844 3236 nobissentiatur,ut

263 3271 325 3325 dem
337 3268 378 3323 les
396 3268 460 3323 data
474 3281 535 3335 qua
547 3274 656 3335 propter
672 3273 889 3331 transgressores
898 3269 940 3315 est
954 3259 1054 3331 posita,
1106 3265 1178 3318 inter
1190 3264 1316 3318 ultimum
1332 3273 1360 3319 et
1378 3265 1497 3335 pritnum
1512 3265 1672 3338 Gregorium
1694 3268 1725 3323 de
1745 3264 1844 3321 mouit·

264 3365 302 3417 ait
314 3381 321 3415 ι
334 3380 343 3413 r
356 3359 500 3415 Gomntuui
510 3368 601 3411 autem
615 3355 668 3409 rita
677 3353 829 3408 riseritibus
841 3352 898 3422 jain
909 3351 942 3406 de
955 3350 1056 3406 lacieu-
1107 3355 1179 3409 tione
1189 3354 1357 3411 decimarum
1369 3355 1557 3424 dissentiatur,
1570 3358 1710 3417 cumsieut
1719 3358 1810 3428 primus,
1820 3353 1844 3406 iu

264 3454 307 3508 dis
323 3428 496 3523 portionibus
515 3447 557 3500 rel
576 3446 610 3500 ad
627 3443 808 3499 exhibendam
831 3442 1055 3512 hospitalitatem,
1106 3456 1132 3499 et
1143 3445 1401 3501 ultimuscauonum
1418 3448 1567 3504 constituta
1582 3452 1661 3504 etiaur
1673 3464 1689 3504 a
1701 3443 1844 3504 monumen

263 3546 306 3601 rel
318 3545 351 3599 ad
371 3541 537 3613 implendam
564 3537 794 3604 inisericordiam,
820 3538 885 3609 quid
914 3538 1057 3594 trobiserit
1107 3536 1157 3592 bac
1171 3537 1308 3592 subtantia
1320 3540 1687 3613 serraripraecipianrirque
1699 3537 1845 3596 illisdeciau

265 3628 442 3707 loquendum,
466 3631 517 3687 nisi
541 3645 633 3695 omne,
658 3629 731 3699 qnod
750 3637 884 3699 superest,
910 3628 937 3683 in
965 3629 1056 3684 causis
1105 3627 1231 3697 proprias
1244 3644 1306 3684 cum
1332 3630 1521 3701 episcoporum
1554 3633 1660 3688 licentia
1684 3632 1786 3688 detinere
1803 3639 1844 3696 prr·

265 3725 317 3799 piis
333 3740 365 3780 ac
383 3721 518 3794 religiosis
540 3719 720 3786 erogandum,
744 3717 816 3774 sicut
836 3718 969 3788 scripturn
990 3727 1054 3773 est:
1107 3720 1207 3776 mittat.
1224 3720 1290 3789 Qrtae
1305 3722 1452 3793 permissio
1467 3726 1575 3796 septimi
1588 3725 1704 3798 Gregorii
1714 3717 1844 3796 priaton

270 3816 453 3872 Verumtamen
477 3815 547 3885 qrrud
571 3820 699 3883 superest,
724 3810 786 3864 dote
806 3808 1005 3880 eleemosynam,
1031 3819 1056 3863 et
1106 3813 1185 3882 gorio
1200 3829 1253 3869 nou
1273 3817 1390 3872 inultum
1420 3823 1591 3876 attrersatur.
1617 3819 1667 3886 erl
1690 3816 1844 3873 mosariorum

264 3908 353 3961 munio
367 3906 466 3959 rnnada
485 3914 545 3959 sterit
556 3903 647 3959 uobis?
665 3921 675 3954 t
691 3902 767 3975 (bne.
784 3919 822 3969 xi,
838 3901 896 3969 dl.)
1106 3903 1225 3959 libertati
1235 3914 1262 3960 et
1277 3908 1361 3977 quieti
1376 3911 1492 3964 nntltum
1510 3911 1539 3966 iu
1558 3911 1615 3968 suis
1631 3910 1737 3966 decretis
1748 3904 1844 3971 satagi·

300 3996 370 4054 lices
389 3995 444 4053 Deo
459 3998 571 4068 gratias,
583 3996 679 4050 beatus
693 3993 841 4064 Gregorius
857 3993 996 4048 evidenter
1008 3996 1053 4048 in·
1107 4005 1170 4062 tur;
1187 3997 1223 4052 ita
1240 4007 1341 4068 umen,
1358 4010 1387 4057 ut
1399 4003 1426 4058 in
1438 4005 1544 4076 synodo
1555 4002 1756 4062 Gbabedeuensi
1766 3997 1842 4069 legitur.

266 4088 439 4159 dicat,quod
457 4088 490 4143 ad
509 4088 665 4143 communis
684 4087 746 4141 vitae
760 4086 952 4141 observatores
970 4100 1054 4154 quar·
1106 4089 1158 4144 sub
1182 4093 1375 4162 episcoporum
1406 4104 1539 4165 potestate
1559 4098 1610 4169 ipsi
1630 4094 1747 4153 monachi
1768 4101 1843 4161 praa

268 4181 345 4243 tatio,
357 4181 390 4235 de
401 4194 454 4250 qua
466 4179 615 4248 loquimur,
631 4194 685 4234 nou
701 4181 846 4248 pertinent.
859 4176 947 4245 Quaen
965 4187 1056 4232 tamen
1106 4194 1205 4250 nearrt;
1228 4183 1348 4253 alioquin
1369 4185 1491 4256 ejusdem
1513 4190 1610 4262 synodi
1631 4197 1727 4244 statuta
1744 4198 1782 4239 eos
1793 4193 1842 4233 0⁰¹1r

266 4272 371 4350 ceteris
387 4271 494 4327 clericis
512 4281 589 4325 cntra
608 4284 781 4325 conamunem
794 4270 877 4324 sitam
900 4270 1055 4325 virentibus
1106 4272 1235 4329 munione
1249 4275 1366 4344 privant.

266 4362 334 4416 aileu
349 4361 533 4416 necessariam
557 4360 669 4423 indicat,
685 4368 726 4427 ut,
740 4359 867 4431 quisquis
890 4360 1095 4458 sertcpiscoD
1143 4361 1172 4417 Si
1186 4379 1251 4435 ergo
1265 4366 1394 4437 episcopo
1406 4368 1542 4438 justitiam
1561 4372 1720 4427 deeimarum
1743 4362 1841 4431 migetii·

266 4470 363 4524 porum
378 4470 427 4510 seu
441 4453 603 4510 elericorum
619 4463 697 4507 entra
725 4468 897 4508 corrnmunem
916 4454 998 4510 sitam
1015 4457 1055 4510 ri·
1109 4455 1224 4512 rebelles
1237 4456 1305 4511 dunt
1319 4461 1456 4527 monachi,
1470 4461 1549 4531 juxta
1563 4471 1688 4519 statutum
1699 4445 1840 4530 syaortibi

266 4543 386 4599 scirtium
398 4545 432 4599 de
446 4543 560 4600 decimis
574 4545 732 4615 caterisque
742 4544 885 4615 stipendiis·
895 4545 1058 4602 ecclesiasti·
1107 4544 1268 4601 redonensis
1279 4557 1389 4618 propter
1400 4550 1487 4619 ipsam
1503 4553 1673 4607 rebellionem
1696 4531 1841 4602 armamini·

267 4635 318 4700 cis,
332 4647 512 4707 praeterquam
530 4637 592 4693 inde
605 4646 737 4693 statutum
752 4645 804 4705 est,
818 4652 869 4694 suo
883 4646 1005 4708 tempore
1017 4638 1057 4693 la·
1107 4638 1197 4701 candi,
1208 4638 1286 4709 juxta
1302 4639 1367 4695 illud
1383 4643 1526 4699 anathema
1549 4644 1734 4714 periclitantur,
1747 4646 1792 4704 quo
1802 4626 1841 4679 lli

268 4735 351 4791 curet,
371 4743 425 4782 uon
439 4729 604 4806 dubitaverit
618 4729 671 4784 boc
683 4729 820 4799 appellare
837 4731 1055 4799 usurpationem.
1107 4731 1209 4788 latores
1241 4744 1359 4801 quatuor
1374 4736 1564 4806 principalium
1589 4734 1753 4791 correiliorun
1764 4740 1777 4778 a
1787 4723 1840 4775 ΜΝ

267 4811 360 4885 Neque
369 4817 442 4871 enim
457 4819 531 4875 solas
543 4820 737 4876 decimationes
749 4830 776 4875 ct
788 4821 914 4892 antiquas
927 4836 1056 4892 agrorum
1107 4822 1238 4895 Gregorio
1250 4825 1278 4879 in
1289 4841 1337 4882 sua
1363 4827 1491 4898 synodica
1515 4827 1670 4883 multantur.
1691 4821 1750 4877 llam
1762 4815 1840 4883 silim

267 4905 414 4977 pensiones
427 4910 608 4979 persingulas
622 4925 710 4966 auitos
728 4911 812 4967 noluit
828 4927 876 4980 per
890 4911 1056 4969 ecclesiasti·
1108 4915 1270 4970 seutentiam
1282 4916 1366 4981 illius,
1380 4918 1428 4988 qui
1448 4919 1545 4974 horum
1572 4927 1684 4988 quatuor
1703 4907 1838 4969 concilietur¹

267 5013 314 5053 cos
324 4997 465 5052 ministros
478 4999 609 5070 episcopo
618 5001 916 5072 judicantedispensari
927 5020 934 5070 ;
946 5005 993 5058 sed
1005 5004 1057 5060 lroc
1108 5005 1273 5061 soliditatem
1286 5023 1340 5062 non
1357 5017 1441 5074 tenet,
1455 5009 1562 5065 etiamsi
1585 5009 1652 5078 lapis
1674 5019 1728 5061 csse
1740 4997 1838 5054 rideatur·

267 5090 357 5160 ipsum
371 5090 398 5145 in
415 5090 494 5145 noris
515 5088 698 5147 Ecclesiarum
715 5094 944 5163 acquisitionibus
959 5097 1055 5165 praeci·
1107 5105 1183 5151 entra
1198 5099 1342 5155 aedilicium
1355 5100 1445 5172 jacet:
1460 5102 1608 5159 carendum
1621 5089 1790 5156 cstmnnacbis
1807 5091 1839 5150 brt

195 5228 198 5234 .
266 5180 367 5249 piondo
390 5182 486 5237 statuit
506 5184 657 5246 casemari,
680 5193 710 5238 ut
739 5186 882 5256 episeopus
902 5203 986 5258 super
1014 5190 1057 5244 bis
1107 5188 1354 5248 Gbaleedoncnscnt
1371 5195 1504 5265 sporadum
1519 5194 1552 5249 ad
1568 5189 1736 5247 obedientiam
1750 5178 1837 5248 episcopt

267 5273 348 5328 aliurn
378 5283 538 5345 potestatem
564 5291 620 5328 non
641 5275 765 5342 baberet,
776 5277 831 5358 nisi
854 5287 884 5333 ut
901 5289 956 5334 tam
972 5295 1056 5336 noras
1107 5279 1159 5335 sub
1171 5285 1453 5341 excommunicatione
1465 5283 1605 5346 restrictis,
1620 5299 1653 5338 ne
1666 5258 1837 5352 praemolli&

267 5380 350 5436 quam
361 5377 465 5422 ueteres
478 5367 672 5439 acquisitiones
683 5370 835 5427 ouamaudo
842 5370 924 5440 juxta
937 5386 1056 5429 canones
1107 5380 1201 5425 sancta
1210 5380 1237 5427 et
1249 5372 1327 5443 justa
1337 5376 1513 5447 praecipienti,
1529 5375 1686 5432 sedecimas
1695 5369 1762 5438 juata
1780 5364 1836 5412 esna

266 5455 445 5526 dispensaret.
1107 5478 1172 5515 nunt
1187 5463 1255 5520 scita
1267 5466 1411 5536 disponere
1423 5469 1521 5523 volenti
1533 5467 1696 5537 aliquatenus
1713 5455 1834 5524 curubim·

305 5545 382 5604 Uinde
393 5551 486 5605 scribit
496 5549 663 5610 Maximiano
675 5554 805 5624 episcopo
819 5553 992 5623 Syracusano
1004 5556 1054 5622 in·
1080 5583 1088 5594 ·
1106 5545 1175 5621 Qu'ia
1186 5555 1334 5629 Gregorius
1358 5562 1499 5630 septimus,
1513 5560 1539 5615 in
1568 5573 1622 5628 quo
1643 5551 1758 5609 latiariter
1777 5530 1833 5593 Μ’

268 5646 309 5689 ter
331 5648 473 5694 caterae«
494 5640 678 5712 cognorimus
702 5645 735 5699 de
755 5644 904 5702 redditibus
929 5645 1056 5704 Ecclesia
1106 5649 1183 5716 duat,
1200 5651 1321 5705 nec-ruit
1340 5669 1390 5707 nec
1413 5662 1499 5725 potest
1525 5629 1832 5707 mercennariam
