3892 6067
152 260 224 366 libb
579 303 671 359 rtTAE
690 300 886 358 brurnulitrt
907 300 952 356 ET
971 301 1169 359 ttttts'tortts
1188 300 1364 358 eonardo.
1702 302 1768 359 rtet

151 440 205 482 non
221 439 307 480 onrrm
323 439 373 495 ego
395 432 504 489 testem,
523 420 570 478 scd
595 430 679 476 totam
701 418 874 476 introducam
894 435 935 475 re·
953 424 974 482 ,t
994 416 1121 488 Nunquid
1138 434 1229 475 rarum
1243 429 1290 474 aut
1311 434 1414 474 uorum
1431 418 1479 474 tibi
1491 418 1607 486 ridetur,
1629 434 1691 477 esse
1714 419 1771 479 illia

149 517 259 590 giorrem
273 526 348 572 trans
361 515 474 576 AEunm.
487 515 533 585 qui
546 513 655 584 quidenr
668 514 720 568 boc
731 510 833 568 facturn
845 511 934 567 adbuc
987 510 1058 566 inter
1073 512 1178 582 spinas,
1193 512 1315 568 triticum
1334 512 1405 567 inter
1424 512 1539 576 zizania,
1552 527 1632 566 uram
1648 512 1720 569 inter
1729 513 1770 568 ia·

149 608 310 663 memoriter
329 615 430 669 tenent,
457 605 649 661 venerabiliter
671 604 796 669 credunt,
828 604 935 673 publice
985 603 1115 658 bruscas?
1129 601 1175 658 Sic
1190 604 1333 658 suotcasti
1349 601 1421 658 luter
1433 603 1549 658 luxuriae
1562 602 1679 670 deditos,
1698 619 1768 674 pau·

149 700 323 756 coornatur.
348 696 509 753 Pareelrianr
536 705 638 764 autern,
665 695 692 752 io
720 712 774 767 qua
789 678 871 750 uidua
889 694 934 750 iila
985 710 1064 766 peres
1076 694 1147 749 inter
1158 694 1269 758 diuites,
1280 693 1359 749 electi
1378 693 1448 748 inter
1464 693 1596 763 reprobos
1614 703 1642 750 et
1657 695 1769 750 lraercti·

149 787 294 854 habitarit,
310 788 395 845 abbas
420 796 493 843 tenet
507 785 727 854 formbacensis,
749 802 810 859 quae
829 787 864 842 ab
889 802 932 852 co,
984 801 1042 851 eos,
1068 784 1285 855 persecutionem
1315 786 1449 855 patientes
1473 786 1542 840 inter
1567 794 1766 856 persecutores.

148 886 194 932 aut
209 879 244 933 ab
257 879 321 944 alio,
334 895 414 950 qrsem
436 878 494 948 ipse
508 876 675 934 substituere
688 876 816 944 uoluerit,
830 877 934 932 vicario
983 873 1067 932 Elceti
1080 891 1145 947 ergo
1161 883 1236 931 tanto
1252 884 1333 931 erunt
1348 875 1534 947 gloriosiores,
1548 885 1650 946 quanto
1668 876 1768 932 fuerint

147 967 326 1038 gubernetur,
341 967 509 1039 providetur,
522 969 634 1040 regitur.
655 966 724 1022 Sunt
739 977 830 1024 autern
842 967 931 1038 plura,
982 967 1010 1022 in
1032 966 1270 1036 persecutionibus
1298 964 1507 1037 frequentiores.
1534 966 1677 1034 Quomodo
1702 982 1766 1038 ergo

145 1069 174 1116 et
187 1060 231 1115 iris
245 1059 332 1118 multo
347 1059 453 1129 maiora
482 1060 677 1117 miraculorum
698 1060 759 1132 ejus
787 1060 930 1126 beneficia,
982 1055 1093 1113 stabiles
1109 1056 1136 1110 in
1150 1053 1203 1109 fide
1217 1054 1384 1122 dicerentur,
1397 1056 1420 1110 si
1439 1056 1512 1111 nulia
1523 1057 1685 1113 adversitate
1698 1073 1767 1128 qua·

146 1149 247 1219 quibus
262 1164 325 1204 eum
340 1148 471 1206 Dominus
486 1150 576 1207 adhue
588 1150 763 1221 superstitem
779 1151 932 1222 glorificare
981 1145 1121 1202 terentur?
1139 1143 1273 1212 Qualiter,
1289 1145 1327 1202 ait
1337 1145 1448 1216 aliquis,
1462 1145 1580 1201 discerni
1592 1154 1680 1216 petest
1691 1161 1764 1213 rosa,

145 1240 274 1311 iligrratos
295 1248 346 1304 cst,
359 1240 405 1297 sed
422 1240 557 1311 quedam,
572 1257 606 1296 nc
617 1242 742 1307 mentiar,
759 1242 862 1298 obiirio
879 1258 931 1298 no·
981 1254 1016 1293 ne
1027 1238 1108 1294 laedat
1122 1238 1205 1293 etiam
1225 1239 1314 1309 spina,
1331 1238 1462 1302 triticum,
1480 1254 1514 1293 ne
1529 1246 1706 1309 corrumpant
1729 1237 1764 1293 ii·

145 1334 189 1388 bis
203 1331 292 1388 furrata
306 1343 364 1400 osr;
381 1333 505 1404 quedam
519 1346 628 1405 propter
642 1334 684 1389 sni
697 1334 930 1405 prolixitatem
980 1328 1027 1382 lud
1038 1329 1156 1394 zizania;
1170 1343 1233 1395 ura,
1247 1344 1281 1383 ne
1303 1329 1406 1383 inliciat
1420 1343 1480 1382 earn
1494 1328 1637 1384 labrusca?
1650 1326 1764 1399 Separo-

144 1436 255 1498 propter
268 1427 410 1482 hominurn
424 1425 543 1482 belluino
560 1441 636 1482 rnore
649 1443 705 1497 pree
719 1424 847 1481 felicitate
859 1426 929 1481 alio·
979 1421 1027 1488 bit,
1045 1422 1143 1492 inquit,
1159 1438 1214 1487 eor,
1226 1423 1294 1476 ricrt
1314 1431 1407 1491 portur
1427 1432 1545 1491 seqreqot
1560 1438 1618 1476 ones
1632 1420 1664 1475 ab
1679 1420 1762 1478 locedia

143 1532 205 1574 rtrur
221 1515 393 1573 frementium
414 1517 554 1584 inuidiam,
569 1526 596 1573 et
621 1517 820 1573 detrahentium
834 1534 929 1573 versu·
979 1513 1088 1585 (lintri.
1104 1531 1168 1581 xxv,
1179 1514 1235 1585 32).
1252 1514 1304 1569 Et:
1322 1514 1409 1570 liittet
1422 1513 1510 1569 Filias
1528 1513 1641 1569 bominis
1655 1515 1762 1585 unqeloa

143 1612 219 1680 tiam,
231 1612 313 1667 etiarn
334 1611 414 1667 uobis
427 1611 495 1667 satis
508 1612 627 1682 cogente,
643 1622 670 1667 et
681 1610 751 1682 stylo
763 1610 844 1683 digna
856 1612 925 1667 onri·
977 1626 1050 1676 auor,
1067 1620 1092 1664 er
1102 1609 1295 1681 oonpreqolunr
1310 1610 1341 1663 de
1354 1624 1432 1680 regno
1456 1608 1514 1679 ejas
1535 1608 1624 1661 omrriu
1634 1607 1763 1662 scandolo

142 1701 244 1769 simum
265 1716 299 1757 oe
309 1700 380 1756 forte
393 1700 497 1769 dicant,
509 1715 560 1756 nos
572 1715 615 1767 ea,
628 1716 690 1771 quae
711 1700 859 1771 loquimur,
871 1717 926 1756 non
979 1700 1230 1773 (dattenuelt),
1245 1700 1351 1755 ordirer
1368 1701 1524 1756 stereoribus
1541 1716 1551 1754 .·
1568 1698 1679 1754 desilire
1690 1699 1763 1753 aiau-

141 1792 284 1860 probasse,
304 1808 358 1848 non
381 1793 494 1859 vidisse,
508 1808 563 1849 non
579 1792 627 1853 ita.
649 1801 680 1847 nt
701 1791 775 1849 credi
798 1792 926 1859 debeant,
977 1794 1032 1861 nio,
1046 1804 1071 1848 et
1083 1793 1200 1864 colligite
1219 1809 1250 1848 ea
1272 1794 1301 1848 in
1321 1792 1463 1865 fasciculos
1487 1793 1523 1847 ud
1543 1792 1761 1855 comburenaum

143 1883 264 1950 audisse,
281 1883 328 1939 sed
350 1884 442 1956 potius
467 1884 631 1942 adulationis
653 1900 736 1942 causa
761 1884 924 1941 somniasse.
977 1884 1195 1939 triticamuatem
1215 1885 1416 1955 congregarem
1437 1882 1561 1937 borreum
1574 1882 1760 1952 meomtiiid„

143 1970 195 2026 Sed
214 1973 304 2030 nulius
317 1975 482 2046 sapientium
496 1974 631 2044 turbetur,
648 1977 672 2033 si
693 1976 787 2049 gloriae
803 1974 925 2033 bdelium
977 1976 1034 2048 30).
1051 1974 1105 2032 lsta
1123 1991 1304 2046 supervacua,
1327 1989 1362 2030 ne
1376 1974 1458 2031 alicui
1482 1973 1591 2029 fastidio
1604 1972 1701 2038 simus,
1714 1971 1761 2025 in·

140 2064 255 2123 obsistat
273 2065 398 2124 simultas
414 2067 574 2133 infidelium,
595 2085 657 2126 cunr
674 2070 756 2126 etiarn
773 2070 861 2141 ipsum
871 2068 926 2126 lle·
977 2072 1171 2140 terniittamus,
1185 2071 1256 2128 etad
1269 2088 1312 2138 ca,
1327 2087 1389 2141 que
1401 2078 1587 2141 postmortem
1599 2064 1762 2139 ejusllomi·

139 2178 199 2233 geru
208 2162 457 2234 gloriaealfeceruut
468 2163 558 2218 aemuli
573 2163 728 2234 opprobriis
742 2163 924 2219 contumeliae.
978 2179 1031 2219 uus
1040 2179 1089 2234 per
1100 2179 1162 2219 eum
1176 2162 1239 2219 fecit
1254 2163 1397 2227 miracula,
1413 2169 1616 2217 consectamur.

721 2299 840 2370 Explicit
858 2298 919 2353 l'itrt
932 2298 1002 2355 beuti
1013 2298 1173 2353 Wirntonr's.

815 2463 1034 2477 m

757 2586 875 2665 incipit
890 2585 929 2650 dc
948 2586 1040 2651 obitu
1056 2586 1139 2667 ejus.

430 2731 544 2790 CAPUT
564 2730 620 2787 Vll.
976 2741 1065 2785 sertus
1077 2738 1130 2795 est,
1140 2729 1230 2784 adbuc
1245 2729 1324 2785 nobis
1336 2729 1534 2784 miserebitur.»
1545 2746 1599 2781 -r
1612 2726 1651 2795 si,
1660 2728 1758 2799 inquit,

135 2848 264 2922 summ
278 2825 425 2904 Wimwnf,
440 2846 476 2899 ,g
496 2861 557 2900 ,m
574 2844 661 2907 mg&
682 2840 799 2909 mmm,
822 2842 919 2905 ,pm
975 2820 1042 2875 mibi
1061 2820 1262 2890 acquieveritis,
1279 2835 1334 2875 noo
1354 2820 1531 2884 aberrabitis,
1548 2830 1575 2877 et
1593 2821 1665 2890 quod
1684 2822 1758 2877 salua

168 2920 307 2989 sepultura
327 2918 354 2971 ia
379 2915 447 2983 iore,
459 2915 504 2969 abl
520 2914 668 2985 Pernqerus
690 2922 768 2967 terroe
785 2926 919 2966 eomrurn·
973 2909 1138 2966 conscientia
1158 2910 1249 2967 dicere
1266 2925 1394 2982 possum,
1409 2926 1463 2967 uon
1484 2926 1544 2982 ego,
1562 2912 1609 2968 sed
1624 2910 1758 2969 Donriuus

169 2992 258 3045 dorur.
972 3002 1097 3057 ostendet
1115 3003 1205 3070 robis,
1222 3018 1303 3073 quero
1317 3003 1435 3075 eligatis,
1453 3019 1533 3073 quem
1551 3003 1629 3060 robis
1647 3002 1758 3059 Patrem

169 3098 317 3169 Postquam
342 3094 539 3166 paterfamilias
552 3095 598 3153 ille
618 3112 709 3152 rerum
730 3096 853 3153 omnium
868 3094 918 3151 do·
971 3094 1154 3162 constituatis,
1172 3110 1310 3166 perquem
1322 3096 1350 3149 in
1365 3095 1418 3162 bis,
1433 3104 1572 3166 quaesunt
1585 3097 1619 3150 ad
1632 3095 1759 3151 ileumet

132 3192 226 3247 mitius
239 3188 365 3259 operario
378 3203 440 3254 suo,
456 3185 595 3249 Wirutooi
609 3188 724 3255 scilieet,
738 3189 785 3259 qui
799 3188 827 3243 in
838 3188 918 3243 uinea
932 3167 954 3225 G
970 3186 1005 3243 ad
1020 3186 1156 3252 homines,
1171 3187 1204 3242 ad
1219 3187 1330 3258 plenum
1345 3185 1546 3260 gubernemini.
1560 3185 1757 3251 Theodericus,

132 3297 182 3338 sua
197 3297 213 3337 a
229 3295 321 3347 mane,
346 3280 400 3336 hoe
422 3291 506 3347 est,a
526 3280 614 3351 prima
628 3287 707 3335 aetate
726 3294 813 3349 usque
827 3277 861 3333 ad
874 3293 919 3332 re-
968 3294 1051 3350 quem
1069 3294 1118 3337 ros
1135 3280 1201 3336 mibi
1218 3279 1387 3350 capellanum
1411 3279 1589 3343 nominastis,
1611 3278 1668 3335 scio
1683 3280 1757 3349 quod

132 3389 253 3444 speram,
274 3373 325 3428 boc
344 3380 397 3439 est,
421 3372 554 3443 usquead
578 3370 843 3429 consummationem
857 3369 919 3424 ritae
968 3371 1059 3428 sitrir
1071 3371 1190 3438 virtutis,
1203 3370 1333 3427 beumex
1347 3379 1405 3427 toto
1416 3370 1677 3428 eordedesiderans.
1694 3370 1756 3439 ilic,

131 3476 190 3518 snae
200 3461 314 3516 lrdoliter
325 3460 469 3524 laborarit,
494 3459 601 3531 pondus
615 3458 668 3514 dici
682 3467 708 3514 ct
719 3469 803 3515 estus
826 3469 918 3529 porta·
968 3463 992 3519 si
1002 3463 1100 3535 piacet,
1109 3463 1198 3530 robis,
1211 3463 1269 3520 rice
1282 3463 1334 3520 mei
1350 3463 1544 3519 consdtuatur.
1555 3464 1682 3519 Attamen
1692 3478 1758 3520 sua·

132 3554 182 3621 rit,
197 3552 340 3608 denarium
365 3551 429 3606 ritae
452 3550 519 3606 dare
547 3551 651 3617 rniuit;
666 3550 711 3606 ille
735 3551 830 3608 beatus
842 3551 918 3608 febre
967 3553 1067 3622 dendo,
1078 3570 1132 3611 non
1145 3555 1304 3625 imperando
1314 3554 1376 3610 dico
1386 3555 1481 3610 robis:
1492 3553 1521 3610 Si
1536 3554 1687 3624 aliquoser
1701 3554 1755 3622 bis,

130 3645 289 3716 corripitur,
304 3642 405 3700 lectulo
417 3644 489 3698 male
503 3642 653 3698 blandienti
672 3642 843 3713 deprimitur,
858 3643 917 3713 spi·
967 3663 1038 3718 quos
1052 3662 1104 3719 ogo
1118 3648 1153 3704 ob
1170 3647 1360 3703 enormitatem
1381 3645 1517 3703 factorum
1535 3663 1649 3704 suorum
1665 3648 1757 3705 eloco

131 3740 201 3794 ritus
213 3745 289 3794 totus
299 3736 333 3792 ad
348 3735 433 3791 Mum
452 3734 579 3805 erigitur.
595 3733 665 3789 Turn
686 3749 752 3790 rero
774 3748 877 3806 moeror
890 3743 918 3789 et
968 3737 1021 3794 isto
1032 3737 1161 3805 alienari,
1179 3738 1349 3807 receperitis,
1364 3739 1495 3794 condano
1509 3738 1544 3793 ab
1559 3739 1664 3794 unitate
1679 3738 1756 3796 scin·

130 3828 231 3894 luctus,
243 3828 366 3883 omniurn
387 3840 440 3882 rot
463 3840 517 3881 nna
531 3824 717 3896 plangentium
735 3842 741 3879 :
761 3843 770 3875 r
786 3823 838 3878 Cui
855 3839 916 3892 nos,
966 3826 1079 3893 demini,
1095 3828 1226 3883 continuo
1238 3827 1442 3896 disperdemini.
1455 3847 1465 3881 r
1478 3827 1547 3884 Ecce
1560 3829 1674 3899 spiritus
1690 3828 1757 3885 Flae

129 3919 221 3987 Pater,
247 3918 362 3984 deseris,
379 3923 427 3972 aut
449 3915 493 3972 cui
509 3931 561 3971 uos
577 3915 715 3971 desolatos
734 3914 886 3984 relinquis?
903 3933 912 3966 r
966 3920 1101 3991 requievit
1114 3935 1197 3991 super
1212 3920 1293 3977 iseum
1308 3919 1429 3985 boarum,
1446 3920 1492 3990 qut
1508 3920 1581 3992 quod
1595 3919 1758 3990 praedigni„

130 4009 281 4065 llleautcm
304 4016 395 4064 motus
416 4022 513 4064 eornm
529 4006 648 4070 fletibus,
670 4013 761 4061 motos
781 4005 916 4060 luctuosis
966 4010 1126 4079 spr,orenit
1150 4011 1177 4065 in
1194 4026 1234 4066 re.
1251 4008 1273 4065 0
1291 4011 1400 4065 beatum
1421 4010 1521 4076 rirum,
1543 4010 1690 4066 virtutihus
1713 4012 1757 4065 ῑῃ.

130 4100 256 4165 rocibus,
269 4097 469 4169 querimoniam
484 4096 566 4151 talem
583 4095 678 4151 sedare
693 4094 790 4150 nititur
808 4112 814 4148 :
837 4111 847 4145 r
862 4093 912 4151 No·
967 4100 1207 4171 effabilem,sigois
1224 4101 1426 4166 admirandum,
1439 4102 1578 4174 prophetis
1591 4118 1645 4159 non
1656 4103 1753 4158 incorr·

130 4188 188 4256 lite,
214 4187 324 4253 fratres,
347 4185 494 4256 inquiens,
515 4185 601 4240 nolite
624 4185 727 4250 dolere,
743 4198 793 4238 neo
810 4199 859 4241 ros
878 4185 914 4239 ita
966 4191 1278 4261 grureaequiparaoduml
1291 4191 1393 4247 Deinde
1409 4191 1533 4250 illiceto:
1554 4213 1563 4245 r
1578 4191 1754 4260 Eialratrcs,

129 4289 241 4353 propter
264 4278 415 4335 absentiam
442 4277 563 4348 pulueris
584 4277 675 4348 exigui
693 4274 853 4342 afflixeritis,
867 4276 914 4330 sed
966 4280 989 4335 si
1003 4280 1091 4334 inveni
1107 4280 1220 4351 gratiam
1233 4282 1259 4335 in
1271 4289 1418 4350 conspectu
1431 4290 1533 4346 restro,
1549 4283 1618 4339 meis
1638 4282 1751 4338 annuite

130 4373 219 4437 illum,
235 4371 283 4442 qui
299 4369 427 4426 formarit
442 4370 562 4424 bominis
582 4368 761 4434 nativitatem,
787 4365 915 4437 precibus
965 4372 1105 4442 precibus;
1121 4387 1155 4426 ue
1168 4387 1212 4427 me
1225 4372 1253 4426 in
1267 4373 1336 4429 meis
1351 4373 1527 4429 corilumlatis
1539 4373 1650 4443 spebus,
1662 4373 1755 4429 utboc

129 4462 247 4533 pulsate,
260 4467 290 4514 ut
313 4459 433 4514 animam
461 4456 595 4523 refoveat,
613 4472 696 4528 quarn
711 4456 823 4511 errarit.
842 4454 914 4510 bens
930 4461 1117 4554 1>saltemve
1134 4477 1292 4532 supremum
1307 4479 1407 4519 munus
1422 4464 1623 4535 propitiationis
1643 4480 1658 4519 a
1672 4463 1751 4519 robis

128 4554 202 4610 enirn
218 4567 272 4607 non
299 4560 410 4622 propter
432 4565 493 4617 me,
517 4549 564 4604 sed
590 4556 701 4619 propter
725 4546 913 4617 semetipsum,
966 4552 1125 4623 suscipiam.
1142 4572 1152 4605 r
1171 4551 1270 4620 «Pete,
1283 4555 1370 4621 aiunt,
1382 4554 1507 4621 bomine,
1519 4555 1583 4625 quia
1597 4563 1685 4610 tecum
1701 4569 1752 4624 pa·

127 4646 185 4717 lam
212 4643 317 4711 multis,
343 4650 374 4698 ul
391 4641 478 4708 mihi»
500 4639 593 4696 nescit?
624 4640 647 4696 ὃὶ
676 4640 771 4706 tobis,
795 4638 912 4704 videnti.
965 4643 1750 4710 ratisumus,incarceremctinmortrmirerrltille:

129 4734 227 4793 diebus
258 4749 310 4789 nos
342 4741 370 4789 et
408 4733 498 4789 locum
535 4739 660 4787 oestrum
700 4729 915 4787 misericorditer
968 4730 1080 4799 «Ossa,
1101 4734 1200 4804 inquit,
1217 4736 1411 4803 mea,ossibus
1427 4734 1554 4805 Porrigeri
1568 4736 1619 4791 riri
1629 4734 1708 4805 justi,
1724 4745 1753 4791 et

129 4823 302 4897 gubernarit,
327 4826 434 4889 tuterit,
457 4822 648 4889 corrscrrarit,
674 4821 759 4878 victui
784 4836 913 4877 necessa·
965 4825 1052 4881 sancti
1073 4825 1254 4881 antecessoris
1271 4824 1323 4879 mci
1344 4824 1372 4879 in
1395 4825 1562 4894 sepulturam
1583 4825 1706 4897 jungite,
1721 4834 1753 4881 ut

128 4918 180 4982 ria,
194 4915 265 4972 sieut
277 4915 328 4972 sibi
340 4924 367 4972 ct
378 4915 457 4971 nobis
469 4913 616 4969 admodum
629 4913 742 4984 placuit,
755 4911 913 4983 suppedita—
966 4927 1037 4982 quos
1063 4911 1135 4969 licus
1157 4913 1204 4968 uni
1225 4913 1286 4969 loco
1303 4913 1459 4983 destinarit,
1483 4931 1538 4972 uno
1556 4917 1667 4973 nornine
1682 4917 1749 4973 ado·

127 5006 176 5062 rit.
193 5005 263 5063 lluic
277 5015 379 5078 gratos,
393 5020 462 5076 quas
476 5004 623 5075 possimus,
639 5003 838 5076 persolvamus.
856 5000 913 5073 Ego
964 5003 1078 5075 ptionis,
1096 5005 1202 5061 abbatis
1220 5005 1333 5072 scilicet,
1355 5006 1461 5076 ditarit,
1480 5009 1589 5065 uinculo
1608 5008 1752 5064 clraritatis

128 5098 229 5169 quippe
241 5114 296 5153 non
310 5106 372 5168 post
387 5096 487 5152 multos
505 5096 555 5152 bos
569 5095 638 5164 dies,
654 5111 709 5167 quo
724 5094 840 5151 Domino
856 5094 914 5165 pia·
965 5097 1063 5164 univit,
1079 5112 1142 5153 cum
1153 5097 1256 5154 reuerit
1267 5098 1436 5156 admirabilis
1448 5099 1504 5156 lieri
1520 5100 1547 5156 ln
1563 5100 1666 5156 sanctis
1679 5098 1749 5165 suis,

128 5192 227 5260 cuerit,
242 5191 296 5246 ibo.
316 5188 369 5245 Sed
387 5188 524 5261 pmridete
540 5188 617 5245 robis
636 5187 738 5253 alium,
754 5202 834 5257 quern
854 5186 913 5242 rice
965 5190 1042 5246 unita
1068 5203 1182 5260 corpora
1206 5189 1288 5247 unico
1310 5192 1436 5263 sepulcro
1452 5191 1583 5248 inveniar.
1603 5209 1613 5243 r
1646 5189 1749 5245 tisson-

129 5279 184 5338 mei
201 5280 384 5346 constituatis,
404 5295 545 5351 perquem
561 5278 771 5351 brentemaris,
787 5276 851 5347 quia
870 5292 913 5333 nre
965 5281 1046 5346 tiunt,
1058 5279 1220 5346 eorroedunt,
1233 5294 1317 5351 seque
1327 5291 1390 5337 roto
1404 5297 1454 5338 suo
1465 5281 1655 5337 satisfacturos
1665 5294 1742 5349 spou-

128 5370 242 5428 noradin
258 5371 400 5428 habebitis.
416 5369 546 5427 »Fratres
561 5378 651 5427 autem
663 5369 791 5426 moeroris
803 5367 912 5424 tristitia
964 5371 1039 5428 dent.
1056 5368 1090 5426 llt
1111 5369 1176 5441 quid
1200 5371 1252 5427 sibi
1269 5372 1346 5444 iungi
1361 5373 1443 5443 petit?
1465 5371 1589 5444 nunquid
1612 5380 1641 5427 ut
1659 5369 1694 5426 ab
1714 5384 1748 5425 eo

128 5460 241 5526 turbati,
251 5460 413 5532 angustiati:
428 5459 490 5516 «to
500 5476 590 5533 quern.
602 5461 738 5532 inquiunt,
748 5457 837 5528 Pater,
846 5476 912 5516 eon·
961 5463 1107 5520 bearetur?
1120 5460 1189 5517 tttou
1201 5476 1256 5519 uon
1271 5462 1379 5530 abnuo;
1397 5465 1445 5519 sed
1460 5463 1573 5519 forsitan
1586 5462 1647 5518 ideo
1660 5461 1748 5532 magis

128 5549 287 5624 fugemus?
300 5552 333 5608 ad
348 5567 428 5621 quern
449 5552 569 5610 ibimus?
587 5551 624 5608 lla
642 5552 799 5617 consilium,
819 5550 913 5608 confer
961 5554 1025 5627 quia
1041 5553 1161 5610 futurum
1176 5563 1234 5609 erar
1247 5555 1336 5610 locum
1353 5554 1429 5610 illurn
1441 5553 1527 5636 signis
1538 5551 1681 5617 illustrari,
1694 5552 1751 5608 boo

128 5642 260 5698 auxilium
271 5660 278 5711 ;
290 5642 437 5709 credimur,
452 5644 515 5716 quia
525 5644 656 5702 Dominus
670 5659 718 5715 per
731 5652 767 5713 te,
780 5645 849 5702 sicut
862 5645 912 5701 mi·
961 5647 1053 5718 potius
1066 5644 1215 5703 collaterali
1231 5660 1292 5712 suo,
1308 5661 1389 5718 quam
1408 5645 1458 5702 sibi
1476 5645 1655 5710 tribueretur,
1675 5640 1747 5699 siout
