<?xml version="1.0" encoding="UTF-8"?>
<!DOCTYPE html PUBLIC "-//W3C//DTD XHTML 1.0 Transitional//EN"
    "http://www.w3.org/TR/xhtml1/DTD/xhtml1-transitional.dtd">
<html xmlns="http://www.w3.org/1999/xhtml" xml:lang="en" lang="en">
 <head>
  <title>
</title>
<meta http-equiv="Content-Type" content="text/html;charset=utf-8" />
  <meta name='ocr-system' content='tesseract 3.04.00' />
  <meta name='ocr-capabilities' content='ocr_page ocr_carea ocr_par ocr_line ocrx_word'/>
</head>
<body>
  <div class='ocr_page' id='page_1' title='image "./patrologiaecurs03berngoog_0152.png"; bbox 0 0 3892 6067; ppageno 0'>
   <div class='ocr_carea' id='block_1_1' title="bbox 126 206 1764 303">
    <p class='ocr_par' dir='ltr' id='par_1_1' title="bbox 126 206 1764 303">
     <span class='ocr_line' id='line_1_1' title="bbox 126 206 1764 303; baseline -0.003 -7"><span class='ocrx_word' id='word_1_1' title='bbox 126 238 180 296; x_wconf 82' lang='lat' dir='ltr'>sat</span> <span class='ocrx_word' id='word_1_2' title='bbox 425 206 705 291; x_wconf 73' lang='lat' dir='ltr'>combussimus</span> <span class='ocrx_word' id='word_1_3' title='bbox 725 231 758 288; x_wconf 81' lang='lat' dir='ltr'>ri</span> <span class='ocrx_word' id='word_1_4' title='bbox 778 230 948 291; x_wconf 78' lang='lat' dir='ltr'>essaeos.</span> <span class='ocrx_word' id='word_1_5' title='bbox 967 259 1003 273; x_wconf 73' lang='lat'>-·</span> <span class='ocrx_word' id='word_1_6' title='bbox 1028 230 1119 288; x_wconf 81' lang='lat' dir='ltr'>rans</span> <span class='ocrx_word' id='word_1_7' title='bbox 1137 228 1194 303; x_wconf 76' lang='grc' dir='ltr'>ιι.</span> <span class='ocrx_word' id='word_1_8' title='bbox 1214 258 1249 272; x_wconf 85' lang='lat'><em>-</em></span> <span class='ocrx_word' id='word_1_9' title='bbox 1268 228 1367 286; x_wconf 73' lang='lat' dir='ltr'>rsit.</span> <span class='ocrx_word' id='word_1_10' title='bbox 1386 228 1470 289; x_wconf 74' lang='lat' dir='ltr'>nis,</span> <span class='ocrx_word' id='word_1_11' title='bbox 1710 233 1764 291; x_wconf 80' lang='grc' dir='ltr'>ιι</span> 
     </span>
    </p>
   </div>
   <div class='ocr_carea' id='block_1_2' title="bbox 95 346 1764 2991">
    <p class='ocr_par' dir='ltr' id='par_1_2' title="bbox 95 346 1764 2991">
     <span class='ocr_line' id='line_1_2' title="bbox 126 346 1764 421; baseline -0.001 -13"><span class='ocrx_word' id='word_1_12' title='bbox 126 363 172 413; x_wconf 77' lang='lat' dir='ltr'>ert</span> <span class='ocrx_word' id='word_1_13' title='bbox 185 353 215 409; x_wconf 84' lang='lat' dir='ltr'>ia</span> <span class='ocrx_word' id='word_1_14' title='bbox 229 347 371 409; x_wconf 72' lang='lat' dir='ltr'>membru.</span> <span class='ocrx_word' id='word_1_15' title='bbox 388 349 462 407; x_wconf 87' lang='lat' dir='ltr'>Sane</span> <span class='ocrx_word' id='word_1_16' title='bbox 482 350 597 420; x_wconf 76' lang='lat' dir='ltr'>huiusce</span> <span class='ocrx_word' id='word_1_17' title='bbox 615 350 752 406; x_wconf 76' lang='lat' dir='ltr'>umbonis</span> <span class='ocrx_word' id='word_1_18' title='bbox 772 358 925 421; x_wconf 77' lang='lat' dir='ltr'>precentor</span> <span class='ocrx_word' id='word_1_19' title='bbox 937 361 961 419; x_wconf 66' lang='grc' dir='ltr'><strong>Α</strong></span> <span class='ocrx_word' id='word_1_20' title='bbox 975 348 1040 420; x_wconf 80' lang='lat' dir='ltr'>quia</span> <span class='ocrx_word' id='word_1_21' title='bbox 1054 349 1142 420; x_wconf 75' lang='lat' dir='ltr'>prius,</span> <span class='ocrx_word' id='word_1_22' title='bbox 1155 348 1229 419; x_wconf 83' lang='lat' dir='ltr'>quod</span> <span class='ocrx_word' id='word_1_23' title='bbox 1245 346 1622 419; x_wconf 81' lang='lat' dir='ltr'>aiiimalecst,deinder1uod</span> <span class='ocrx_word' id='word_1_24' title='bbox 1640 349 1764 421; x_wconf 84' lang='lat' dir='ltr'>spiriaata</span> 
     </span>
     <span class='ocr_line' id='line_1_3' title="bbox 127 438 1762 514; baseline 0.002 -19"><span class='ocrx_word' id='word_1_25' title='bbox 127 459 164 500; x_wconf 76' lang='lat' dir='ltr'>ae</span> <span class='ocrx_word' id='word_1_26' title='bbox 178 444 336 513; x_wconf 74' lang='grc' dir='ltr'>μωιιιιιιι</span> <span class='ocrx_word' id='word_1_27' title='bbox 349 447 393 494; x_wconf 81' lang='grc' dir='ltr'>ιιι</span> <span class='ocrx_word' id='word_1_28' title='bbox 411 438 609 510; x_wconf 85' lang='lat' dir='ltr'>ipserristus</span> <span class='ocrx_word' id='word_1_29' title='bbox 623 438 743 511; x_wconf 86' lang='lat' dir='ltr'>legitime</span> <span class='ocrx_word' id='word_1_30' title='bbox 757 439 922 496; x_wconf 75' lang='lat' dir='ltr'>metandam</span> <span class='ocrx_word' id='word_1_31' title='bbox 973 450 1026 503; x_wconf 83' lang='lat' dir='ltr'>est,</span> <span class='ocrx_word' id='word_1_32' title='bbox 1037 441 1104 498; x_wconf 90' lang='lat' dir='ltr'>dicit</span> <span class='ocrx_word' id='word_1_33' title='bbox 1128 439 1222 512; x_wconf 90' lang='lat' dir='ltr'>primi,</span> <span class='ocrx_word' id='word_1_34' title='bbox 1247 440 1312 510; x_wconf 81' lang='lat' dir='ltr'>quia</span> <span class='ocrx_word' id='word_1_35' title='bbox 1332 447 1396 495; x_wconf 88' lang='lat' dir='ltr'>ante</span> <span class='ocrx_word' id='word_1_36' title='bbox 1414 439 1489 495; x_wconf 87' lang='lat' dir='ltr'>vitiis</span> <span class='ocrx_word' id='word_1_37' title='bbox 1512 440 1651 509; x_wconf 88' lang='lat' dir='ltr'>captivati,</span> <span class='ocrx_word' id='word_1_38' title='bbox 1678 457 1762 514; x_wconf 80' lang='lat' dir='ltr'>quam</span> 
     </span>
     <span class='ocr_line' id='line_1_4' title="bbox 126 529 1762 607; baseline -0.001 -17"><span class='ocrx_word' id='word_1_39' title='bbox 126 545 213 607; x_wconf 78' lang='lat' dir='ltr'>capet</span> <span class='ocrx_word' id='word_1_40' title='bbox 223 543 252 590; x_wconf 91' lang='lat' dir='ltr'>et</span> <span class='ocrx_word' id='word_1_41' title='bbox 265 534 320 589; x_wconf 82' lang='lat' dir='ltr'>dur</span> <span class='ocrx_word' id='word_1_42' title='bbox 336 548 431 599; x_wconf 79' lang='lat' dir='ltr'>omns,</span> <span class='ocrx_word' id='word_1_43' title='bbox 447 542 476 589; x_wconf 91' lang='lat' dir='ltr'>ut</span> <span class='ocrx_word' id='word_1_44' title='bbox 493 532 647 603; x_wconf 71' lang='lat' dir='ltr'>eriperetur</span> <span class='ocrx_word' id='word_1_45' title='bbox 660 533 705 591; x_wconf 90' lang='lat' dir='ltr'>bic</span> <span class='ocrx_word' id='word_1_46' title='bbox 716 533 749 588; x_wconf 84' lang='lat' dir='ltr'>de</span> <span class='ocrx_word' id='word_1_47' title='bbox 763 550 844 589; x_wconf 80' lang='lat' dir='ltr'>mnne</span> <span class='ocrx_word' id='word_1_48' title='bbox 858 549 922 589; x_wconf 84' lang='lat' dir='ltr'>ma·</span> <span class='ocrx_word' id='word_1_49' title='bbox 973 530 1171 602; x_wconf 71' lang='lat' dir='ltr'>pristimum,</span> <span class='ocrx_word' id='word_1_50' title='bbox 1186 530 1212 587; x_wconf 88' lang='lat' dir='ltr'>id</span> <span class='ocrx_word' id='word_1_51' title='bbox 1230 539 1273 587; x_wconf 86' lang='lat' dir='ltr'>est</span> <span class='ocrx_word' id='word_1_52' title='bbox 1288 529 1437 600; x_wconf 82' lang='lat' dir='ltr'>spontanei,</span> <span class='ocrx_word' id='word_1_53' title='bbox 1459 529 1562 586; x_wconf 83' lang='lat' dir='ltr'>Cbristi</span> <span class='ocrx_word' id='word_1_54' title='bbox 1583 531 1697 599; x_wconf 82' lang='lat' dir='ltr'>scilicet,</span> <span class='ocrx_word' id='word_1_55' title='bbox 1714 536 1762 605; x_wconf 71' lang='lat' dir='ltr'>egui</span> 
     </span>
     <span class='ocr_line' id='line_1_5' title="bbox 127 624 1762 698; baseline -0.002 -14"><span class='ocrx_word' id='word_1_56' title='bbox 127 639 174 684; x_wconf 79' lang='lat' dir='ltr'>trs</span> <span class='ocrx_word' id='word_1_57' title='bbox 194 626 278 697; x_wconf 73' lang='lat' dir='ltr'>bpcm</span> <span class='ocrx_word' id='word_1_58' title='bbox 292 626 396 697; x_wconf 83' lang='lat' dir='ltr'>upeadr</span> <span class='ocrx_word' id='word_1_59' title='bbox 410 624 517 683; x_wconf 85' lang='lat' dir='ltr'>Judaici</span> <span class='ocrx_word' id='word_1_60' title='bbox 541 625 645 697; x_wconf 86' lang='lat' dir='ltr'>populi,</span> <span class='ocrx_word' id='word_1_61' title='bbox 664 637 689 681; x_wconf 84' lang='lat' dir='ltr'>et</span> <span class='ocrx_word' id='word_1_62' title='bbox 706 626 791 698; x_wconf 82' lang='lat' dir='ltr'>inipai</span> <span class='ocrx_word' id='word_1_63' title='bbox 806 625 921 681; x_wconf 79' lang='lat' dir='ltr'>Romani</span> <span class='ocrx_word' id='word_1_64' title='bbox 973 627 1114 684; x_wconf 83' lang='lat' dir='ltr'>voluntate</span> <span class='ocrx_word' id='word_1_65' title='bbox 1136 625 1192 682; x_wconf 82' lang='lat' dir='ltr'>lieo</span> <span class='ocrx_word' id='word_1_66' title='bbox 1204 624 1278 680; x_wconf 80' lang='lat' dir='ltr'>Patri</span> <span class='ocrx_word' id='word_1_67' title='bbox 1297 625 1428 683; x_wconf 85' lang='lat' dir='ltr'>obediens</span> <span class='ocrx_word' id='word_1_68' title='bbox 1449 639 1511 688; x_wconf 86' lang='lat' dir='ltr'>nos,</span> <span class='ocrx_word' id='word_1_69' title='bbox 1533 625 1581 695; x_wconf 86' lang='lat' dir='ltr'>qui</span> <span class='ocrx_word' id='word_1_70' title='bbox 1606 642 1669 681; x_wconf 89' lang='lat' dir='ltr'>rum</span> <span class='ocrx_word' id='word_1_71' title='bbox 1693 628 1762 695; x_wconf 77' lang='lat' dir='ltr'>nibil</span> 
     </span>
     <span class='ocr_line' id='line_1_6' title="bbox 127 717 1762 796; baseline -0.004 -16"><span class='ocrx_word' id='word_1_72' title='bbox 127 724 249 796; x_wconf 88' lang='lat' dir='ltr'>imperii,</span> <span class='ocrx_word' id='word_1_73' title='bbox 268 723 364 779; x_wconf 85' lang='lat' dir='ltr'>eadem</span> <span class='ocrx_word' id='word_1_74' title='bbox 386 721 494 791; x_wconf 84' lang='lat' dir='ltr'>justitia</span> <span class='ocrx_word' id='word_1_75' title='bbox 506 721 548 776; x_wconf 88' lang='lat' dir='ltr'>rei</span> <span class='ocrx_word' id='word_1_76' title='bbox 572 719 726 782; x_wconf 81' lang='lat' dir='ltr'>diuinitate.</span> <span class='ocrx_word' id='word_1_77' title='bbox 749 736 805 791; x_wconf 81' lang='lat' dir='ltr'>qua</span> <span class='ocrx_word' id='word_1_78' title='bbox 825 729 922 791; x_wconf 90' lang='lat' dir='ltr'>potens</span> <span class='ocrx_word' id='word_1_79' title='bbox 972 719 1026 775; x_wconf 86' lang='lat' dir='ltr'>nisi</span> <span class='ocrx_word' id='word_1_80' title='bbox 1038 719 1102 774; x_wconf 91' lang='lat' dir='ltr'>mali</span> <span class='ocrx_word' id='word_1_81' title='bbox 1118 718 1250 774; x_wconf 85' lang='lat' dir='ltr'>simnscx</span> <span class='ocrx_word' id='word_1_82' title='bbox 1262 717 1352 785; x_wconf 87' lang='lat' dir='ltr'>nabis,</span> <span class='ocrx_word' id='word_1_83' title='bbox 1376 717 1502 772; x_wconf 86' lang='lat' dir='ltr'>liberarit</span> <span class='ocrx_word' id='word_1_84' title='bbox 1513 717 1547 773; x_wconf 90' lang='lat' dir='ltr'>de</span> <span class='ocrx_word' id='word_1_85' title='bbox 1558 733 1674 787; x_wconf 87' lang='lat' dir='ltr'>corpore</span> <span class='ocrx_word' id='word_1_86' title='bbox 1685 734 1762 773; x_wconf 90' lang='lat' dir='ltr'>mor·</span> 
     </span>
     <span class='ocr_line' id='line_1_7' title="bbox 95 811 1762 886; baseline -0.003 -14"><span class='ocrx_word' id='word_1_87' title='bbox 95 840 101 859; x_wconf 88' lang='lat'><strong>·</strong></span> <span class='ocrx_word' id='word_1_88' title='bbox 126 824 172 873; x_wconf 81' lang='lat' dir='ltr'>est</span> <span class='ocrx_word' id='word_1_89' title='bbox 187 824 217 870; x_wconf 86' lang='lat' dir='ltr'>et</span> <span class='ocrx_word' id='word_1_90' title='bbox 232 830 282 871; x_wconf 91' lang='lat' dir='ltr'>eos</span> <span class='ocrx_word' id='word_1_91' title='bbox 304 814 352 886; x_wconf 84' lang='lat' dir='ltr'>qui</span> <span class='ocrx_word' id='word_1_92' title='bbox 381 822 522 870; x_wconf 88' lang='lat' dir='ltr'>tentantur</span> <span class='ocrx_word' id='word_1_93' title='bbox 541 812 657 883; x_wconf 87' lang='lat' dir='ltr'>eripere.</span> <span class='ocrx_word' id='word_1_94' title='bbox 681 812 803 885; x_wconf 77' lang='lat' dir='ltr'>limique</span> <span class='ocrx_word' id='word_1_95' title='bbox 826 813 922 869; x_wconf 88' lang='lat' dir='ltr'>titulus</span> <span class='ocrx_word' id='word_1_96' title='bbox 972 811 1009 868; x_wconf 84' lang='lat' dir='ltr'>tia</span> <span class='ocrx_word' id='word_1_97' title='bbox 1021 811 1103 882; x_wconf 77' lang='lat' dir='ltr'>liuius</span> <span class='ocrx_word' id='word_1_98' title='bbox 1116 827 1164 882; x_wconf 90' lang='lat' dir='ltr'>per</span> <span class='ocrx_word' id='word_1_99' title='bbox 1185 811 1301 882; x_wconf 75' lang='lat' dir='ltr'>gratiam</span> <span class='ocrx_word' id='word_1_100' title='bbox 1315 826 1405 876; x_wconf 89' lang='lat' dir='ltr'>suam,</span> <span class='ocrx_word' id='word_1_101' title='bbox 1421 811 1501 881; x_wconf 81' lang='lat' dir='ltr'>cujus</span> <span class='ocrx_word' id='word_1_102' title='bbox 1517 811 1704 868; x_wconf 85' lang='lat' dir='ltr'>misericordia</span> <span class='ocrx_word' id='word_1_103' title='bbox 1715 829 1762 869; x_wconf 88' lang='lat' dir='ltr'>sn·</span> 
     </span>
     <span class='ocr_line' id='line_1_8' title="bbox 124 900 1762 979; baseline -0.002 -16"><span class='ocrx_word' id='word_1_104' title='bbox 124 908 190 979; x_wconf 82' lang='lat' dir='ltr'>ejus</span> <span class='ocrx_word' id='word_1_105' title='bbox 204 907 268 963; x_wconf 87' lang='lat' dir='ltr'>talis</span> <span class='ocrx_word' id='word_1_106' title='bbox 281 915 343 963; x_wconf 87' lang='lat' dir='ltr'>est:</span> <span class='ocrx_word' id='word_1_107' title='bbox 972 918 1035 957; x_wconf 84' lang='lat' dir='ltr'>mus</span> <span class='ocrx_word' id='word_1_108' title='bbox 1057 901 1189 973; x_wconf 83' lang='lat' dir='ltr'>quidquid</span> <span class='ocrx_word' id='word_1_109' title='bbox 1205 916 1312 957; x_wconf 88' lang='lat' dir='ltr'>sumus.</span> <span class='ocrx_word' id='word_1_110' title='bbox 1327 900 1390 957; x_wconf 78' lang='lat' dir='ltr'>llaec</span> <span class='ocrx_word' id='word_1_111' title='bbox 1401 901 1484 973; x_wconf 87' lang='lat' dir='ltr'>igitur</span> <span class='ocrx_word' id='word_1_112' title='bbox 1495 911 1569 957; x_wconf 87' lang='lat' dir='ltr'>tanta</span> <span class='ocrx_word' id='word_1_113' title='bbox 1584 905 1670 975; x_wconf 87' lang='lat' dir='ltr'>gratia</span> <span class='ocrx_word' id='word_1_114' title='bbox 1683 905 1762 960; x_wconf 86' lang='lat' dir='ltr'>nobis</span> 
     </span>
     <span class='ocr_line' id='line_1_9' title="bbox 162 992 1760 1064; baseline -0.002 -13"><span class='ocrx_word' id='word_1_115' title='bbox 162 996 250 1054; x_wconf 76' lang='lat' dir='ltr'>Vsus.</span> <span class='ocrx_word' id='word_1_116' title='bbox 265 997 292 1052; x_wconf 91' lang='grc'>1.</span> <span class='ocrx_word' id='word_1_117' title='bbox 316 995 440 1053; x_wconf 80' lang='lat' dir='ltr'>Passum</span> <span class='ocrx_word' id='word_1_118' title='bbox 462 996 558 1063; x_wconf 78' lang='lat' dir='ltr'>bime,</span> <span class='ocrx_word' id='word_1_119' title='bbox 585 1011 713 1053; x_wconf 81' lang='lat' dir='ltr'>rturonua</span> <span class='ocrx_word' id='word_1_120' title='bbox 739 994 860 1052; x_wconf 77' lang='lat' dir='ltr'>lorium</span> <span class='ocrx_word' id='word_1_121' title='bbox 884 1010 920 1051; x_wconf 79' lang='grc' dir='ltr'>ιι</span> <span class='ocrx_word' id='word_1_122' title='bbox 972 993 1064 1048; x_wconf 84' lang='lat' dir='ltr'>inbnc</span> <span class='ocrx_word' id='word_1_123' title='bbox 1080 994 1185 1064; x_wconf 87' lang='lat' dir='ltr'>psalmo</span> <span class='ocrx_word' id='word_1_124' title='bbox 1199 992 1257 1049; x_wconf 87' lang='lat' dir='ltr'>iere</span> <span class='ocrx_word' id='word_1_125' title='bbox 1271 992 1387 1064; x_wconf 87' lang='lat' dir='ltr'>singulis</span> <span class='ocrx_word' id='word_1_126' title='bbox 1409 993 1521 1064; x_wconf 73' lang='lat' dir='ltr'>syllabis</span> <span class='ocrx_word' id='word_1_127' title='bbox 1541 994 1760 1062; x_wconf 88' lang='lat' dir='ltr'>commendatur,</span> 
     </span>
     <span class='ocr_line' id='line_1_10' title="bbox 124 1087 1762 1161; baseline 0.001 -16"><span class='ocrx_word' id='word_1_128' title='bbox 124 1105 248 1147; x_wconf 75' lang='lat' dir='ltr'>ratosne</span> <span class='ocrx_word' id='word_1_129' title='bbox 261 1104 445 1146; x_wconf 76' lang='lat' dir='ltr'>strumosus.</span> <span class='ocrx_word' id='word_1_130' title='bbox 972 1087 1025 1143; x_wconf 91' lang='lat' dir='ltr'>bae</span> <span class='ocrx_word' id='word_1_131' title='bbox 1044 1088 1205 1152; x_wconf 88' lang='lat' dir='ltr'>intentione,</span> <span class='ocrx_word' id='word_1_132' title='bbox 1220 1097 1251 1143; x_wconf 90' lang='grc' dir='ltr'>ιιι</span> <span class='ocrx_word' id='word_1_133' title='bbox 1272 1096 1357 1145; x_wconf 88' lang='lat' dir='ltr'>totam</span> <span class='ocrx_word' id='word_1_134' title='bbox 1374 1106 1449 1161; x_wconf 85' lang='lat' dir='ltr'>spem</span> <span class='ocrx_word' id='word_1_135' title='bbox 1466 1097 1590 1146; x_wconf 88' lang='lat' dir='ltr'>nostram</span> <span class='ocrx_word' id='word_1_136' title='bbox 1610 1091 1762 1147; x_wconf 84' lang='lat' dir='ltr'>constitua-</span> 
     </span>
     <span class='ocr_line' id='line_1_11' title="bbox 162 1179 1761 1253; baseline 0.003 -17"><span class='ocrx_word' id='word_1_137' title='bbox 162 1180 200 1236; x_wconf 81' lang='lat' dir='ltr'>Et</span> <span class='ocrx_word' id='word_1_138' title='bbox 209 1191 252 1237; x_wconf 90' lang='lat' dir='ltr'>est</span> <span class='ocrx_word' id='word_1_139' title='bbox 264 1196 382 1237; x_wconf 67' lang='lat' dir='ltr'>murus:</span> <span class='ocrx_word' id='word_1_140' title='bbox 398 1179 450 1238; x_wconf 89' lang='lat' dir='ltr'>ilic</span> <span class='ocrx_word' id='word_1_141' title='bbox 468 1181 591 1251; x_wconf 85' lang='lat' dir='ltr'>psalmus</span> <span class='ocrx_word' id='word_1_142' title='bbox 603 1188 647 1237; x_wconf 89' lang='lat' dir='ltr'>est</span> <span class='ocrx_word' id='word_1_143' title='bbox 658 1180 773 1247; x_wconf 82' lang='lat' dir='ltr'>Christi,</span> <span class='ocrx_word' id='word_1_144' title='bbox 786 1181 852 1253; x_wconf 83' lang='lat' dir='ltr'>qnia</span> <span class='ocrx_word' id='word_1_145' title='bbox 863 1181 921 1252; x_wconf 88' lang='lat' dir='ltr'>ipse</span> <span class='ocrx_word' id='word_1_146' title='bbox 971 1195 1034 1235; x_wconf 88' lang='lat' dir='ltr'>mus</span> <span class='ocrx_word' id='word_1_147' title='bbox 1048 1181 1074 1234; x_wconf 91' lang='lat' dir='ltr'>in</span> <span class='ocrx_word' id='word_1_148' title='bbox 1089 1179 1216 1246; x_wconf 81' lang='lat' dir='ltr'>Domino,</span> <span class='ocrx_word' id='word_1_149' title='bbox 1230 1194 1285 1237; x_wconf 91' lang='lat' dir='ltr'>non</span> <span class='ocrx_word' id='word_1_150' title='bbox 1299 1181 1326 1236; x_wconf 89' lang='lat' dir='ltr'>in</span> <span class='ocrx_word' id='word_1_151' title='bbox 1344 1182 1450 1239; x_wconf 86' lang='lat' dir='ltr'>viribus</span> <span class='ocrx_word' id='word_1_152' title='bbox 1462 1184 1584 1248; x_wconf 75' lang='lat' dir='ltr'>posuis:</span> <span class='ocrx_word' id='word_1_153' title='bbox 1598 1200 1652 1239; x_wconf 77' lang='lat' dir='ltr'>iton</span> <span class='ocrx_word' id='word_1_154' title='bbox 1663 1194 1761 1240; x_wconf 88' lang='lat' dir='ltr'>contu·</span> 
     </span>
     <span class='ocr_line' id='line_1_12' title="bbox 122 1269 1760 1343; baseline 0.004 -17"><span class='ocrx_word' id='word_1_155' title='bbox 122 1280 153 1327; x_wconf 86' lang='lat' dir='ltr'>et</span> <span class='ocrx_word' id='word_1_156' title='bbox 170 1271 201 1326; x_wconf 85' lang='lat' dir='ltr'>in</span> <span class='ocrx_word' id='word_1_157' title='bbox 215 1271 269 1327; x_wconf 82' lang='lat' dir='ltr'>boc</span> <span class='ocrx_word' id='word_1_158' title='bbox 288 1270 395 1341; x_wconf 88' lang='lat' dir='ltr'>psalmo</span> <span class='ocrx_word' id='word_1_159' title='bbox 410 1270 542 1341; x_wconf 78' lang='lat' dir='ltr'>loquitur,</span> <span class='ocrx_word' id='word_1_160' title='bbox 563 1278 592 1326; x_wconf 91' lang='lat' dir='ltr'>et</span> <span class='ocrx_word' id='word_1_161' title='bbox 611 1269 646 1326; x_wconf 89' lang='lat' dir='ltr'>de</span> <span class='ocrx_word' id='word_1_162' title='bbox 674 1269 766 1340; x_wconf 86' lang='lat' dir='ltr'>seipso</span> <span class='ocrx_word' id='word_1_163' title='bbox 788 1270 919 1341; x_wconf 81' lang='lat' dir='ltr'>loquitur.</span> <span class='ocrx_word' id='word_1_164' title='bbox 970 1272 1089 1327; x_wconf 83' lang='lat' dir='ltr'>maciem</span> <span class='ocrx_word' id='word_1_165' title='bbox 1107 1271 1226 1328; x_wconf 85' lang='lat' dir='ltr'>tiliorum</span> <span class='ocrx_word' id='word_1_166' title='bbox 1239 1273 1410 1343; x_wconf 89' lang='lat' dir='ltr'>captivorum</span> <span class='ocrx_word' id='word_1_167' title='bbox 1429 1275 1583 1332; x_wconf 90' lang='lat' dir='ltr'>imitatores</span> <span class='ocrx_word' id='word_1_168' title='bbox 1597 1277 1696 1343; x_wconf 84' lang='lat' dir='ltr'>simus,</span> <span class='ocrx_word' id='word_1_169' title='bbox 1713 1276 1760 1333; x_wconf 86' lang='lat' dir='ltr'>sed</span> 
     </span>
     <span class='ocr_line' id='line_1_13' title="bbox 124 1359 1440 1433; baseline 0.001 -16"><span class='ocrx_word' id='word_1_170' title='bbox 124 1361 176 1418; x_wconf 82' lang='lat' dir='ltr'>list</span> <span class='ocrx_word' id='word_1_171' title='bbox 193 1362 277 1417; x_wconf 87' lang='lat' dir='ltr'>etiam</span> <span class='ocrx_word' id='word_1_172' title='bbox 298 1362 416 1433; x_wconf 72' lang='lat' dir='ltr'>filiorum</span> <span class='ocrx_word' id='word_1_173' title='bbox 429 1360 565 1429; x_wconf 72' lang='lat' dir='ltr'>donadei,</span> <span class='ocrx_word' id='word_1_174' title='bbox 581 1361 646 1432; x_wconf 84' lang='lat' dir='ltr'>quia</span> <span class='ocrx_word' id='word_1_175' title='bbox 663 1360 699 1417; x_wconf 89' lang='lat' dir='ltr'>de</span> <span class='ocrx_word' id='word_1_176' title='bbox 717 1361 784 1431; x_wconf 82' lang='lat' dir='ltr'>ipsis</span> <span class='ocrx_word' id='word_1_177' title='bbox 805 1360 851 1417; x_wconf 89' lang='lat' dir='ltr'>bic</span> <span class='ocrx_word' id='word_1_178' title='bbox 867 1359 921 1417; x_wconf 83' lang='lat' dir='ltr'>lio-</span> <span class='ocrx_word' id='word_1_179' title='bbox 970 1361 1155 1416; x_wconf 88' lang='lat' dir='ltr'>obedientium</span> <span class='ocrx_word' id='word_1_180' title='bbox 1174 1362 1292 1431; x_wconf 76' lang='lat' dir='ltr'>filioram</span> <span class='ocrx_word' id='word_1_181' title='bbox 1306 1362 1440 1419; x_wconf 73' lang='lat' dir='ltr'>donadei.</span> 
     </span>
     <span class='ocr_line' id='line_1_14' title="bbox 124 1450 1760 1526; baseline 0.001 -16"><span class='ocrx_word' id='word_1_182' title='bbox 124 1455 222 1510; x_wconf 89' lang='lat' dir='ltr'>minus</span> <span class='ocrx_word' id='word_1_183' title='bbox 233 1454 368 1525; x_wconf 88' lang='lat' dir='ltr'>loquitur,</span> <span class='ocrx_word' id='word_1_184' title='bbox 379 1453 427 1524; x_wconf 82' lang='lat' dir='ltr'>qui</span> <span class='ocrx_word' id='word_1_185' title='bbox 442 1452 491 1508; x_wconf 89' lang='lat' dir='ltr'>lilii</span> <span class='ocrx_word' id='word_1_186' title='bbox 505 1452 582 1524; x_wconf 85' lang='lat' dir='ltr'>prius</span> <span class='ocrx_word' id='word_1_187' title='bbox 593 1452 692 1523; x_wconf 86' lang='lat' dir='ltr'>captlri</span> <span class='ocrx_word' id='word_1_188' title='bbox 705 1451 826 1508; x_wconf 82' lang='lat' dir='ltr'>luemnt.</span> <span class='ocrx_word' id='word_1_189' title='bbox 843 1450 920 1509; x_wconf 84' lang='lat' dir='ltr'>Unde</span> <span class='ocrx_word' id='word_1_190' title='bbox 1005 1451 1054 1509; x_wconf 82' lang='lat' dir='ltr'>Est</span> <span class='ocrx_word' id='word_1_191' title='bbox 1071 1454 1153 1509; x_wconf 90' lang='lat' dir='ltr'>etium</span> <span class='ocrx_word' id='word_1_192' title='bbox 1168 1453 1398 1510; x_wconf 83' lang='lat' dir='ltr'>considerandum</span> <span class='ocrx_word' id='word_1_193' title='bbox 1418 1455 1446 1509; x_wconf 92' lang='lat' dir='ltr'>in</span> <span class='ocrx_word' id='word_1_194' title='bbox 1465 1454 1620 1511; x_wconf 82' lang='lat' dir='ltr'>obedientia</span> <span class='ocrx_word' id='word_1_195' title='bbox 1640 1456 1760 1526; x_wconf 75' lang='lat' dir='ltr'>filioram</span> 
     </span>
     <span class='ocr_line' id='line_1_15' title="bbox 121 1542 1759 1618; baseline 0.001 -16"><span class='ocrx_word' id='word_1_196' title='bbox 121 1545 268 1602; x_wconf 86' lang='lat' dir='ltr'>etdieltur</span> <span class='ocrx_word' id='word_1_197' title='bbox 281 1545 587 1616; x_wconf 80' lang='lat' dir='ltr'>priorrmcrptioorum.</span> <span class='ocrx_word' id='word_1_198' title='bbox 605 1542 677 1601; x_wconf 83' lang='lat' dir='ltr'>Bene</span> <span class='ocrx_word' id='word_1_199' title='bbox 690 1554 781 1600; x_wconf 90' lang='lat' dir='ltr'>autern</span> <span class='ocrx_word' id='word_1_200' title='bbox 794 1542 919 1599; x_wconf 71' lang='lat' dir='ltr'>donadei</span> <span class='ocrx_word' id='word_1_201' title='bbox 968 1543 1105 1605; x_wconf 73' lang='lat' dir='ltr'>leandri.</span> <span class='ocrx_word' id='word_1_202' title='bbox 1120 1545 1185 1616; x_wconf 82' lang='lat' dir='ltr'>quia</span> <span class='ocrx_word' id='word_1_203' title='bbox 1200 1555 1364 1616; x_wconf 74' lang='lat' dir='ltr'>preceptum</span> <span class='ocrx_word' id='word_1_204' title='bbox 1385 1549 1477 1616; x_wconf 88' lang='lat' dir='ltr'>posuit</span> <span class='ocrx_word' id='word_1_205' title='bbox 1499 1547 1552 1603; x_wconf 91' lang='lat' dir='ltr'>illis</span> <span class='ocrx_word' id='word_1_206' title='bbox 1564 1559 1640 1618; x_wconf 89' lang='lat' dir='ltr'>pater</span> <span class='ocrx_word' id='word_1_207' title='bbox 1651 1564 1759 1614; x_wconf 89' lang='lat' dir='ltr'>eorum,</span> 
     </span>
     <span class='ocr_line' id='line_1_16' title="bbox 119 1635 1761 1708; baseline 0.002 -15"><span class='ocrx_word' id='word_1_208' title='bbox 119 1648 150 1693; x_wconf 91' lang='lat' dir='ltr'>et</span> <span class='ocrx_word' id='word_1_209' title='bbox 167 1637 323 1694; x_wconf 87' lang='lat' dir='ltr'>seeundum</span> <span class='ocrx_word' id='word_1_210' title='bbox 338 1637 478 1708; x_wconf 85' lang='lat' dir='ltr'>negotium</span> <span class='ocrx_word' id='word_1_211' title='bbox 492 1644 521 1692; x_wconf 89' lang='lat' dir='ltr'>et</span> <span class='ocrx_word' id='word_1_212' title='bbox 540 1635 691 1692; x_wconf 64' lang='lat' dir='ltr'>mundum</span> <span class='ocrx_word' id='word_1_213' title='bbox 705 1636 824 1693; x_wconf 89' lang='lat' dir='ltr'>nominis</span> <span class='ocrx_word' id='word_1_214' title='bbox 836 1636 920 1692; x_wconf 86' lang='lat' dir='ltr'>inter·</span> <span class='ocrx_word' id='word_1_215' title='bbox 969 1635 1044 1705; x_wconf 84' lang='lat' dir='ltr'>quod</span> <span class='ocrx_word' id='word_1_216' title='bbox 1058 1651 1113 1692; x_wconf 92' lang='lat' dir='ltr'>non</span> <span class='ocrx_word' id='word_1_217' title='bbox 1129 1635 1210 1691; x_wconf 84' lang='lat' dir='ltr'>inita</span> <span class='ocrx_word' id='word_1_218' title='bbox 1228 1636 1284 1693; x_wconf 77' lang='lat' dir='ltr'>lieo</span> <span class='ocrx_word' id='word_1_219' title='bbox 1303 1639 1434 1706; x_wconf 85' lang='lat' dir='ltr'>positum,</span> <span class='ocrx_word' id='word_1_220' title='bbox 1451 1640 1565 1707; x_wconf 88' lang='lat' dir='ltr'>seilicet,</span> <span class='ocrx_word' id='word_1_221' title='bbox 1582 1656 1616 1696; x_wconf 87' lang='lat' dir='ltr'>ne</span> <span class='ocrx_word' id='word_1_222' title='bbox 1637 1640 1761 1696; x_wconf 75' lang='lat' dir='ltr'>biberent</span> 
     </span>
     <span class='ocr_line' id='line_1_17' title="bbox 121 1696 1762 1801; baseline 0.003 -18"><span class='ocrx_word' id='word_1_223' title='bbox 121 1729 310 1801; x_wconf 85' lang='lat' dir='ltr'>pretationem</span> <span class='ocrx_word' id='word_1_224' title='bbox 336 1729 381 1785; x_wconf 91' lang='lat' dir='ltr'>bic</span> <span class='ocrx_word' id='word_1_225' title='bbox 409 1726 565 1800; x_wconf 88' lang='lat' dir='ltr'>apponitur.</span> <span class='ocrx_word' id='word_1_226' title='bbox 595 1725 751 1784; x_wconf 83' lang='lat' dir='ltr'>Secundam</span> <span class='ocrx_word' id='word_1_227' title='bbox 778 1729 917 1797; x_wconf 86' lang='lat' dir='ltr'>negotium</span> <span class='ocrx_word' id='word_1_228' title='bbox 933 1696 955 1752; x_wconf 72' lang='lat' dir='ltr'>B</span> <span class='ocrx_word' id='word_1_229' title='bbox 969 1729 1064 1784; x_wconf 87' lang='lat' dir='ltr'>rinum</span> <span class='ocrx_word' id='word_1_230' title='bbox 1087 1743 1177 1799; x_wconf 79' lang='lat' dir='ltr'>neque</span> <span class='ocrx_word' id='word_1_231' title='bbox 1201 1728 1357 1785; x_wconf 86' lang='lat' dir='ltr'>babitarent</span> <span class='ocrx_word' id='word_1_232' title='bbox 1382 1731 1410 1786; x_wconf 92' lang='lat' dir='ltr'>in</span> <span class='ocrx_word' id='word_1_233' title='bbox 1435 1731 1601 1794; x_wconf 74' lang='lat' dir='ltr'>civitatibus.</span> <span class='ocrx_word' id='word_1_234' title='bbox 1625 1732 1672 1788; x_wconf 87' lang='lat' dir='ltr'>sed</span> <span class='ocrx_word' id='word_1_235' title='bbox 1694 1731 1762 1788; x_wconf 87' lang='lat' dir='ltr'>ioris</span> 
     </span>
     <span class='ocr_line' id='line_1_18' title="bbox 121 1818 1759 1892; baseline 0 -15"><span class='ocrx_word' id='word_1_236' title='bbox 121 1822 181 1877; x_wconf 84' lang='lat' dir='ltr'>ita:</span> <span class='ocrx_word' id='word_1_237' title='bbox 196 1821 260 1892; x_wconf 77' lang='lat' dir='ltr'>qnia</span> <span class='ocrx_word' id='word_1_238' title='bbox 276 1820 349 1877; x_wconf 90' lang='lat' dir='ltr'>sicut</span> <span class='ocrx_word' id='word_1_239' title='bbox 368 1819 493 1876; x_wconf 72' lang='lat' dir='ltr'>donadei</span> <span class='ocrx_word' id='word_1_240' title='bbox 515 1818 645 1876; x_wconf 87' lang='lat' dir='ltr'>sacerdos</span> <span class='ocrx_word' id='word_1_241' title='bbox 667 1820 732 1877; x_wconf 89' lang='lat' dir='ltr'>dliis</span> <span class='ocrx_word' id='word_1_242' title='bbox 751 1821 810 1877; x_wconf 89' lang='lat' dir='ltr'>suis</span> <span class='ocrx_word' id='word_1_243' title='bbox 824 1838 838 1875; x_wconf 85' lang='lat' dir='ltr'>a</span> <span class='ocrx_word' id='word_1_244' title='bbox 853 1821 918 1878; x_wconf 85' lang='lat' dir='ltr'>rino</span> <span class='ocrx_word' id='word_1_245' title='bbox 969 1819 998 1874; x_wconf 92' lang='lat' dir='ltr'>in</span> <span class='ocrx_word' id='word_1_246' title='bbox 1012 1819 1206 1876; x_wconf 85' lang='lat' dir='ltr'>tabernaculis.</span> <span class='ocrx_word' id='word_1_247' title='bbox 1232 1818 1309 1876; x_wconf 83' lang='lat' dir='ltr'>Unde</span> <span class='ocrx_word' id='word_1_248' title='bbox 1328 1820 1487 1876; x_wconf 83' lang='lat' dir='ltr'>imminente</span> <span class='ocrx_word' id='word_1_249' title='bbox 1510 1820 1654 1883; x_wconf 86' lang='lat' dir='ltr'>obsidione</span> <span class='ocrx_word' id='word_1_250' title='bbox 1675 1822 1759 1878; x_wconf 81' lang='lat' dir='ltr'>Cbal-</span> 
     </span>
     <span class='ocr_line' id='line_1_19' title="bbox 120 1911 1760 1985; baseline -0.001 -14"><span class='ocrx_word' id='word_1_251' title='bbox 120 1914 265 1971; x_wconf 76' lang='lat' dir='ltr'>atertnere</span> <span class='ocrx_word' id='word_1_252' title='bbox 279 1923 307 1970; x_wconf 88' lang='lat' dir='ltr'>et</span> <span class='ocrx_word' id='word_1_253' title='bbox 329 1913 356 1969; x_wconf 91' lang='lat' dir='ltr'>in</span> <span class='ocrx_word' id='word_1_254' title='bbox 372 1913 557 1970; x_wconf 88' lang='lat' dir='ltr'>tabernaculis</span> <span class='ocrx_word' id='word_1_255' title='bbox 580 1913 705 1970; x_wconf 89' lang='lat' dir='ltr'>babitare</span> <span class='ocrx_word' id='word_1_256' title='bbox 728 1915 865 1985; x_wconf 77' lang='lat' dir='ltr'>precepit,</span> <span class='ocrx_word' id='word_1_257' title='bbox 880 1914 917 1969; x_wconf 87' lang='lat' dir='ltr'>ita</span> <span class='ocrx_word' id='word_1_258' title='bbox 968 1911 1102 1974; x_wconf 76' lang='lat' dir='ltr'>deornm</span> <span class='ocrx_word' id='word_1_259' title='bbox 1118 1911 1184 1966; x_wconf 89' lang='lat' dir='ltr'>dnm</span> <span class='ocrx_word' id='word_1_260' title='bbox 1209 1920 1374 1983; x_wconf 84' lang='lat' dir='ltr'>cogerentur</span> <span class='ocrx_word' id='word_1_261' title='bbox 1394 1927 1506 1968; x_wconf 89' lang='lat' dir='ltr'>manere</span> <span class='ocrx_word' id='word_1_262' title='bbox 1521 1914 1548 1968; x_wconf 92' lang='lat' dir='ltr'>in</span> <span class='ocrx_word' id='word_1_263' title='bbox 1569 1916 1689 1980; x_wconf 75' lang='lat' dir='ltr'>civitate,</span> <span class='ocrx_word' id='word_1_264' title='bbox 1707 1915 1760 1971; x_wconf 89' lang='lat' dir='ltr'>boc</span> 
     </span>
     <span class='ocr_line' id='line_1_20' title="bbox 121 2004 1761 2077; baseline 0.001 -15"><span class='ocrx_word' id='word_1_265' title='bbox 121 2005 262 2062; x_wconf 81' lang='lat' dir='ltr'>boninus</span> <span class='ocrx_word' id='word_1_266' title='bbox 276 2004 475 2061; x_wconf 87' lang='lat' dir='ltr'>nosterddeles</span> <span class='ocrx_word' id='word_1_267' title='bbox 485 2004 918 2075; x_wconf 80' lang='lat' dir='ltr'>suusatentporalijueonditate</span> <span class='ocrx_word' id='word_1_268' title='bbox 969 2004 1059 2074; x_wconf 88' lang='lat' dir='ltr'>ipsum</span> <span class='ocrx_word' id='word_1_269' title='bbox 1083 2004 1248 2075; x_wconf 86' lang='lat' dir='ltr'>reputabant</span> <span class='ocrx_word' id='word_1_270' title='bbox 1272 2004 1326 2060; x_wconf 87' lang='lat' dir='ltr'>sibl</span> <span class='ocrx_word' id='word_1_271' title='bbox 1350 2019 1401 2075; x_wconf 91' lang='lat' dir='ltr'>pro</span> <span class='ocrx_word' id='word_1_272' title='bbox 1428 2005 1515 2076; x_wconf 87' lang='lat' dir='ltr'>prima</span> <span class='ocrx_word' id='word_1_273' title='bbox 1537 2006 1704 2077; x_wconf 87' lang='lat' dir='ltr'>captiritate‚</span> <span class='ocrx_word' id='word_1_274' title='bbox 1729 2021 1761 2064; x_wconf 89' lang='lat' dir='ltr'>ut</span> 
     </span>
     <span class='ocr_line' id='line_1_21' title="bbox 120 2094 1760 2170; baseline 0.001 -16"><span class='ocrx_word' id='word_1_275' title='bbox 120 2097 262 2169; x_wconf 88' lang='lat' dir='ltr'>probibet,</span> <span class='ocrx_word' id='word_1_276' title='bbox 275 2105 303 2153; x_wconf 93' lang='lat' dir='ltr'>et</span> <span class='ocrx_word' id='word_1_277' title='bbox 316 2096 343 2152; x_wconf 90' lang='lat' dir='ltr'>in</span> <span class='ocrx_word' id='word_1_278' title='bbox 358 2096 410 2153; x_wconf 88' lang='lat' dir='ltr'>bae</span> <span class='ocrx_word' id='word_1_279' title='bbox 420 2097 476 2152; x_wconf 86' lang='lat' dir='ltr'>vita</span> <span class='ocrx_word' id='word_1_280' title='bbox 487 2096 646 2170; x_wconf 85' lang='lat' dir='ltr'>peregrinos</span> <span class='ocrx_word' id='word_1_281' title='bbox 658 2096 816 2153; x_wconf 82' lang='lat' dir='ltr'>etadienas</span> <span class='ocrx_word' id='word_1_282' title='bbox 829 2113 859 2153; x_wconf 92' lang='lat' dir='ltr'>se</span> <span class='ocrx_word' id='word_1_283' title='bbox 872 2112 917 2154; x_wconf 90' lang='lat' dir='ltr'>re·</span> <span class='ocrx_word' id='word_1_284' title='bbox 967 2095 1066 2151; x_wconf 81' lang='lat' dir='ltr'>exinde</span> <span class='ocrx_word' id='word_1_285' title='bbox 1080 2094 1162 2165; x_wconf 91' lang='lat' dir='ltr'>primi</span> <span class='ocrx_word' id='word_1_286' title='bbox 1183 2095 1284 2165; x_wconf 88' lang='lat' dir='ltr'>captivi</span> <span class='ocrx_word' id='word_1_287' title='bbox 1306 2097 1443 2151; x_wconf 89' lang='lat' dir='ltr'>nominari</span> <span class='ocrx_word' id='word_1_288' title='bbox 1465 2098 1611 2154; x_wconf 85' lang='lat' dir='ltr'>rideantur</span> <span class='ocrx_word' id='word_1_289' title='bbox 1630 2100 1657 2154; x_wconf 91' lang='lat' dir='ltr'>in</span> <span class='ocrx_word' id='word_1_290' title='bbox 1680 2100 1760 2157; x_wconf 88' lang='lat' dir='ltr'>titulo</span> 
     </span>
     <span class='ocr_line' id='line_1_22' title="bbox 119 2186 1760 2261; baseline 0.001 -17"><span class='ocrx_word' id='word_1_291' title='bbox 119 2196 314 2260; x_wconf 79' lang='lat' dir='ltr'>putarentque</span> <span class='ocrx_word' id='word_1_292' title='bbox 327 2186 448 2243; x_wconf 90' lang='lat' dir='ltr'>lntnram</span> <span class='ocrx_word' id='word_1_293' title='bbox 458 2187 597 2259; x_wconf 80' lang='lat' dir='ltr'>inquirere</span> <span class='ocrx_word' id='word_1_294' title='bbox 608 2187 747 2244; x_wconf 87' lang='lat' dir='ltr'>admonet.</span> <span class='ocrx_word' id='word_1_295' title='bbox 762 2187 917 2244; x_wconf 77' lang='lat' dir='ltr'>varndnm</span> <span class='ocrx_word' id='word_1_296' title='bbox 968 2186 1066 2258; x_wconf 88' lang='lat' dir='ltr'>psalmi</span> <span class='ocrx_word' id='word_1_297' title='bbox 1081 2187 1250 2257; x_wconf 69' lang='lat' dir='ltr'>injuncium</span> <span class='ocrx_word' id='word_1_298' title='bbox 1264 2187 1365 2244; x_wconf 89' lang='lat' dir='ltr'>dicitur</span> <span class='ocrx_word' id='word_1_299' title='bbox 1381 2189 1523 2244; x_wconf 78' lang='lat' dir='ltr'>:Perimes</span> <span class='ocrx_word' id='word_1_300' title='bbox 1538 2190 1624 2247; x_wconf 83' lang='lat' dir='ltr'>Drrid</span> <span class='ocrx_word' id='word_1_301' title='bbox 1642 2191 1760 2261; x_wconf 73' lang='lat' dir='ltr'>filioram</span> 
     </span>
     <span class='ocr_line' id='line_1_23' title="bbox 118 2275 1759 2351; baseline 0.002 -17"><span class='ocrx_word' id='word_1_302' title='bbox 118 2294 190 2334; x_wconf 83' lang='lat' dir='ltr'>rere</span> <span class='ocrx_word' id='word_1_303' title='bbox 201 2277 322 2334; x_wconf 88' lang='lat' dir='ltr'>nominis</span> <span class='ocrx_word' id='word_1_304' title='bbox 335 2279 585 2350; x_wconf 70' lang='lat' dir='ltr'>interpretationem</span> <span class='ocrx_word' id='word_1_305' title='bbox 599 2280 640 2336; x_wconf 91' lang='lat' dir='ltr'>sic</span> <span class='ocrx_word' id='word_1_306' title='bbox 652 2296 659 2333; x_wconf 80' lang='grc' dir='ltr'>ι</span> <span class='ocrx_word' id='word_1_307' title='bbox 671 2278 794 2335; x_wconf 78' lang='lat' dir='ltr'>Jonndub</span> <span class='ocrx_word' id='word_1_308' title='bbox 808 2279 917 2335; x_wconf 79' lang='lat' dir='ltr'>Domini</span> <span class='ocrx_word' id='word_1_309' title='bbox 966 2275 1103 2344; x_wconf 69' lang='lat' dir='ltr'>denudem,</span> <span class='ocrx_word' id='word_1_310' title='bbox 1122 2287 1148 2333; x_wconf 83' lang='lat' dir='ltr'>et</span> <span class='ocrx_word' id='word_1_311' title='bbox 1165 2278 1285 2349; x_wconf 82' lang='lat' dir='ltr'>priorum</span> <span class='ocrx_word' id='word_1_312' title='bbox 1306 2279 1482 2349; x_wconf 85' lang='lat' dir='ltr'>ceptirnmm.</span> <span class='ocrx_word' id='word_1_313' title='bbox 1499 2278 1623 2351; x_wconf 80' lang='lat' dir='ltr'>lienique</span> <span class='ocrx_word' id='word_1_314' title='bbox 1636 2281 1759 2351; x_wconf 89' lang='lat' dir='ltr'>ipsorum</span> 
     </span>
     <span class='ocr_line' id='line_1_24' title="bbox 120 2353 1760 2445; baseline 0 -18"><span class='ocrx_word' id='word_1_315' title='bbox 120 2382 288 2442; x_wconf 70' lang='lat' dir='ltr'>mentum</span> <span class='ocrx_word' id='word_1_316' title='bbox 318 2353 524 2444; x_wconf 70' lang='lat' dir='ltr'>interpretatur.</span> <span class='ocrx_word' id='word_1_317' title='bbox 552 2372 620 2441; x_wconf 82' lang='lat' dir='ltr'>Quae</span> <span class='ocrx_word' id='word_1_318' title='bbox 645 2373 832 2445; x_wconf 71' lang='lat' dir='ltr'>interpretatio</span> <span class='ocrx_word' id='word_1_319' title='bbox 855 2382 918 2445; x_wconf 90' lang='lat' dir='ltr'>apte</span> <span class='ocrx_word' id='word_1_320' title='bbox 968 2368 1390 2441; x_wconf 81' lang='lat' dir='ltr'>talismptiritasprioreratea</span> <span class='ocrx_word' id='word_1_321' title='bbox 1403 2371 1569 2442; x_wconf 73' lang='lat' dir='ltr'>captivitate,</span> <span class='ocrx_word' id='word_1_322' title='bbox 1583 2371 1760 2442; x_wconf 76' lang='lat' dir='ltr'>praedestin·</span> 
     </span>
     <span class='ocr_line' id='line_1_25' title="bbox 120 2457 1760 2539; baseline 0 -20"><span class='ocrx_word' id='word_1_323' title='bbox 120 2463 246 2519; x_wconf 77' lang='lat' dir='ltr'>Dumium</span> <span class='ocrx_word' id='word_1_324' title='bbox 262 2473 358 2520; x_wconf 90' lang='lat' dir='ltr'>nostro</span> <span class='ocrx_word' id='word_1_325' title='bbox 381 2466 518 2536; x_wconf 88' lang='lat' dir='ltr'>congruit,</span> <span class='ocrx_word' id='word_1_326' title='bbox 534 2466 636 2537; x_wconf 81' lang='lat' dir='ltr'>quippe</span> <span class='ocrx_word' id='word_1_327' title='bbox 653 2468 700 2539; x_wconf 77' lang='lat' dir='ltr'>niti</span> <span class='ocrx_word' id='word_1_328' title='bbox 718 2482 773 2537; x_wconf 77' lang='lat' dir='ltr'>pre</span> <span class='ocrx_word' id='word_1_329' title='bbox 790 2467 918 2524; x_wconf 88' lang='lat' dir='ltr'>omnibns</span> <span class='ocrx_word' id='word_1_330' title='bbox 966 2472 1012 2516; x_wconf 88' lang='lat' dir='ltr'>eta</span> <span class='ocrx_word' id='word_1_331' title='bbox 1023 2457 1176 2516; x_wconf 80' lang='lat' dir='ltr'>ierusalem</span> <span class='ocrx_word' id='word_1_332' title='bbox 1191 2461 1268 2517; x_wconf 82' lang='lat' dir='ltr'>ducti</span> <span class='ocrx_word' id='word_1_333' title='bbox 1288 2462 1396 2517; x_wconf 88' lang='lat' dir='ltr'>suntin</span> <span class='ocrx_word' id='word_1_334' title='bbox 1413 2461 1580 2535; x_wconf 79' lang='lat' dir='ltr'>Babylonem</span> <span class='ocrx_word' id='word_1_335' title='bbox 1593 2461 1690 2530; x_wconf 73' lang='lat' dir='ltr'>luciaci,</span> <span class='ocrx_word' id='word_1_336' title='bbox 1704 2478 1760 2534; x_wconf 84' lang='lat' dir='ltr'>quo</span> 
     </span>
     <span class='ocr_line' id='line_1_26' title="bbox 119 2552 1760 2627; baseline 0.001 -18"><span class='ocrx_word' id='word_1_337' title='bbox 119 2553 292 2624; x_wconf 82' lang='lat' dir='ltr'>specialiter,</span> <span class='ocrx_word' id='word_1_338' title='bbox 309 2568 341 2609; x_wconf 88' lang='lat' dir='ltr'>rc</span> <span class='ocrx_word' id='word_1_339' title='bbox 355 2553 530 2624; x_wconf 78' lang='lat' dir='ltr'>singulariter</span> <span class='ocrx_word' id='word_1_340' title='bbox 542 2553 598 2610; x_wconf 80' lang='lat' dir='ltr'>lieo</span> <span class='ocrx_word' id='word_1_341' title='bbox 611 2554 686 2610; x_wconf 89' lang='lat' dir='ltr'>Patri</span> <span class='ocrx_word' id='word_1_342' title='bbox 698 2555 830 2627; x_wconf 83' lang='lat' dir='ltr'>usquead</span> <span class='ocrx_word' id='word_1_343' title='bbox 841 2569 917 2611; x_wconf 90' lang='lat' dir='ltr'>mor·</span> <span class='ocrx_word' id='word_1_344' title='bbox 966 2566 1023 2608; x_wconf 87' lang='lat' dir='ltr'>non</span> <span class='ocrx_word' id='word_1_345' title='bbox 1036 2561 1102 2608; x_wconf 86' lang='lat' dir='ltr'>sunt</span> <span class='ocrx_word' id='word_1_346' title='bbox 1113 2552 1187 2608; x_wconf 86' lang='lat' dir='ltr'>ducti</span> <span class='ocrx_word' id='word_1_347' title='bbox 1199 2552 1244 2608; x_wconf 91' lang='lat' dir='ltr'>isti</span> <span class='ocrx_word' id='word_1_348' title='bbox 1256 2552 1308 2624; x_wconf 75' lang='lat' dir='ltr'>{liii</span> <span class='ocrx_word' id='word_1_349' title='bbox 1318 2553 1459 2618; x_wconf 73' lang='lat' dir='ltr'>donadei,</span> <span class='ocrx_word' id='word_1_350' title='bbox 1474 2554 1538 2626; x_wconf 75' lang='lat' dir='ltr'>graia</span> <span class='ocrx_word' id='word_1_351' title='bbox 1553 2555 1721 2627; x_wconf 84' lang='lat' dir='ltr'>principibus</span> <span class='ocrx_word' id='word_1_352' title='bbox 1732 2564 1760 2610; x_wconf 86' lang='lat' dir='ltr'>et</span> 
     </span>
     <span class='ocr_line' id='line_1_27' title="bbox 118 2641 1758 2716; baseline 0.003 -19"><span class='ocrx_word' id='word_1_353' title='bbox 118 2652 178 2701; x_wconf 69' lang='lat' dir='ltr'>mm</span> <span class='ocrx_word' id='word_1_354' title='bbox 193 2644 324 2700; x_wconf 78' lang='lat' dir='ltr'>obedivit.</span> <span class='ocrx_word' id='word_1_355' title='bbox 336 2643 396 2716; x_wconf 88' lang='lat' dir='ltr'>lpse</span> <span class='ocrx_word' id='word_1_356' title='bbox 411 2646 438 2700; x_wconf 90' lang='lat' dir='ltr'>in</span> <span class='ocrx_word' id='word_1_357' title='bbox 453 2646 506 2701; x_wconf 84' lang='lat' dir='ltr'>boe</span> <span class='ocrx_word' id='word_1_358' title='bbox 518 2644 626 2716; x_wconf 86' lang='lat' dir='ltr'>psalmo</span> <span class='ocrx_word' id='word_1_359' title='bbox 642 2655 713 2713; x_wconf 83' lang='lat' dir='ltr'>orat,</span> <span class='ocrx_word' id='word_1_360' title='bbox 728 2654 759 2702; x_wconf 84' lang='lat' dir='ltr'>m</span> <span class='ocrx_word' id='word_1_361' title='bbox 775 2645 915 2713; x_wconf 78' lang='lat' dir='ltr'>videlicet,</span> <span class='ocrx_word' id='word_1_362' title='bbox 966 2641 1145 2699; x_wconf 82' lang='lat' dir='ltr'>bellatoribus</span> <span class='ocrx_word' id='word_1_363' title='bbox 1156 2644 1255 2714; x_wconf 89' lang='lat' dir='ltr'>partim</span> <span class='ocrx_word' id='word_1_364' title='bbox 1274 2645 1384 2711; x_wconf 84' lang='lat' dir='ltr'>occisis,</span> <span class='ocrx_word' id='word_1_365' title='bbox 1406 2647 1504 2715; x_wconf 91' lang='lat' dir='ltr'>partim</span> <span class='ocrx_word' id='word_1_366' title='bbox 1520 2646 1646 2702; x_wconf 86' lang='lat' dir='ltr'>abductis</span> <span class='ocrx_word' id='word_1_367' title='bbox 1664 2648 1690 2702; x_wconf 90' lang='lat' dir='ltr'>in</span> <span class='ocrx_word' id='word_1_368' title='bbox 1705 2646 1758 2702; x_wconf 80' lang='lat' dir='ltr'>un-</span> 
     </span>
     <span class='ocr_line' id='line_1_28' title="bbox 118 2734 1760 2808; baseline -0.001 -15"><span class='ocrx_word' id='word_1_369' title='bbox 118 2738 194 2793; x_wconf 85' lang='lat' dir='ltr'>ricut</span> <span class='ocrx_word' id='word_1_370' title='bbox 209 2736 384 2806; x_wconf 77' lang='lat' dir='ltr'>iamdictam</span> <span class='ocrx_word' id='word_1_371' title='bbox 400 2745 452 2799; x_wconf 85' lang='lat' dir='ltr'>est,</span> <span class='ocrx_word' id='word_1_372' title='bbox 464 2736 592 2807; x_wconf 80' lang='lat' dir='ltr'>exemplo</span> <span class='ocrx_word' id='word_1_373' title='bbox 605 2753 657 2794; x_wconf 86' lang='lat' dir='ltr'>son</span> <span class='ocrx_word' id='word_1_374' title='bbox 672 2736 743 2794; x_wconf 88' lang='lat' dir='ltr'>illios</span> <span class='ocrx_word' id='word_1_375' title='bbox 755 2752 822 2793; x_wconf 91' lang='lat' dir='ltr'>suos</span> <span class='ocrx_word' id='word_1_376' title='bbox 836 2752 918 2794; x_wconf 90' lang='lat' dir='ltr'>orare</span> <span class='ocrx_word' id='word_1_377' title='bbox 966 2734 1093 2807; x_wconf 77' lang='lat' dir='ltr'>bylonem</span> <span class='ocrx_word' id='word_1_378' title='bbox 1108 2736 1196 2791; x_wconf 87' lang='lat' dir='ltr'>relicti</span> <span class='ocrx_word' id='word_1_379' title='bbox 1217 2744 1282 2793; x_wconf 85' lang='lat' dir='ltr'>sunit</span> <span class='ocrx_word' id='word_1_380' title='bbox 1303 2752 1437 2808; x_wconf 78' lang='lat' dir='ltr'>pauperes</span> <span class='ocrx_word' id='word_1_381' title='bbox 1450 2746 1530 2793; x_wconf 83' lang='lat' dir='ltr'>terne</span> <span class='ocrx_word' id='word_1_382' title='bbox 1552 2738 1579 2793; x_wconf 88' lang='lat' dir='ltr'>in</span> <span class='ocrx_word' id='word_1_383' title='bbox 1600 2736 1704 2805; x_wconf 74' lang='lat' dir='ltr'>lurica,</span> <span class='ocrx_word' id='word_1_384' title='bbox 1725 2739 1760 2794; x_wconf 87' lang='lat' dir='ltr'>de</span> 
     </span>
     <span class='ocr_line' id='line_1_29' title="bbox 118 2827 1758 2903; baseline 0 -19"><span class='ocrx_word' id='word_1_385' title='bbox 118 2829 232 2885; x_wconf 85' lang='lat' dir='ltr'>doceat.</span> <span class='ocrx_word' id='word_1_386' title='bbox 247 2827 289 2883; x_wconf 75' lang='lat' dir='ltr'>bd</span> <span class='ocrx_word' id='word_1_387' title='bbox 307 2828 425 2884; x_wconf 88' lang='lat' dir='ltr'>litteram</span> <span class='ocrx_word' id='word_1_388' title='bbox 440 2830 492 2884; x_wconf 89' lang='lat' dir='ltr'>iste</span> <span class='ocrx_word' id='word_1_389' title='bbox 505 2837 548 2885; x_wconf 90' lang='lat' dir='ltr'>cst</span> <span class='ocrx_word' id='word_1_390' title='bbox 561 2827 697 2896; x_wconf 78' lang='lat' dir='ltr'>ionadab,</span> <span class='ocrx_word' id='word_1_391' title='bbox 709 2829 757 2900; x_wconf 81' lang='lat' dir='ltr'>qui</span> <span class='ocrx_word' id='word_1_392' title='bbox 775 2842 917 2885; x_wconf 88' lang='lat' dir='ltr'>cemmen-</span> <span class='ocrx_word' id='word_1_393' title='bbox 966 2842 1084 2898; x_wconf 85' lang='lat' dir='ltr'>quorum</span> <span class='ocrx_word' id='word_1_394' title='bbox 1108 2842 1224 2883; x_wconf 87' lang='lat' dir='ltr'>numero</span> <span class='ocrx_word' id='word_1_395' title='bbox 1238 2842 1301 2883; x_wconf 90' lang='lat' dir='ltr'>cum</span> <span class='ocrx_word' id='word_1_396' title='bbox 1322 2837 1414 2884; x_wconf 81' lang='lat' dir='ltr'>essent</span> <span class='ocrx_word' id='word_1_397' title='bbox 1428 2829 1481 2898; x_wconf 75' lang='lat' dir='ltr'>fite·</span> <span class='ocrx_word' id='word_1_398' title='bbox 1499 2827 1634 2903; x_wconf 69' lang='lat' dir='ltr'>donadei,</span> <span class='ocrx_word' id='word_1_399' title='bbox 1657 2837 1684 2885; x_wconf 92' lang='lat' dir='ltr'>et</span> <span class='ocrx_word' id='word_1_400' title='bbox 1704 2830 1758 2901; x_wconf 88' lang='lat' dir='ltr'>ipsi</span> 
     </span>
     <span class='ocr_line' id='line_1_30' title="bbox 120 2916 1760 2991; baseline 0.001 -16"><span class='ocrx_word' id='word_1_401' title='bbox 120 2920 234 2977; x_wconf 84' lang='lat' dir='ltr'>datura</span> <span class='ocrx_word' id='word_1_402' title='bbox 249 2917 379 2983; x_wconf 67' lang='lat' dir='ltr'>Ieremia,</span> <span class='ocrx_word' id='word_1_403' title='bbox 389 2920 439 2991; x_wconf 78' lang='lat' dir='ltr'>quii</span> <span class='ocrx_word' id='word_1_404' title='bbox 452 2919 583 2991; x_wconf 76' lang='lat' dir='ltr'>precepit</span> <span class='ocrx_word' id='word_1_405' title='bbox 599 2920 663 2975; x_wconf 87' lang='lat' dir='ltr'>liliis</span> <span class='ocrx_word' id='word_1_406' title='bbox 681 2920 740 2975; x_wconf 86' lang='lat' dir='ltr'>suis</span> <span class='ocrx_word' id='word_1_407' title='bbox 768 2927 863 2974; x_wconf 90' lang='lat' dir='ltr'>utnon</span> <span class='ocrx_word' id='word_1_408' title='bbox 875 2918 918 2975; x_wconf 89' lang='lat' dir='ltr'>bl·</span> <span class='ocrx_word' id='word_1_409' title='bbox 966 2929 1159 2975; x_wconf 88' lang='lat' dir='ltr'>remanserunt</span> <span class='ocrx_word' id='word_1_410' title='bbox 1171 2918 1199 2974; x_wconf 91' lang='lat' dir='ltr'>in</span> <span class='ocrx_word' id='word_1_411' title='bbox 1216 2916 1320 2985; x_wconf 77' lang='lat' dir='ltr'>tedes,</span> <span class='ocrx_word' id='word_1_412' title='bbox 1335 2919 1417 2974; x_wconf 89' lang='lat' dir='ltr'>soluti</span> <span class='ocrx_word' id='word_1_413' title='bbox 1434 2919 1587 2975; x_wconf 82' lang='lat' dir='ltr'>uideliceta</span> <span class='ocrx_word' id='word_1_414' title='bbox 1602 2920 1760 2991; x_wconf 79' lang='lat' dir='ltr'>captivitate</span> 
     </span>
    </p>
   </div>
   <div class='ocr_carea' id='block_1_3' title="bbox 119 3009 1759 3356">
    <p class='ocr_par' dir='ltr' id='par_1_3' title="bbox 119 3009 1759 3356">
     <span class='ocr_line' id='line_1_31' title="bbox 119 3009 1759 3105; baseline 0.002 -39"><span class='ocrx_word' id='word_1_415' title='bbox 119 3011 220 3067; x_wconf 85' lang='lat' dir='ltr'>berem</span> <span class='ocrx_word' id='word_1_416' title='bbox 231 3013 337 3079; x_wconf 86' lang='lat' dir='ltr'>vinnm,</span> <span class='ocrx_word' id='word_1_417' title='bbox 348 3011 473 3067; x_wconf 90' lang='lat' dir='ltr'>etnonin</span> <span class='ocrx_word' id='word_1_418' title='bbox 483 3011 613 3068; x_wconf 87' lang='lat' dir='ltr'>domibus</span> <span class='ocrx_word' id='word_1_419' title='bbox 634 3011 720 3068; x_wconf 88' lang='lat' dir='ltr'>sedin</span> <span class='ocrx_word' id='word_1_420' title='bbox 733 3009 950 3105; x_wconf 67' lang='lat' dir='ltr'>tabernaculisc</span> <span class='ocrx_word' id='word_1_421' title='bbox 967 3009 1025 3076; x_wconf 81' lang='lat' dir='ltr'>llis,</span> <span class='ocrx_word' id='word_1_422' title='bbox 1038 3025 1092 3080; x_wconf 83' lang='lat' dir='ltr'>qua</span> <span class='ocrx_word' id='word_1_423' title='bbox 1108 3009 1189 3079; x_wconf 87' lang='lat' dir='ltr'>primi</span> <span class='ocrx_word' id='word_1_424' title='bbox 1206 3009 1334 3080; x_wconf 82' lang='lat' dir='ltr'>captivati</span> <span class='ocrx_word' id='word_1_425' title='bbox 1353 3009 1473 3076; x_wconf 86' lang='lat' dir='ltr'>iucrimt,</span> <span class='ocrx_word' id='word_1_426' title='bbox 1487 3012 1597 3082; x_wconf 85' lang='lat' dir='ltr'>qnando</span> <span class='ocrx_word' id='word_1_427' title='bbox 1607 3012 1635 3067; x_wconf 91' lang='lat' dir='ltr'>in</span> <span class='ocrx_word' id='word_1_428' title='bbox 1650 3013 1759 3070; x_wconf 86' lang='lat' dir='ltr'>civitate</span> 
     </span>
     <span class='ocr_line' id='line_1_32' title="bbox 120 3099 1759 3175; baseline 0 -18"><span class='ocrx_word' id='word_1_429' title='bbox 120 3103 282 3158; x_wconf 84' lang='lat' dir='ltr'>babitarent</span> <span class='ocrx_word' id='word_1_430' title='bbox 303 3101 370 3175; x_wconf 72' lang='lat' dir='ltr'>(ier.</span> <span class='ocrx_word' id='word_1_431' title='bbox 390 3119 474 3171; x_wconf 80' lang='lat' dir='ltr'>xxxv,</span> <span class='ocrx_word' id='word_1_432' title='bbox 491 3103 519 3169; x_wconf 87' lang='lat' dir='ltr'>o,</span> <span class='ocrx_word' id='word_1_433' title='bbox 535 3103 573 3174; x_wconf 88' lang='grc'>1).</span> <span class='ocrx_word' id='word_1_434' title='bbox 591 3101 645 3169; x_wconf 82' lang='lat' dir='ltr'>Qui</span> <span class='ocrx_word' id='word_1_435' title='bbox 665 3102 846 3174; x_wconf 88' lang='lat' dir='ltr'>intelligentes</span> <span class='ocrx_word' id='word_1_436' title='bbox 860 3101 916 3158; x_wconf 81' lang='lat' dir='ltr'>bn·</span> <span class='ocrx_word' id='word_1_437' title='bbox 966 3107 1063 3156; x_wconf 88' lang='lat' dir='ltr'>contra</span> <span class='ocrx_word' id='word_1_438' title='bbox 1086 3099 1173 3170; x_wconf 86' lang='lat' dir='ltr'>patris</span> <span class='ocrx_word' id='word_1_439' title='bbox 1197 3109 1362 3171; x_wconf 70' lang='lat' dir='ltr'>praeceptnm</span> <span class='ocrx_word' id='word_1_440' title='bbox 1385 3109 1413 3156; x_wconf 88' lang='lat' dir='ltr'>et</span> <span class='ocrx_word' id='word_1_441' title='bbox 1434 3114 1492 3157; x_wconf 74' lang='lat' dir='ltr'>sure</span> <span class='ocrx_word' id='word_1_442' title='bbox 1513 3101 1662 3157; x_wconf 83' lang='lat' dir='ltr'>uoluntatis</span> <span class='ocrx_word' id='word_1_443' title='bbox 1683 3101 1759 3157; x_wconf 90' lang='lat' dir='ltr'>arbi·</span> 
     </span>
     <span class='ocr_line' id='line_1_33' title="bbox 121 3191 1758 3264; baseline -0.001 -15"><span class='ocrx_word' id='word_1_444' title='bbox 121 3193 232 3251; x_wconf 83' lang='lat' dir='ltr'>minem</span> <span class='ocrx_word' id='word_1_445' title='bbox 245 3194 409 3264; x_wconf 72' lang='lat' dir='ltr'>precepisse</span> <span class='ocrx_word' id='word_1_446' title='bbox 422 3192 583 3264; x_wconf 78' lang='lat' dir='ltr'>pereuntibus</span> <span class='ocrx_word' id='word_1_447' title='bbox 595 3194 623 3248; x_wconf 90' lang='lat' dir='ltr'>in</span> <span class='ocrx_word' id='word_1_448' title='bbox 637 3193 709 3249; x_wconf 91' lang='lat' dir='ltr'>bono</span> <span class='ocrx_word' id='word_1_449' title='bbox 720 3192 841 3256; x_wconf 86' lang='lat' dir='ltr'>obedire,</span> <span class='ocrx_word' id='word_1_450' title='bbox 852 3208 918 3249; x_wconf 89' lang='lat' dir='ltr'>san-</span> <span class='ocrx_word' id='word_1_451' title='bbox 967 3192 1050 3247; x_wconf 77' lang='lat' dir='ltr'>tnnm</span> <span class='ocrx_word' id='word_1_452' title='bbox 1072 3191 1160 3246; x_wconf 88' lang='lat' dir='ltr'>eoacti</span> <span class='ocrx_word' id='word_1_453' title='bbox 1184 3198 1250 3247; x_wconf 89' lang='lat' dir='ltr'>sunt</span> <span class='ocrx_word' id='word_1_454' title='bbox 1271 3191 1405 3257; x_wconf 87' lang='lat' dir='ltr'>babitare,</span> <span class='ocrx_word' id='word_1_455' title='bbox 1428 3192 1455 3247; x_wconf 92' lang='lat' dir='ltr'>in</span> <span class='ocrx_word' id='word_1_456' title='bbox 1477 3209 1532 3264; x_wconf 84' lang='lat' dir='ltr'>qua</span> <span class='ocrx_word' id='word_1_457' title='bbox 1551 3200 1640 3247; x_wconf 80' lang='lat' dir='ltr'>mmen</span> <span class='ocrx_word' id='word_1_458' title='bbox 1664 3193 1758 3247; x_wconf 89' lang='lat' dir='ltr'>vinum</span> 
     </span>
     <span class='ocr_line' id='line_1_34' title="bbox 121 3274 1759 3356; baseline -0.002 -15"><span class='ocrx_word' id='word_1_459' title='bbox 121 3295 201 3341; x_wconf 77' lang='lat' dir='ltr'>mum</span> <span class='ocrx_word' id='word_1_460' title='bbox 216 3294 397 3342; x_wconf 86' lang='lat' dir='ltr'>servaverunt</span> <span class='ocrx_word' id='word_1_461' title='bbox 418 3294 600 3356; x_wconf 68' lang='lat' dir='ltr'>praeceptum</span> <span class='ocrx_word' id='word_1_462' title='bbox 614 3292 725 3355; x_wconf 88' lang='lat' dir='ltr'>propter</span> <span class='ocrx_word' id='word_1_463' title='bbox 745 3284 819 3354; x_wconf 77' lang='lat' dir='ltr'>quod</span> <span class='ocrx_word' id='word_1_464' title='bbox 834 3284 917 3341; x_wconf 87' lang='lat' dir='ltr'>bene·</span> <span class='ocrx_word' id='word_1_465' title='bbox 967 3282 1019 3339; x_wconf 88' lang='lat' dir='ltr'>sibi</span> <span class='ocrx_word' id='word_1_466' title='bbox 1044 3283 1165 3338; x_wconf 86' lang='lat' dir='ltr'>oblatum</span> <span class='ocrx_word' id='word_1_467' title='bbox 1189 3290 1287 3337; x_wconf 89' lang='lat' dir='ltr'>contra</span> <span class='ocrx_word' id='word_1_468' title='bbox 1310 3283 1398 3352; x_wconf 88' lang='lat' dir='ltr'>patris</span> <span class='ocrx_word' id='word_1_469' title='bbox 1423 3283 1465 3339; x_wconf 90' lang='lat' dir='ltr'>sui</span> <span class='ocrx_word' id='word_1_470' title='bbox 1483 3274 1642 3340; x_wconf 79' lang='lat' dir='ltr'>mandatum</span> <span class='ocrx_word' id='word_1_471' title='bbox 1667 3283 1759 3339; x_wconf 87' lang='lat' dir='ltr'>bibere</span> 
     </span>
    </p>
   </div>
   <div class='ocr_carea' id='block_1_4' title="bbox 120 3372 1760 5743">
    <p class='ocr_par' dir='ltr' id='par_1_4' title="bbox 120 3372 1760 4824">
     <span class='ocr_line' id='line_1_35' title="bbox 120 3372 1760 3446; baseline -0.002 -11"><span class='ocrx_word' id='word_1_472' title='bbox 120 3375 192 3435; x_wconf 80' lang='lat' dir='ltr'>dixit</span> <span class='ocrx_word' id='word_1_473' title='bbox 209 3375 251 3431; x_wconf 87' lang='lat' dir='ltr'>eis</span> <span class='ocrx_word' id='word_1_474' title='bbox 267 3373 339 3430; x_wconf 76' lang='lat' dir='ltr'>[leus</span> <span class='ocrx_word' id='word_1_475' title='bbox 353 3375 669 3446; x_wconf 86' lang='lat' dir='ltr'>propterobedientlam,</span> <span class='ocrx_word' id='word_1_476' title='bbox 685 3375 848 3431; x_wconf 85' lang='lat' dir='ltr'>sciliceteos</span> <span class='ocrx_word' id='word_1_477' title='bbox 866 3374 917 3430; x_wconf 82' lang='lat' dir='ltr'>ob·</span> <span class='ocrx_word' id='word_1_478' title='bbox 967 3375 1126 3430; x_wconf 88' lang='lat' dir='ltr'>noluerunt.</span> <span class='ocrx_word' id='word_1_479' title='bbox 1149 3373 1185 3430; x_wconf 86' lang='lat' dir='ltr'>Et</span> <span class='ocrx_word' id='word_1_480' title='bbox 1208 3373 1244 3431; x_wconf 91' lang='lat' dir='ltr'>ob</span> <span class='ocrx_word' id='word_1_481' title='bbox 1268 3375 1322 3431; x_wconf 89' lang='lat' dir='ltr'>boc</span> <span class='ocrx_word' id='word_1_482' title='bbox 1347 3390 1364 3429; x_wconf 90' lang='lat' dir='ltr'>a</span> <span class='ocrx_word' id='word_1_483' title='bbox 1390 3372 1447 3430; x_wconf 81' lang='lat' dir='ltr'>Deo</span> <span class='ocrx_word' id='word_1_484' title='bbox 1475 3374 1611 3433; x_wconf 89' lang='lat' dir='ltr'>benedicti</span> <span class='ocrx_word' id='word_1_485' title='bbox 1640 3390 1760 3446; x_wconf 88' lang='lat' dir='ltr'>pronun·</span> 
     </span>
     <span class='ocr_line' id='line_1_36' title="bbox 120 3463 1759 3539; baseline 0.001 -17"><span class='ocrx_word' id='word_1_486' title='bbox 120 3467 239 3522; x_wconf 79' lang='lat' dir='ltr'>tendum</span> <span class='ocrx_word' id='word_1_487' title='bbox 250 3466 456 3536; x_wconf 82' lang='lat' dir='ltr'>etesprobrans</span> <span class='ocrx_word' id='word_1_488' title='bbox 469 3466 633 3537; x_wconf 85' lang='lat' dir='ltr'>populosae</span> <span class='ocrx_word' id='word_1_489' title='bbox 644 3464 822 3521; x_wconf 85' lang='lat' dir='ltr'>inobedienti.</span> <span class='ocrx_word' id='word_1_490' title='bbox 836 3463 915 3531; x_wconf 80' lang='lat' dir='ltr'>Quod</span> <span class='ocrx_word' id='word_1_491' title='bbox 966 3467 1070 3523; x_wconf 79' lang='lat' dir='ltr'>tientes</span> <span class='ocrx_word' id='word_1_492' title='bbox 1089 3483 1138 3539; x_wconf 87' lang='lat' dir='ltr'>per</span> <span class='ocrx_word' id='word_1_493' title='bbox 1156 3465 1304 3523; x_wconf 78' lang='lat' dir='ltr'>ieremiam</span> <span class='ocrx_word' id='word_1_494' title='bbox 1326 3466 1488 3538; x_wconf 86' lang='lat' dir='ltr'>proplietam</span> <span class='ocrx_word' id='word_1_495' title='bbox 1507 3484 1541 3524; x_wconf 83' lang='lat' dir='ltr'>ex</span> <span class='ocrx_word' id='word_1_496' title='bbox 1558 3467 1668 3523; x_wconf 83' lang='lat' dir='ltr'>illorum</span> <span class='ocrx_word' id='word_1_497' title='bbox 1682 3482 1759 3523; x_wconf 86' lang='lat' dir='ltr'>coni·</span> 
     </span>
     <span class='ocr_line' id='line_1_37' title="bbox 121 3556 1759 3633; baseline -0.001 -18"><span class='ocrx_word' id='word_1_498' title='bbox 121 3558 260 3615; x_wconf 79' lang='lat' dir='ltr'>ieremias</span> <span class='ocrx_word' id='word_1_499' title='bbox 272 3559 469 3616; x_wconf 87' lang='lat' dir='ltr'>commendans</span> <span class='ocrx_word' id='word_1_500' title='bbox 484 3558 510 3615; x_wconf 91' lang='lat' dir='ltr'>id</span> <span class='ocrx_word' id='word_1_501' title='bbox 523 3559 631 3630; x_wconf 87' lang='lat' dir='ltr'>agebat,</span> <span class='ocrx_word' id='word_1_502' title='bbox 643 3573 706 3614; x_wconf 91' lang='lat' dir='ltr'>cum</span> <span class='ocrx_word' id='word_1_503' title='bbox 719 3559 820 3628; x_wconf 88' lang='lat' dir='ltr'>populo</span> <span class='ocrx_word' id='word_1_504' title='bbox 832 3556 916 3613; x_wconf 86' lang='lat' dir='ltr'>lsrael</span> <span class='ocrx_word' id='word_1_505' title='bbox 966 3560 1107 3629; x_wconf 78' lang='lat' dir='ltr'>pantione</span> <span class='ocrx_word' id='word_1_506' title='bbox 1119 3557 1305 3633; x_wconf 83' lang='lat' dir='ltr'>increpantem</span> <span class='ocrx_word' id='word_1_507' title='bbox 1316 3557 1425 3616; x_wconf 79' lang='lat' dir='ltr'>inelaeos</span> <span class='ocrx_word' id='word_1_508' title='bbox 1435 3558 1547 3614; x_wconf 87' lang='lat' dir='ltr'>obedire</span> <span class='ocrx_word' id='word_1_509' title='bbox 1556 3558 1680 3614; x_wconf 81' lang='lat' dir='ltr'>nolentes</span> <span class='ocrx_word' id='word_1_510' title='bbox 1688 3574 1759 3630; x_wconf 79' lang='lat' dir='ltr'>prae·</span> 
     </span>
     <span class='ocr_line' id='line_1_38' title="bbox 122 3648 1756 3723; baseline 0.001 -16"><span class='ocrx_word' id='word_1_511' title='bbox 122 3651 258 3714; x_wconf 84' lang='lat' dir='ltr'>suadens.</span> <span class='ocrx_word' id='word_1_512' title='bbox 279 3659 310 3707; x_wconf 90' lang='lat' dir='ltr'>ut</span> <span class='ocrx_word' id='word_1_513' title='bbox 333 3665 363 3707; x_wconf 86' lang='lat' dir='ltr'>se</span> <span class='ocrx_word' id='word_1_514' title='bbox 377 3649 527 3720; x_wconf 81' lang='lat' dir='ltr'>captivitati</span> <span class='ocrx_word' id='word_1_515' title='bbox 550 3657 688 3719; x_wconf 89' lang='lat' dir='ltr'>pararent,</span> <span class='ocrx_word' id='word_1_516' title='bbox 713 3663 764 3705; x_wconf 90' lang='lat' dir='ltr'>nee</span> <span class='ocrx_word' id='word_1_517' title='bbox 780 3648 915 3703; x_wconf 83' lang='lat' dir='ltr'>voluntati</span> <span class='ocrx_word' id='word_1_518' title='bbox 965 3659 1046 3722; x_wconf 86' lang='lat' dir='ltr'>cepto</span> <span class='ocrx_word' id='word_1_519' title='bbox 1064 3652 1168 3722; x_wconf 85' lang='lat' dir='ltr'>divino,</span> <span class='ocrx_word' id='word_1_520' title='bbox 1180 3668 1243 3709; x_wconf 88' lang='lat' dir='ltr'>enm</span> <span class='ocrx_word' id='word_1_521' title='bbox 1255 3651 1293 3707; x_wconf 90' lang='lat' dir='ltr'>illi</span> <span class='ocrx_word' id='word_1_522' title='bbox 1306 3650 1460 3707; x_wconf 85' lang='lat' dir='ltr'>obedierint</span> <span class='ocrx_word' id='word_1_523' title='bbox 1471 3661 1606 3723; x_wconf 80' lang='lat' dir='ltr'>prerepto</span> <span class='ocrx_word' id='word_1_524' title='bbox 1623 3652 1756 3709; x_wconf 86' lang='lat' dir='ltr'>humano.</span> 
     </span>
     <span class='ocr_line' id='line_1_39' title="bbox 122 3738 1757 3815; baseline 0.002 -18"><span class='ocrx_word' id='word_1_525' title='bbox 122 3739 174 3797; x_wconf 81' lang='lat' dir='ltr'>Dei</span> <span class='ocrx_word' id='word_1_526' title='bbox 196 3739 367 3797; x_wconf 84' lang='lat' dir='ltr'>resisterent.</span> <span class='ocrx_word' id='word_1_527' title='bbox 382 3738 469 3796; x_wconf 78' lang='lat' dir='ltr'>iudei</span> <span class='ocrx_word' id='word_1_528' title='bbox 487 3740 560 3795; x_wconf 90' lang='lat' dir='ltr'>enim</span> <span class='ocrx_word' id='word_1_529' title='bbox 578 3754 629 3810; x_wconf 90' lang='lat' dir='ltr'>pro</span> <span class='ocrx_word' id='word_1_530' title='bbox 646 3740 705 3811; x_wconf 89' lang='lat' dir='ltr'>lege</span> <span class='ocrx_word' id='word_1_531' title='bbox 721 3738 770 3794; x_wconf 85' lang='lat' dir='ltr'>Dei</span> <span class='ocrx_word' id='word_1_532' title='bbox 792 3747 915 3795; x_wconf 87' lang='lat' dir='ltr'>eontem-</span> <span class='ocrx_word' id='word_1_533' title='bbox 1001 3743 1123 3800; x_wconf 77' lang='lat' dir='ltr'>Audiam</span> <span class='ocrx_word' id='word_1_534' title='bbox 1136 3743 1195 3800; x_wconf 77' lang='lat' dir='ltr'>bae</span> <span class='ocrx_word' id='word_1_535' title='bbox 1211 3744 1359 3812; x_wconf 80' lang='lat' dir='ltr'>mansueti,</span> <span class='ocrx_word' id='word_1_536' title='bbox 1378 3752 1407 3799; x_wconf 88' lang='lat' dir='ltr'>et</span> <span class='ocrx_word' id='word_1_537' title='bbox 1425 3745 1561 3808; x_wconf 75' lang='lat' dir='ltr'>letentur,</span> <span class='ocrx_word' id='word_1_538' title='bbox 1575 3744 1621 3815; x_wconf 79' lang='lat' dir='ltr'>qui</span> <span class='ocrx_word' id='word_1_539' title='bbox 1639 3745 1757 3815; x_wconf 72' lang='lat' dir='ltr'>filiorem</span> 
     </span>
     <span class='ocr_line' id='line_1_40' title="bbox 122 3829 1758 3910; baseline 0.007 -23"><span class='ocrx_word' id='word_1_540' title='bbox 122 3831 312 3905; x_wconf 79' lang='lat' dir='ltr'>pradestinati</span> <span class='ocrx_word' id='word_1_541' title='bbox 330 3841 396 3888; x_wconf 87' lang='lat' dir='ltr'>aunt</span> <span class='ocrx_word' id='word_1_542' title='bbox 407 3832 504 3902; x_wconf 74' lang='lat' dir='ltr'>prime</span> <span class='ocrx_word' id='word_1_543' title='bbox 515 3840 542 3887; x_wconf 87' lang='lat' dir='ltr'>et</span> <span class='ocrx_word' id='word_1_544' title='bbox 555 3830 721 3887; x_wconf 80' lang='lat' dir='ltr'>seeundaeet</span> <span class='ocrx_word' id='word_1_545' title='bbox 732 3832 818 3887; x_wconf 81' lang='lat' dir='ltr'>tertie</span> <span class='ocrx_word' id='word_1_546' title='bbox 827 3829 915 3901; x_wconf 85' lang='lat' dir='ltr'>capti·</span> <span class='ocrx_word' id='word_1_547' title='bbox 965 3835 1090 3891; x_wconf 77' lang='lat' dir='ltr'>eradeb</span> <span class='ocrx_word' id='word_1_548' title='bbox 1112 3846 1178 3893; x_wconf 89' lang='lat' dir='ltr'>sunt</span> <span class='ocrx_word' id='word_1_549' title='bbox 1198 3836 1226 3892; x_wconf 90' lang='lat' dir='ltr'>in</span> <span class='ocrx_word' id='word_1_550' title='bbox 1252 3838 1305 3895; x_wconf 90' lang='lat' dir='ltr'>boc</span> <span class='ocrx_word' id='word_1_551' title='bbox 1332 3838 1502 3906; x_wconf 84' lang='lat' dir='ltr'>imitatores,</span> <span class='ocrx_word' id='word_1_552' title='bbox 1525 3838 1598 3910; x_wconf 82' lang='lat' dir='ltr'>quod</span> <span class='ocrx_word' id='word_1_553' title='bbox 1626 3839 1758 3899; x_wconf 88' lang='lat' dir='ltr'>obediunt</span> 
     </span>
     <span class='ocr_line' id='line_1_41' title="bbox 122 3923 1757 4001; baseline 0.006 -24"><span class='ocrx_word' id='word_1_554' title='bbox 122 3924 240 3990; x_wconf 79' lang='lat' dir='ltr'>rabum,</span> <span class='ocrx_word' id='word_1_555' title='bbox 252 3933 285 3979; x_wconf 88' lang='lat' dir='ltr'>ut</span> <span class='ocrx_word' id='word_1_556' title='bbox 297 3924 509 3994; x_wconf 71' lang='lat' dir='ltr'>porrigerentur.</span> <span class='ocrx_word' id='word_1_557' title='bbox 528 3923 683 3992; x_wconf 76' lang='lat' dir='ltr'>Antequam</span> <span class='ocrx_word' id='word_1_558' title='bbox 697 3923 785 3992; x_wconf 87' lang='lat' dir='ltr'>prima</span> <span class='ocrx_word' id='word_1_559' title='bbox 799 3923 914 3989; x_wconf 87' lang='lat' dir='ltr'>veniret,</span> <span class='ocrx_word' id='word_1_560' title='bbox 966 3926 1026 3983; x_wconf 89' lang='lat' dir='ltr'>suis</span> <span class='ocrx_word' id='word_1_561' title='bbox 1038 3928 1160 3997; x_wconf 74' lang='lat' dir='ltr'>prolatis</span> <span class='ocrx_word' id='word_1_562' title='bbox 1171 3929 1295 3998; x_wconf 73' lang='lat' dir='ltr'>quaedam</span> <span class='ocrx_word' id='word_1_563' title='bbox 1314 3928 1549 3997; x_wconf 83' lang='lat' dir='ltr'>interdicentibus,</span> <span class='ocrx_word' id='word_1_564' title='bbox 1566 3946 1628 4001; x_wconf 73' lang='lat' dir='ltr'>quar</span> <span class='ocrx_word' id='word_1_565' title='bbox 1642 3947 1696 3988; x_wconf 92' lang='lat' dir='ltr'>non</span> <span class='ocrx_word' id='word_1_566' title='bbox 1712 3932 1757 3987; x_wconf 91' lang='lat' dir='ltr'>in·</span> 
     </span>
     <span class='ocr_line' id='line_1_42' title="bbox 122 4011 1757 4087; baseline 0.006 -18"><span class='ocrx_word' id='word_1_567' title='bbox 122 4015 309 4087; x_wconf 69' lang='lat' dir='ltr'>praenuntiata</span> <span class='ocrx_word' id='word_1_568' title='bbox 329 4024 372 4071; x_wconf 89' lang='lat' dir='ltr'>est</span> <span class='ocrx_word' id='word_1_569' title='bbox 391 4014 629 4085; x_wconf 84' lang='lat' dir='ltr'>peerpbetam.</span> <span class='ocrx_word' id='word_1_570' title='bbox 645 4011 835 4083; x_wconf 72' lang='lat' dir='ltr'>libamem</span> <span class='ocrx_word' id='word_1_571' title='bbox 852 4013 916 4069; x_wconf 90' lang='lat' dir='ltr'>inde</span> <span class='ocrx_word' id='word_1_572' title='bbox 965 4019 1076 4074; x_wconf 82' lang='lat' dir='ltr'>terdinit</span> <span class='ocrx_word' id='word_1_573' title='bbox 1090 4019 1171 4085; x_wconf 81' lang='lat' dir='ltr'>Dens,</span> <span class='ocrx_word' id='word_1_574' title='bbox 1188 4031 1219 4076; x_wconf 90' lang='lat' dir='ltr'>ut</span> <span class='ocrx_word' id='word_1_575' title='bbox 1237 4029 1281 4077; x_wconf 88' lang='lat' dir='ltr'>est</span> <span class='ocrx_word' id='word_1_576' title='bbox 1300 4021 1397 4078; x_wconf 88' lang='lat' dir='ltr'>bibere</span> <span class='ocrx_word' id='word_1_577' title='bbox 1421 4023 1515 4079; x_wconf 80' lang='lat' dir='ltr'>ninum</span> <span class='ocrx_word' id='word_1_578' title='bbox 1536 4024 1577 4079; x_wconf 86' lang='lat' dir='ltr'>rel</span> <span class='ocrx_word' id='word_1_579' title='bbox 1599 4024 1757 4080; x_wconf 89' lang='lat' dir='ltr'>eobabitare</span> 
     </span>
     <span class='ocr_line' id='line_1_43' title="bbox 121 4102 1754 4178; baseline 0.003 -17"><span class='ocrx_word' id='word_1_580' title='bbox 121 4114 232 4161; x_wconf 81' lang='lat' dir='ltr'>nactus</span> <span class='ocrx_word' id='word_1_581' title='bbox 245 4103 343 4163; x_wconf 88' lang='lat' dir='ltr'>titulus</span> <span class='ocrx_word' id='word_1_582' title='bbox 366 4106 449 4175; x_wconf 76' lang='lat' dir='ltr'>buius</span> <span class='ocrx_word' id='word_1_583' title='bbox 464 4105 572 4177; x_wconf 83' lang='lat' dir='ltr'>psalmi.</span> <span class='ocrx_word' id='word_1_584' title='bbox 597 4102 676 4160; x_wconf 83' lang='lat' dir='ltr'>Unde</span> <span class='ocrx_word' id='word_1_585' title='bbox 696 4118 759 4159; x_wconf 85' lang='lat' dir='ltr'>enin</span> <span class='ocrx_word' id='word_1_586' title='bbox 780 4102 913 4159; x_wconf 82' lang='lat' dir='ltr'>dixisset:</span> <span class='ocrx_word' id='word_1_587' title='bbox 966 4105 1054 4162; x_wconf 86' lang='lat' dir='ltr'>turbis</span> <span class='ocrx_word' id='word_1_588' title='bbox 1086 4107 1239 4164; x_wconf 87' lang='lat' dir='ltr'>civitatum.</span> <span class='ocrx_word' id='word_1_589' title='bbox 1270 4107 1366 4165; x_wconf 88' lang='lat' dir='ltr'>Nonne</span> <span class='ocrx_word' id='word_1_590' title='bbox 1390 4111 1477 4166; x_wconf 89' lang='lat' dir='ltr'>sancti</span> <span class='ocrx_word' id='word_1_591' title='bbox 1506 4110 1603 4166; x_wconf 90' lang='lat' dir='ltr'>Patres</span> <span class='ocrx_word' id='word_1_592' title='bbox 1626 4110 1754 4178; x_wconf 78' lang='lat' dir='ltr'>basilius,</span> 
     </span>
     <span class='ocr_line' id='line_1_44' title="bbox 124 4193 1757 4274; baseline 0.004 -22"><span class='ocrx_word' id='word_1_593' title='bbox 124 4195 263 4256; x_wconf 75' lang='lat' dir='ltr'>Filiorum</span> <span class='ocrx_word' id='word_1_594' title='bbox 279 4193 416 4262; x_wconf 72' lang='lat' dir='ltr'>timent,</span> <span class='ocrx_word' id='word_1_595' title='bbox 433 4196 570 4268; x_wconf 73' lang='lat' dir='ltr'>subiecit:</span> <span class='ocrx_word' id='word_1_596' title='bbox 591 4194 626 4253; x_wconf 76' lang='lat' dir='ltr'>Et</span> <span class='ocrx_word' id='word_1_597' title='bbox 641 4212 743 4262; x_wconf 74' lang='lat' dir='ltr'>comm,</span> <span class='ocrx_word' id='word_1_598' title='bbox 755 4196 801 4267; x_wconf 78' lang='lat' dir='ltr'>pri</span> <span class='ocrx_word' id='word_1_599' title='bbox 817 4196 915 4267; x_wconf 79' lang='lat' dir='ltr'>captivi</span> <span class='ocrx_word' id='word_1_600' title='bbox 966 4197 1148 4269; x_wconf 80' lang='lat' dir='ltr'>Aitgustinus,</span> <span class='ocrx_word' id='word_1_601' title='bbox 1171 4198 1333 4256; x_wconf 71' lang='lat' dir='ltr'>minentem</span> <span class='ocrx_word' id='word_1_602' title='bbox 1345 4210 1373 4257; x_wconf 90' lang='lat' dir='ltr'>et</span> <span class='ocrx_word' id='word_1_603' title='bbox 1393 4203 1495 4266; x_wconf 75' lang='lat' dir='ltr'>ceteri,</span> <span class='ocrx_word' id='word_1_604' title='bbox 1512 4203 1561 4273; x_wconf 78' lang='lat' dir='ltr'>qui</span> <span class='ocrx_word' id='word_1_605' title='bbox 1578 4204 1688 4274; x_wconf 86' lang='lat' dir='ltr'>regulas</span> <span class='ocrx_word' id='word_1_606' title='bbox 1699 4219 1757 4260; x_wconf 66' lang='lat' dir='ltr'>cve&lt;</span> 
     </span>
     <span class='ocr_line' id='line_1_45' title="bbox 121 4285 1755 4364; baseline 0.006 -23"><span class='ocrx_word' id='word_1_607' title='bbox 121 4287 290 4360; x_wconf 72' lang='lat' dir='ltr'>primtdueti</span> <span class='ocrx_word' id='word_1_608' title='bbox 307 4296 380 4344; x_wconf 84' lang='lat' dir='ltr'>rant.</span> <span class='ocrx_word' id='word_1_609' title='bbox 396 4285 456 4343; x_wconf 84' lang='lat' dir='ltr'>Non</span> <span class='ocrx_word' id='word_1_610' title='bbox 471 4287 565 4359; x_wconf 75' lang='lat' dir='ltr'>utique</span> <span class='ocrx_word' id='word_1_611' title='bbox 579 4287 644 4358; x_wconf 80' lang='lat' dir='ltr'>quia</span> <span class='ocrx_word' id='word_1_612' title='bbox 657 4287 709 4358; x_wconf 65' lang='lat' dir='ltr'>stit</span> <span class='ocrx_word' id='word_1_613' title='bbox 727 4285 852 4342; x_wconf 75' lang='lat' dir='ltr'>inundet</span> <span class='ocrx_word' id='word_1_614' title='bbox 866 4302 915 4342; x_wconf 90' lang='lat' dir='ltr'>ca·</span> <span class='ocrx_word' id='word_1_615' title='bbox 966 4286 1097 4343; x_wconf 89' lang='lat' dir='ltr'>nobitalis</span> <span class='ocrx_word' id='word_1_616' title='bbox 1119 4286 1182 4344; x_wconf 75' lang='lat' dir='ltr'>ritae</span> <span class='ocrx_word' id='word_1_617' title='bbox 1204 4287 1420 4358; x_wconf 89' lang='lat' dir='ltr'>ordinarernnt,</span> <span class='ocrx_word' id='word_1_618' title='bbox 1445 4291 1603 4363; x_wconf 78' lang='lat' dir='ltr'>bnjusmodi</span> <span class='ocrx_word' id='word_1_619' title='bbox 1630 4294 1755 4364; x_wconf 77' lang='lat' dir='ltr'>quedam</span> 
     </span>
     <span class='ocr_line' id='line_1_46' title="bbox 122 4376 1756 4452; baseline 0.004 -18"><span class='ocrx_word' id='word_1_620' title='bbox 122 4379 191 4452; x_wconf 82' lang='lat' dir='ltr'>ptivi</span> <span class='ocrx_word' id='word_1_621' title='bbox 204 4377 280 4434; x_wconf 89' lang='lat' dir='ltr'>ducti</span> <span class='ocrx_word' id='word_1_622' title='bbox 292 4388 371 4446; x_wconf 88' lang='lat' dir='ltr'>sunt;</span> <span class='ocrx_word' id='word_1_623' title='bbox 383 4376 431 4435; x_wconf 87' lang='lat' dir='ltr'>sed</span> <span class='ocrx_word' id='word_1_624' title='bbox 443 4377 508 4449; x_wconf 84' lang='lat' dir='ltr'>quia</span> <span class='ocrx_word' id='word_1_625' title='bbox 521 4378 640 4450; x_wconf 87' lang='lat' dir='ltr'>oppositi</span> <span class='ocrx_word' id='word_1_626' title='bbox 652 4386 718 4435; x_wconf 88' lang='lat' dir='ltr'>sunt</span> <span class='ocrx_word' id='word_1_627' title='bbox 731 4376 913 4451; x_wconf 84' lang='lat' dir='ltr'>captivandis.</span> <span class='ocrx_word' id='word_1_628' title='bbox 930 4392 952 4448; x_wconf 82' lang='lat' dir='ltr'>p</span> <span class='ocrx_word' id='word_1_629' title='bbox 965 4386 1068 4434; x_wconf 87' lang='lat' dir='ltr'>statuta</span> <span class='ocrx_word' id='word_1_630' title='bbox 1081 4387 1235 4450; x_wconf 89' lang='lat' dir='ltr'>posuerunt</span> <span class='ocrx_word' id='word_1_631' title='bbox 1254 4378 1282 4434; x_wconf 92' lang='lat' dir='ltr'>in</span> <span class='ocrx_word' id='word_1_632' title='bbox 1295 4380 1460 4437; x_wconf 85' lang='lat' dir='ltr'>abstinentia</span> <span class='ocrx_word' id='word_1_633' title='bbox 1476 4384 1609 4439; x_wconf 90' lang='lat' dir='ltr'>servanda</span> <span class='ocrx_word' id='word_1_634' title='bbox 1629 4385 1656 4440; x_wconf 88' lang='lat' dir='ltr'>in</span> <span class='ocrx_word' id='word_1_635' title='bbox 1672 4384 1756 4441; x_wconf 84' lang='lat' dir='ltr'>silen-</span> 
     </span>
     <span class='ocr_line' id='line_1_47' title="bbox 121 4469 1755 4546; baseline 0.004 -21"><span class='ocrx_word' id='word_1_636' title='bbox 121 4470 250 4544; x_wconf 83' lang='lat' dir='ltr'>(ippositi</span> <span class='ocrx_word' id='word_1_637' title='bbox 265 4480 339 4537; x_wconf 84' lang='lat' dir='ltr'>aurit,</span> <span class='ocrx_word' id='word_1_638' title='bbox 355 4480 385 4527; x_wconf 88' lang='lat' dir='ltr'>ut</span> <span class='ocrx_word' id='word_1_639' title='bbox 402 4471 585 4542; x_wconf 87' lang='lat' dir='ltr'>intelligerent</span> <span class='ocrx_word' id='word_1_640' title='bbox 600 4487 629 4528; x_wconf 90' lang='lat' dir='ltr'>se</span> <span class='ocrx_word' id='word_1_641' title='bbox 646 4472 707 4529; x_wconf 80' lang='lat' dir='ltr'>ideo</span> <span class='ocrx_word' id='word_1_642' title='bbox 726 4471 913 4542; x_wconf 87' lang='lat' dir='ltr'>captivandos,</span> <span class='ocrx_word' id='word_1_643' title='bbox 966 4471 1006 4526; x_wconf 88' lang='lat' dir='ltr'>tio</span> <span class='ocrx_word' id='word_1_644' title='bbox 1016 4469 1133 4526; x_wconf 90' lang='lat' dir='ltr'>tenendo</span> <span class='ocrx_word' id='word_1_645' title='bbox 1151 4480 1180 4528; x_wconf 90' lang='lat' dir='ltr'>et</span> <span class='ocrx_word' id='word_1_646' title='bbox 1199 4472 1306 4528; x_wconf 76' lang='lat' dir='ltr'>ceteris</span> <span class='ocrx_word' id='word_1_647' title='bbox 1327 4473 1500 4546; x_wconf 75' lang='lat' dir='ltr'>regularibus</span> <span class='ocrx_word' id='word_1_648' title='bbox 1519 4474 1690 4546; x_wconf 75' lang='lat' dir='ltr'>disciplinis?</span> <span class='ocrx_word' id='word_1_649' title='bbox 1701 4475 1755 4544; x_wconf 80' lang='lat' dir='ltr'>Qui</span> 
     </span>
     <span class='ocr_line' id='line_1_48' title="bbox 122 4561 1754 4638; baseline 0.002 -19"><span class='ocrx_word' id='word_1_650' title='bbox 122 4564 190 4635; x_wconf 80' lang='lat' dir='ltr'>quia</span> <span class='ocrx_word' id='word_1_651' title='bbox 206 4561 262 4619; x_wconf 77' lang='lat' dir='ltr'>lieo</span> <span class='ocrx_word' id='word_1_652' title='bbox 277 4577 332 4618; x_wconf 93' lang='lat' dir='ltr'>non</span> <span class='ocrx_word' id='word_1_653' title='bbox 352 4562 525 4628; x_wconf 90' lang='lat' dir='ltr'>obedierunt,</span> <span class='ocrx_word' id='word_1_654' title='bbox 545 4564 618 4620; x_wconf 89' lang='lat' dir='ltr'>sicut</span> <span class='ocrx_word' id='word_1_655' title='bbox 631 4563 669 4619; x_wconf 91' lang='lat' dir='ltr'>illi</span> <span class='ocrx_word' id='word_1_656' title='bbox 689 4563 811 4620; x_wconf 85' lang='lat' dir='ltr'>teeerant</span> <span class='ocrx_word' id='word_1_657' title='bbox 833 4565 913 4638; x_wconf 85' lang='lat' dir='ltr'>patri.</span> <span class='ocrx_word' id='word_1_658' title='bbox 965 4576 1031 4634; x_wconf 88' lang='lat' dir='ltr'>ergo</span> <span class='ocrx_word' id='word_1_659' title='bbox 1044 4571 1145 4619; x_wconf 71' lang='lat' dir='ltr'>statuta</span> <span class='ocrx_word' id='word_1_660' title='bbox 1157 4563 1222 4619; x_wconf 86' lang='lat' dir='ltr'>talia</span> <span class='ocrx_word' id='word_1_661' title='bbox 1234 4564 1391 4631; x_wconf 85' lang='lat' dir='ltr'>observent,</span> <span class='ocrx_word' id='word_1_662' title='bbox 1406 4565 1458 4636; x_wconf 87' lang='lat' dir='ltr'>ipsi</span> <span class='ocrx_word' id='word_1_663' title='bbox 1472 4581 1535 4621; x_wconf 88' lang='lat' dir='ltr'>eum</span> <span class='ocrx_word' id='word_1_664' title='bbox 1546 4564 1754 4635; x_wconf 73' lang='lat' dir='ltr'>filiialonedut,</span> 
     </span>
     <span class='ocr_line' id='line_1_49' title="bbox 123 4650 1756 4730; baseline 0.002 -20"><span class='ocrx_word' id='word_1_665' title='bbox 123 4650 160 4710; x_wconf 79' lang='lat' dir='ltr'>Et</span> <span class='ocrx_word' id='word_1_666' title='bbox 174 4653 304 4723; x_wconf 87' lang='lat' dir='ltr'>captivati</span> <span class='ocrx_word' id='word_1_667' title='bbox 315 4654 426 4724; x_wconf 81' lang='lat' dir='ltr'>quidem</span> <span class='ocrx_word' id='word_1_668' title='bbox 441 4662 508 4710; x_wconf 87' lang='lat' dir='ltr'>sunt</span> <span class='ocrx_word' id='word_1_669' title='bbox 522 4652 570 4710; x_wconf 89' lang='lat' dir='ltr'>dlii</span> <span class='ocrx_word' id='word_1_670' title='bbox 584 4651 669 4711; x_wconf 86' lang='lat' dir='ltr'>lsrael</span> <span class='ocrx_word' id='word_1_671' title='bbox 682 4655 775 4725; x_wconf 89' lang='lat' dir='ltr'>primi,</span> <span class='ocrx_word' id='word_1_672' title='bbox 790 4655 913 4722; x_wconf 88' lang='lat' dir='ltr'>secundi,</span> <span class='ocrx_word' id='word_1_673' title='bbox 965 4652 1013 4708; x_wconf 87' lang='lat' dir='ltr'>lilii</span> <span class='ocrx_word' id='word_1_674' title='bbox 1033 4651 1145 4710; x_wconf 87' lang='lat' dir='ltr'>llecbab</span> <span class='ocrx_word' id='word_1_675' title='bbox 1168 4663 1309 4711; x_wconf 88' lang='lat' dir='ltr'>meremur</span> <span class='ocrx_word' id='word_1_676' title='bbox 1330 4655 1465 4723; x_wconf 82' lang='lat' dir='ltr'>benedici,</span> <span class='ocrx_word' id='word_1_677' title='bbox 1489 4664 1517 4712; x_wconf 88' lang='lat' dir='ltr'>ct</span> <span class='ocrx_word' id='word_1_678' title='bbox 1537 4655 1601 4727; x_wconf 75' lang='lat' dir='ltr'>quia</span> <span class='ocrx_word' id='word_1_679' title='bbox 1622 4672 1756 4730; x_wconf 85' lang='lat' dir='ltr'>pauperes</span> 
     </span>
     <span class='ocr_line' id='line_1_50' title="bbox 123 4744 1755 4824; baseline 0.005 -22"><span class='ocrx_word' id='word_1_680' title='bbox 123 4746 211 4802; x_wconf 86' lang='lat' dir='ltr'>tertii.</span> <span class='ocrx_word' id='word_1_681' title='bbox 224 4744 278 4801; x_wconf 78' lang='lat' dir='ltr'>snt</span> <span class='ocrx_word' id='word_1_682' title='bbox 290 4745 323 4802; x_wconf 90' lang='lat' dir='ltr'>de</span> <span class='ocrx_word' id='word_1_683' title='bbox 336 4745 378 4802; x_wconf 85' lang='lat' dir='ltr'>bis</span> <span class='ocrx_word' id='word_1_684' title='bbox 393 4745 516 4817; x_wconf 83' lang='lat' dir='ltr'>psalmm</span> <span class='ocrx_word' id='word_1_685' title='bbox 528 4746 598 4801; x_wconf 89' lang='lat' dir='ltr'>nibil</span> <span class='ocrx_word' id='word_1_686' title='bbox 612 4755 701 4803; x_wconf 89' lang='lat' dir='ltr'>sonat.</span> <span class='ocrx_word' id='word_1_687' title='bbox 965 4745 1062 4815; x_wconf 87' lang='lat' dir='ltr'>spiritu</span> <span class='ocrx_word' id='word_1_688' title='bbox 1077 4754 1152 4813; x_wconf 92' lang='lat' dir='ltr'>sunt,</span> <span class='ocrx_word' id='word_1_689' title='bbox 1165 4745 1230 4802; x_wconf 80' lang='lat' dir='ltr'>lioet</span> <span class='ocrx_word' id='word_1_690' title='bbox 1245 4746 1335 4816; x_wconf 90' lang='lat' dir='ltr'>prima</span> <span class='ocrx_word' id='word_1_691' title='bbox 1349 4746 1412 4803; x_wconf 90' lang='lat' dir='ltr'>illos</span> <span class='ocrx_word' id='word_1_692' title='bbox 1425 4757 1519 4817; x_wconf 85' lang='lat' dir='ltr'>gravet</span> <span class='ocrx_word' id='word_1_693' title='bbox 1531 4752 1684 4820; x_wconf 88' lang='lat' dir='ltr'>captivitas,</span> <span class='ocrx_word' id='word_1_694' title='bbox 1700 4769 1755 4824; x_wconf 84' lang='lat' dir='ltr'>qua</span> 
     </span>
    </p>

    <p class='ocr_par' dir='ltr' id='par_1_5' title="bbox 121 4834 1754 5743">
     <span class='ocr_line' id='line_1_51' title="bbox 161 4834 1754 4917; baseline 0.007 -27"><span class='ocrx_word' id='word_1_695' title='bbox 161 4834 202 4890; x_wconf 78' lang='lat' dir='ltr'>Er</span> <span class='ocrx_word' id='word_1_696' title='bbox 215 4836 267 4893; x_wconf 88' lang='lat' dir='ltr'>bac</span> <span class='ocrx_word' id='word_1_697' title='bbox 281 4852 347 4908; x_wconf 86' lang='lat' dir='ltr'>ergo</span> <span class='ocrx_word' id='word_1_698' title='bbox 362 4837 568 4907; x_wconf 88' lang='lat' dir='ltr'>comparatione</span> <span class='ocrx_word' id='word_1_699' title='bbox 587 4836 705 4906; x_wconf 76' lang='lat' dir='ltr'>fitiorum</span> <span class='ocrx_word' id='word_1_700' title='bbox 724 4837 848 4893; x_wconf 71' lang='lat' dir='ltr'>donadei</span> <span class='ocrx_word' id='word_1_701' title='bbox 866 4853 915 4910; x_wconf 85' lang='lat' dir='ltr'>pa·</span> <span class='ocrx_word' id='word_1_702' title='bbox 963 4836 1058 4894; x_wconf 89' lang='lat' dir='ltr'>vident</span> <span class='ocrx_word' id='word_1_703' title='bbox 1069 4839 1150 4894; x_wconf 86' lang='lat' dir='ltr'>aliam</span> <span class='ocrx_word' id='word_1_704' title='bbox 1176 4838 1262 4909; x_wconf 90' lang='lat' dir='ltr'>legem</span> <span class='ocrx_word' id='word_1_705' title='bbox 1284 4837 1312 4893; x_wconf 93' lang='lat' dir='ltr'>in</span> <span class='ocrx_word' id='word_1_706' title='bbox 1335 4840 1467 4896; x_wconf 88' lang='lat' dir='ltr'>membris</span> <span class='ocrx_word' id='word_1_707' title='bbox 1481 4841 1540 4898; x_wconf 82' lang='lat' dir='ltr'>siris</span> <span class='ocrx_word' id='word_1_708' title='bbox 1558 4853 1754 4917; x_wconf 86' lang='lat' dir='ltr'>repugnantem</span> 
     </span>
     <span class='ocr_line' id='line_1_52' title="bbox 124 4924 1753 5008; baseline 0.005 -23"><span class='ocrx_word' id='word_1_709' title='bbox 124 4924 160 4985; x_wconf 87' lang='lat' dir='ltr'>tri</span> <span class='ocrx_word' id='word_1_710' title='bbox 175 4925 363 4983; x_wconf 87' lang='lat' dir='ltr'>obedientium</span> <span class='ocrx_word' id='word_1_711' title='bbox 383 4927 475 4982; x_wconf 91' lang='lat' dir='ltr'>omnis</span> <span class='ocrx_word' id='word_1_712' title='bbox 495 4927 589 4998; x_wconf 90' lang='lat' dir='ltr'>potius</span> <span class='ocrx_word' id='word_1_713' title='bbox 607 4927 789 4985; x_wconf 89' lang='lat' dir='ltr'>inobedientia</span> <span class='ocrx_word' id='word_1_714' title='bbox 806 4930 913 5001; x_wconf 81' lang='lat' dir='ltr'>culpata</span> <span class='ocrx_word' id='word_1_715' title='bbox 964 4929 1017 5003; x_wconf 86' lang='lat' dir='ltr'>legi</span> <span class='ocrx_word' id='word_1_716' title='bbox 1041 4931 1141 4986; x_wconf 83' lang='lat' dir='ltr'>mentis</span> <span class='ocrx_word' id='word_1_717' title='bbox 1155 4944 1213 4984; x_wconf 74' lang='lat' dir='ltr'>suae</span> <span class='ocrx_word' id='word_1_718' title='bbox 1226 4937 1255 4985; x_wconf 89' lang='lat' dir='ltr'>et</span> <span class='ocrx_word' id='word_1_719' title='bbox 1272 4930 1454 5000; x_wconf 84' lang='lat' dir='ltr'>captivantem</span> <span class='ocrx_word' id='word_1_720' title='bbox 1469 4948 1517 4991; x_wconf 87' lang='lat' dir='ltr'>eos</span> <span class='ocrx_word' id='word_1_721' title='bbox 1531 4934 1558 4989; x_wconf 90' lang='lat' dir='ltr'>ln</span> <span class='ocrx_word' id='word_1_722' title='bbox 1575 4934 1634 5008; x_wconf 87' lang='lat' dir='ltr'>lege</span> <span class='ocrx_word' id='word_1_723' title='bbox 1650 4939 1753 5007; x_wconf 87' lang='lat' dir='ltr'>peceati</span> 
     </span>
     <span class='ocr_line' id='line_1_53' title="bbox 124 5017 1753 5089; baseline 0.008 -17"><span class='ocrx_word' id='word_1_724' title='bbox 124 5024 178 5081; x_wconf 89' lang='lat' dir='ltr'>est,</span> <span class='ocrx_word' id='word_1_725' title='bbox 198 5031 248 5086; x_wconf 90' lang='lat' dir='ltr'>per</span> <span class='ocrx_word' id='word_1_726' title='bbox 259 5031 342 5087; x_wconf 80' lang='lat' dir='ltr'>quiam</span> <span class='ocrx_word' id='word_1_727' title='bbox 355 5017 382 5079; x_wconf 86' lang='lat' dir='ltr'>in</span> <span class='ocrx_word' id='word_1_728' title='bbox 398 5018 456 5089; x_wconf 86' lang='lat' dir='ltr'>lege</span> <span class='ocrx_word' id='word_1_729' title='bbox 468 5019 584 5088; x_wconf 86' lang='lat' dir='ltr'>peccati,</span> <span class='ocrx_word' id='word_1_730' title='bbox 598 5034 659 5089; x_wconf 77' lang='lat' dir='ltr'>quse</span> <span class='ocrx_word' id='word_1_731' title='bbox 669 5027 712 5074; x_wconf 88' lang='lat' dir='ltr'>cst</span> <span class='ocrx_word' id='word_1_732' title='bbox 729 5019 755 5073; x_wconf 90' lang='lat' dir='ltr'>in</span> <span class='ocrx_word' id='word_1_733' title='bbox 773 5021 913 5087; x_wconf 89' lang='lat' dir='ltr'>membris,</span> <span class='ocrx_word' id='word_1_734' title='bbox 963 5030 992 5078; x_wconf 86' lang='lat' dir='ltr'>et</span> <span class='ocrx_word' id='word_1_735' title='bbox 1005 5021 1114 5086; x_wconf 87' lang='lat' dir='ltr'>mortis,</span> <span class='ocrx_word' id='word_1_736' title='bbox 1125 5022 1190 5076; x_wconf 88' lang='lat' dir='ltr'>dum</span> <span class='ocrx_word' id='word_1_737' title='bbox 1202 5019 1296 5078; x_wconf 89' lang='lat' dir='ltr'>earnis</span> <span class='ocrx_word' id='word_1_738' title='bbox 1311 5021 1509 5081; x_wconf 87' lang='lat' dir='ltr'>oblectamenta</span> <span class='ocrx_word' id='word_1_739' title='bbox 1523 5027 1600 5083; x_wconf 84' lang='lat' dir='ltr'>inriti</span> <span class='ocrx_word' id='word_1_740' title='bbox 1611 5028 1753 5085; x_wconf 81' lang='lat' dir='ltr'>scirtiirnts</span> 
     </span>
     <span class='ocr_line' id='line_1_54' title="bbox 124 5109 1753 5186; baseline 0.006 -21"><span class='ocrx_word' id='word_1_741' title='bbox 124 5124 223 5165; x_wconf 83' lang='lat' dir='ltr'>sarnus</span> <span class='ocrx_word' id='word_1_742' title='bbox 236 5109 377 5179; x_wconf 88' lang='lat' dir='ltr'>eaptirati,</span> <span class='ocrx_word' id='word_1_743' title='bbox 393 5119 421 5167; x_wconf 89' lang='grc' dir='ltr'>ιι</span> <span class='ocrx_word' id='word_1_744' title='bbox 437 5125 485 5181; x_wconf 90' lang='lat' dir='ltr'>per</span> <span class='ocrx_word' id='word_1_745' title='bbox 503 5109 711 5167; x_wconf 87' lang='lat' dir='ltr'>inobedientiam</span> <span class='ocrx_word' id='word_1_746' title='bbox 725 5110 800 5177; x_wconf 75' lang='lat' dir='ltr'>Adae,</span> <span class='ocrx_word' id='word_1_747' title='bbox 819 5112 845 5167; x_wconf 93' lang='lat' dir='ltr'>in</span> <span class='ocrx_word' id='word_1_748' title='bbox 858 5128 914 5184; x_wconf 79' lang='lat' dir='ltr'>prio</span> <span class='ocrx_word' id='word_1_749' title='bbox 964 5122 1084 5170; x_wconf 84' lang='lat' dir='ltr'>attamen</span> <span class='ocrx_word' id='word_1_750' title='bbox 1108 5116 1135 5166; x_wconf 88' lang='lat' dir='ltr'>in</span> <span class='ocrx_word' id='word_1_751' title='bbox 1164 5112 1312 5169; x_wconf 88' lang='lat' dir='ltr'>secundam</span> <span class='ocrx_word' id='word_1_752' title='bbox 1337 5115 1522 5184; x_wconf 70' lang='lat' dir='ltr'>captivitatem</span> <span class='ocrx_word' id='word_1_753' title='bbox 1546 5132 1601 5172; x_wconf 90' lang='lat' dir='ltr'>non</span> <span class='ocrx_word' id='word_1_754' title='bbox 1622 5117 1753 5186; x_wconf 79' lang='lat' dir='ltr'>resiliunt,</span> 
     </span>
     <span class='ocr_line' id='line_1_55' title="bbox 123 5200 1754 5278; baseline 0.005 -21"><span class='ocrx_word' id='word_1_755' title='bbox 123 5215 222 5257; x_wconf 89' lang='lat' dir='ltr'>omnes</span> <span class='ocrx_word' id='word_1_756' title='bbox 244 5210 438 5272; x_wconf 84' lang='lat' dir='ltr'>peccauerunt,</span> <span class='ocrx_word' id='word_1_757' title='bbox 459 5202 550 5273; x_wconf 88' lang='lat' dir='ltr'>primi.</span> <span class='ocrx_word' id='word_1_758' title='bbox 574 5200 608 5256; x_wconf 84' lang='lat' dir='ltr'>Et</span> <span class='ocrx_word' id='word_1_759' title='bbox 628 5202 691 5258; x_wconf 91' lang='lat' dir='ltr'>ideo</span> <span class='ocrx_word' id='word_1_760' title='bbox 711 5202 793 5272; x_wconf 90' lang='lat' dir='ltr'>primi</span> <span class='ocrx_word' id='word_1_761' title='bbox 813 5203 912 5274; x_wconf 83' lang='lat' dir='ltr'>captivi</span> <span class='ocrx_word' id='word_1_762' title='bbox 964 5219 1027 5260; x_wconf 90' lang='lat' dir='ltr'>cum</span> <span class='ocrx_word' id='word_1_763' title='bbox 1040 5202 1144 5258; x_wconf 84' lang='lat' dir='ltr'>eisdem</span> <span class='ocrx_word' id='word_1_764' title='bbox 1167 5219 1221 5259; x_wconf 91' lang='lat' dir='ltr'>non</span> <span class='ocrx_word' id='word_1_765' title='bbox 1238 5205 1426 5274; x_wconf 86' lang='lat' dir='ltr'>consentiunt,</span> <span class='ocrx_word' id='word_1_766' title='bbox 1449 5207 1580 5277; x_wconf 83' lang='lat' dir='ltr'>qnoniam</span> <span class='ocrx_word' id='word_1_767' title='bbox 1597 5208 1754 5278; x_wconf 79' lang='lat' dir='ltr'>precipitur</span> 
     </span>
     <span class='ocr_line' id='line_1_56' title="bbox 122 5291 1753 5372; baseline 0.006 -27"><span class='ocrx_word' id='word_1_768' title='bbox 122 5307 173 5372; x_wconf 86' lang='lat' dir='ltr'>per</span> <span class='ocrx_word' id='word_1_769' title='bbox 184 5291 304 5361; x_wconf 89' lang='lat' dir='ltr'>primum</span> <span class='ocrx_word' id='word_1_770' title='bbox 320 5293 472 5353; x_wconf 88' lang='lat' dir='ltr'>bominem.</span> <span class='ocrx_word' id='word_1_771' title='bbox 485 5292 598 5350; x_wconf 84' lang='lat' dir='ltr'>secundi</span> <span class='ocrx_word' id='word_1_772' title='bbox 612 5292 743 5363; x_wconf 86' lang='lat' dir='ltr'>redempti</span> <span class='ocrx_word' id='word_1_773' title='bbox 758 5309 805 5365; x_wconf 86' lang='lat' dir='ltr'>per</span> <span class='ocrx_word' id='word_1_774' title='bbox 816 5308 914 5351; x_wconf 81' lang='lat' dir='ltr'>secun·</span> <span class='ocrx_word' id='word_1_775' title='bbox 963 5296 1005 5353; x_wconf 81' lang='lat' dir='ltr'>eis</span> <span class='ocrx_word' id='word_1_776' title='bbox 1015 5313 1070 5351; x_wconf 91' lang='lat' dir='ltr'>non</span> <span class='ocrx_word' id='word_1_777' title='bbox 1084 5295 1176 5353; x_wconf 88' lang='lat' dir='ltr'>bibere</span> <span class='ocrx_word' id='word_1_778' title='bbox 1191 5296 1296 5360; x_wconf 79' lang='lat' dir='ltr'>siniam,</span> <span class='ocrx_word' id='word_1_779' title='bbox 1312 5297 1339 5350; x_wconf 94' lang='lat' dir='ltr'>in</span> <span class='ocrx_word' id='word_1_780' title='bbox 1353 5312 1409 5366; x_wconf 81' lang='lat' dir='ltr'>quo</span> <span class='ocrx_word' id='word_1_781' title='bbox 1423 5307 1466 5354; x_wconf 89' lang='lat' dir='ltr'>est</span> <span class='ocrx_word' id='word_1_782' title='bbox 1489 5299 1606 5354; x_wconf 81' lang='lat' dir='ltr'>liisuria.</span> <span class='ocrx_word' id='word_1_783' title='bbox 1626 5297 1684 5354; x_wconf 85' lang='lat' dir='ltr'>Nori</span> <span class='ocrx_word' id='word_1_784' title='bbox 1700 5310 1753 5354; x_wconf 83' lang='lat' dir='ltr'>tta·</span> 
     </span>
     <span class='ocr_line' id='line_1_57' title="bbox 121 5381 1754 5461; baseline 0.006 -26"><span class='ocrx_word' id='word_1_785' title='bbox 121 5381 203 5444; x_wconf 85' lang='lat' dir='ltr'>dum.</span> <span class='ocrx_word' id='word_1_786' title='bbox 218 5381 284 5452; x_wconf 81' lang='lat' dir='ltr'>quia</span> <span class='ocrx_word' id='word_1_787' title='bbox 294 5382 400 5454; x_wconf 89' lang='lat' dir='ltr'>primus</span> <span class='ocrx_word' id='word_1_788' title='bbox 420 5384 505 5439; x_wconf 89' lang='lat' dir='ltr'>bomo</span> <span class='ocrx_word' id='word_1_789' title='bbox 519 5385 553 5440; x_wconf 89' lang='lat' dir='ltr'>de</span> <span class='ocrx_word' id='word_1_790' title='bbox 574 5391 648 5440; x_wconf 88' lang='lat' dir='ltr'>terra</span> <span class='ocrx_word' id='word_1_791' title='bbox 663 5392 798 5449; x_wconf 88' lang='lat' dir='ltr'>terrenus,</span> <span class='ocrx_word' id='word_1_792' title='bbox 817 5386 863 5443; x_wconf 89' lang='lat' dir='ltr'>cui</span> <span class='ocrx_word' id='word_1_793' title='bbox 876 5386 915 5442; x_wconf 89' lang='lat' dir='ltr'>si·</span> <span class='ocrx_word' id='word_1_794' title='bbox 963 5404 1018 5461; x_wconf 84' lang='lat' dir='ltr'>quc</span> <span class='ocrx_word' id='word_1_795' title='bbox 1032 5388 1139 5444; x_wconf 73' lang='lat' dir='ltr'>rutilent</span> <span class='ocrx_word' id='word_1_796' title='bbox 1151 5388 1176 5441; x_wconf 87' lang='lat' dir='ltr'>br</span> <span class='ocrx_word' id='word_1_797' title='bbox 1194 5386 1369 5459; x_wconf 77' lang='lat' dir='ltr'>babylonem,</span> <span class='ocrx_word' id='word_1_798' title='bbox 1379 5388 1425 5442; x_wconf 86' lang='lat' dir='ltr'>sed</span> <span class='ocrx_word' id='word_1_799' title='bbox 1440 5388 1576 5457; x_wconf 87' lang='lat' dir='ltr'>accipient</span> <span class='ocrx_word' id='word_1_800' title='bbox 1587 5388 1754 5445; x_wconf 69' lang='lat' dir='ltr'>benedictio«</span> 
     </span>
     <span class='ocr_line' id='line_1_58' title="bbox 122 5473 1754 5550; baseline 0.003 -21"><span class='ocrx_word' id='word_1_801' title='bbox 122 5473 204 5529; x_wconf 85' lang='lat' dir='ltr'>nnilcs</span> <span class='ocrx_word' id='word_1_802' title='bbox 220 5489 338 5531; x_wconf 88' lang='lat' dir='ltr'>sumus:</span> <span class='ocrx_word' id='word_1_803' title='bbox 364 5476 501 5534; x_wconf 86' lang='lat' dir='ltr'>secundus</span> <span class='ocrx_word' id='word_1_804' title='bbox 521 5476 556 5533; x_wconf 89' lang='lat' dir='ltr'>de</span> <span class='ocrx_word' id='word_1_805' title='bbox 580 5476 651 5532; x_wconf 78' lang='lat' dir='ltr'>coelo</span> <span class='ocrx_word' id='word_1_806' title='bbox 673 5476 803 5544; x_wconf 79' lang='lat' dir='ltr'>emissus,</span> <span class='ocrx_word' id='word_1_807' title='bbox 828 5491 913 5548; x_wconf 82' lang='lat' dir='ltr'>aque</span> <span class='ocrx_word' id='word_1_808' title='bbox 963 5496 1038 5547; x_wconf 86' lang='lat' dir='ltr'>nem,</span> <span class='ocrx_word' id='word_1_809' title='bbox 1052 5490 1082 5536; x_wconf 90' lang='lat' dir='ltr'>ut</span> <span class='ocrx_word' id='word_1_810' title='bbox 1104 5479 1257 5539; x_wconf 71' lang='lat' dir='ltr'>ascelinus</span> <span class='ocrx_word' id='word_1_811' title='bbox 1276 5477 1443 5547; x_wconf 85' lang='lat' dir='ltr'>captivitate,</span> <span class='ocrx_word' id='word_1_812' title='bbox 1461 5494 1523 5550; x_wconf 77' lang='lat' dir='ltr'>qliae</span> <span class='ocrx_word' id='word_1_813' title='bbox 1543 5488 1586 5535; x_wconf 86' lang='lat' dir='ltr'>cst</span> <span class='ocrx_word' id='word_1_814' title='bbox 1602 5494 1754 5535; x_wconf 85' lang='lat' dir='ltr'>consensus</span> 
     </span>
     <span class='ocr_line' id='line_1_59' title="bbox 122 5567 1754 5643; baseline 0.001 -19"><span class='ocrx_word' id='word_1_815' title='bbox 122 5567 285 5625; x_wconf 75' lang='lat' dir='ltr'>liberamur.</span> <span class='ocrx_word' id='word_1_816' title='bbox 310 5567 359 5624; x_wconf 76' lang='lat' dir='ltr'>Vel</span> <span class='ocrx_word' id='word_1_817' title='bbox 382 5569 462 5641; x_wconf 87' lang='lat' dir='ltr'>primi</span> <span class='ocrx_word' id='word_1_818' title='bbox 488 5568 515 5625; x_wconf 89' lang='lat' dir='ltr'>in</span> <span class='ocrx_word' id='word_1_819' title='bbox 538 5570 591 5626; x_wconf 91' lang='lat' dir='ltr'>boc</span> <span class='ocrx_word' id='word_1_820' title='bbox 613 5569 812 5637; x_wconf 68' lang='lat' dir='ltr'>murimundo</span> <span class='ocrx_word' id='word_1_821' title='bbox 825 5578 914 5641; x_wconf 89' lang='lat' dir='ltr'>potest</span> <span class='ocrx_word' id='word_1_822' title='bbox 963 5571 1079 5642; x_wconf 87' lang='lat' dir='ltr'>pcccati,</span> <span class='ocrx_word' id='word_1_823' title='bbox 1094 5571 1208 5625; x_wconf 84' lang='lat' dir='ltr'>omnine</span> <span class='ocrx_word' id='word_1_824' title='bbox 1223 5569 1280 5626; x_wconf 87' lang='lat' dir='ltr'>sint</span> <span class='ocrx_word' id='word_1_825' title='bbox 1302 5568 1378 5626; x_wconf 86' lang='lat' dir='ltr'>liberi</span> <span class='ocrx_word' id='word_1_826' title='bbox 1398 5578 1454 5625; x_wconf 88' lang='lat' dir='ltr'>cta</span> <span class='ocrx_word' id='word_1_827' title='bbox 1473 5568 1560 5641; x_wconf 90' lang='lat' dir='ltr'>prima</span> <span class='ocrx_word' id='word_1_828' title='bbox 1575 5586 1685 5643; x_wconf 75' lang='lat' dir='ltr'>puerque</span> <span class='ocrx_word' id='word_1_829' title='bbox 1698 5570 1754 5627; x_wconf 89' lang='lat' dir='ltr'>citu</span> 
     </span>
     <span class='ocr_line' id='line_1_60' title="bbox 123 5660 1752 5743; baseline 0.007 -28"><span class='ocrx_word' id='word_1_830' title='bbox 123 5661 223 5741; x_wconf 60' lang='lat' dir='ltr'>eradi,</span> <span class='ocrx_word' id='word_1_831' title='bbox 241 5661 353 5721; x_wconf 77' lang='lat' dir='ltr'>secandi</span> <span class='ocrx_word' id='word_1_832' title='bbox 376 5663 404 5721; x_wconf 91' lang='lat' dir='ltr'>in</span> <span class='ocrx_word' id='word_1_833' title='bbox 429 5660 546 5729; x_wconf 74' lang='lat' dir='ltr'>inferno,</span> <span class='ocrx_word' id='word_1_834' title='bbox 572 5662 644 5736; x_wconf 81' lang='lat' dir='ltr'>unde</span> <span class='ocrx_word' id='word_1_835' title='bbox 668 5678 723 5729; x_wconf 88' lang='lat' dir='ltr'>non</span> <span class='ocrx_word' id='word_1_836' title='bbox 747 5672 844 5743; x_wconf 67' lang='lat' dir='ltr'>potest.</span> <span class='ocrx_word' id='word_1_837' title='bbox 866 5661 913 5719; x_wconf 83' lang='lat' dir='ltr'>i&#39;el</span> <span class='ocrx_word' id='word_1_838' title='bbox 964 5663 1111 5735; x_wconf 86' lang='lat' dir='ltr'>liberandi,</span> <span class='ocrx_word' id='word_1_839' title='bbox 1136 5665 1287 5731; x_wconf 62' lang='lat' dir='ltr'>erundum</span> <span class='ocrx_word' id='word_1_840' title='bbox 1315 5668 1389 5741; x_wconf 85' lang='lat' dir='ltr'>quod</span> <span class='ocrx_word' id='word_1_841' title='bbox 1412 5667 1526 5743; x_wconf 81' lang='lat' dir='ltr'>quilibet</span> <span class='ocrx_word' id='word_1_842' title='bbox 1549 5684 1644 5731; x_wconf 81' lang='lat' dir='ltr'>eorem</span> <span class='ocrx_word' id='word_1_843' title='bbox 1667 5668 1752 5729; x_wconf 74' lang='lat' dir='ltr'>dieite</span> 
     </span>
    </p>
   </div>
   <div class='ocr_carea' id='block_1_5' title="bbox 0 0 1950 6067">
    <p class='ocr_par' dir='ltr' id='par_1_6' title="bbox 0 0 1950 6067">
     <span class='ocr_line' id='line_1_61' title="bbox 0 0 1950 6067; baseline 0 2"><span class='ocrx_word' id='word_1_844' title='bbox 0 0 1950 6067; x_wconf 95' lang='lat' dir='ltr'> </span> 
     </span>
    </p>
   </div>
  </div>
 </body>
</html>
