<?xml version="1.0" encoding="UTF-8"?>
<!DOCTYPE html PUBLIC "-//W3C//DTD XHTML 1.0 Transitional//EN"
    "http://www.w3.org/TR/xhtml1/DTD/xhtml1-transitional.dtd">
<html xmlns="http://www.w3.org/1999/xhtml" xml:lang="en" lang="en">
 <head>
  <title>
</title>
<meta http-equiv="Content-Type" content="text/html;charset=utf-8" />
  <meta name='ocr-system' content='tesseract 3.04.00' />
  <meta name='ocr-capabilities' content='ocr_page ocr_carea ocr_par ocr_line ocrx_word'/>
</head>
<body>
  <div class='ocr_page' id='page_1' title='image "./lta-11000/patrologiaecurs03berngoog/patrologiaecurs03berngoog_0257.png"; bbox 0 0 3892 6067; ppageno 0'>
   <div class='ocr_carea' id='block_1_1' title="bbox 214 224 1850 299">
    <p class='ocr_par' dir='ltr' id='par_1_1' title="bbox 214 224 1850 299">
     <span class='ocr_line' id='line_1_1' title="bbox 214 224 1850 299; baseline 0.009 -20"><span class='ocrx_word' id='word_1_1' title='bbox 214 234 269 299; x_wconf 66' lang='lat' dir='ltr'><strong>gu</strong></span> <span class='ocrx_word' id='word_1_2' title='bbox 699 224 854 286; x_wconf 70' lang='lat' dir='ltr'><strong>tithoni</strong></span> <span class='ocrx_word' id='word_1_3' title='bbox 870 225 1068 287; x_wconf 54' lang='lat' dir='ltr'><strong>tramittit}</strong></span> <span class='ocrx_word' id='word_1_4' title='bbox 1085 228 1362 293; x_wconf 68' lang='lat' dir='ltr'><strong>misnensem.</strong></span> <span class='ocrx_word' id='word_1_5' title='bbox 1794 231 1850 294; x_wconf 66' lang='lat' dir='ltr'><strong>M</strong></span> 
     </span>
    </p>
   </div>
   <div class='ocr_carea' id='block_1_2' title="bbox 143 331 1857 1153">
    <p class='ocr_par' dir='ltr' id='par_1_2' title="bbox 143 331 1857 1153">
     <span class='ocr_line' id='line_1_2' title="bbox 143 331 1854 425; baseline 0.001 -16"><span class='ocrx_word' id='word_1_6' title='bbox 143 343 155 364; x_wconf 84' lang='lat'><em>&#39;</em></span> <span class='ocrx_word' id='word_1_7' title='bbox 215 349 425 425; x_wconf 75' lang='lat' dir='ltr'><strong>magnitudinem</strong></span> <span class='ocrx_word' id='word_1_8' title='bbox 439 331 543 402; x_wconf 80' lang='lat' dir='ltr'><strong>trechii</strong></span> <span class='ocrx_word' id='word_1_9' title='bbox 554 345 608 412; x_wconf 87' lang='lat' dir='ltr'><strong>sui,</strong></span> <span class='ocrx_word' id='word_1_10' title='bbox 622 345 734 419; x_wconf 88' lang='lat' dir='ltr'><strong>quando</strong></span> <span class='ocrx_word' id='word_1_11' title='bbox 743 353 933 419; x_wconf 87' lang='lat' dir='ltr'><strong>persecutores</strong></span> <span class='ocrx_word' id='word_1_12' title='bbox 944 346 1010 404; x_wconf 91' lang='lat' dir='ltr'><strong>soh·</strong></span> <span class='ocrx_word' id='word_1_13' title='bbox 1023 356 1048 416; x_wconf 74' lang='grc' dir='ltr'><strong>Α</strong></span> <span class='ocrx_word' id='word_1_14' title='bbox 1060 350 1127 406; x_wconf 90' lang='lat' dir='ltr'><strong>niet.</strong></span> <span class='ocrx_word' id='word_1_15' title='bbox 1147 348 1226 408; x_wconf 87' lang='lat' dir='ltr'><strong>&#39;ione</strong></span> <span class='ocrx_word' id='word_1_16' title='bbox 1241 351 1336 408; x_wconf 90' lang='lat' dir='ltr'><strong>reddet</strong></span> <span class='ocrx_word' id='word_1_17' title='bbox 1347 351 1388 409; x_wconf 84' lang='lat' dir='ltr'><strong>eis</strong></span> <span class='ocrx_word' id='word_1_18' title='bbox 1408 352 1578 424; x_wconf 76' lang='lat' dir='ltr'><strong>opprobrium</strong></span> <span class='ocrx_word' id='word_1_19' title='bbox 1589 355 1719 425; x_wconf 80' lang='lat' dir='ltr'><strong>ipserum,</strong></span> <span class='ocrx_word' id='word_1_20' title='bbox 1730 351 1854 424; x_wconf 82' lang='lat' dir='ltr'><strong>quello·</strong></span> 
     </span>
     <span class='ocr_line' id='line_1_3' title="bbox 213 435 1854 518; baseline 0.002 -18"><span class='ocrx_word' id='word_1_21' title='bbox 213 446 279 517; x_wconf 80' lang='lat' dir='ltr'><strong>jecit</strong></span> <span class='ocrx_word' id='word_1_22' title='bbox 303 440 418 510; x_wconf 91' lang='lat' dir='ltr'><strong>imperio</strong></span> <span class='ocrx_word' id='word_1_23' title='bbox 432 435 723 495; x_wconf 87' lang='lat' dir='ltr'><strong>nominisChristiani.</strong></span> <span class='ocrx_word' id='word_1_24' title='bbox 747 436 783 492; x_wconf 80' lang='lat' dir='ltr'><strong>m</strong></span> <span class='ocrx_word' id='word_1_25' title='bbox 805 438 885 494; x_wconf 85' lang='lat' dir='ltr'><strong>redde</strong></span> <span class='ocrx_word' id='word_1_26' title='bbox 909 439 1007 494; x_wconf 80' lang='lat' dir='ltr'><strong>ricinis</strong></span> <span class='ocrx_word' id='word_1_27' title='bbox 1060 441 1136 499; x_wconf 89' lang='lat' dir='ltr'><strong>mino</strong></span> <span class='ocrx_word' id='word_1_28' title='bbox 1151 444 1389 514; x_wconf 74' lang='lat' dir='ltr'><strong>exprobraverunt</strong></span> <span class='ocrx_word' id='word_1_29' title='bbox 1413 445 1485 501; x_wconf 89' lang='lat' dir='ltr'><strong>male</strong></span> <span class='ocrx_word' id='word_1_30' title='bbox 1501 445 1630 512; x_wconf 82' lang='lat' dir='ltr'><strong>virendo,</strong></span> <span class='ocrx_word' id='word_1_31' title='bbox 1655 444 1699 502; x_wconf 86' lang='lat' dir='ltr'><strong>rel</strong></span> <span class='ocrx_word' id='word_1_32' title='bbox 1720 459 1854 518; x_wconf 73' lang='lat' dir='ltr'><strong>perverts</strong></span> 
     </span>
     <span class='ocr_line' id='line_1_4' title="bbox 214 515 1854 612; baseline 0.003 -25"><span class='ocrx_word' id='word_1_33' title='bbox 214 532 313 587; x_wconf 80' lang='lat' dir='ltr'><strong>nostrin</strong></span> <span class='ocrx_word' id='word_1_34' title='bbox 327 515 480 600; x_wconf 74' lang='lat' dir='ltr'><strong>septuplum</strong></span> <span class='ocrx_word' id='word_1_35' title='bbox 490 529 522 583; x_wconf 85' lang='lat' dir='ltr'><strong>in</strong></span> <span class='ocrx_word' id='word_1_36' title='bbox 543 529 605 583; x_wconf 79' lang='lat' dir='ltr'><strong>rino</strong></span> <span class='ocrx_word' id='word_1_37' title='bbox 618 545 720 584; x_wconf 82' lang='lat' dir='ltr'><strong>eornm.</strong></span> <span class='ocrx_word' id='word_1_38' title='bbox 736 526 794 584; x_wconf 89' lang='lat' dir='ltr'><strong>line</strong></span> <span class='ocrx_word' id='word_1_39' title='bbox 814 544 869 585; x_wconf 93' lang='lat' dir='ltr'><strong>non</strong></span> <span class='ocrx_word' id='word_1_40' title='bbox 895 527 1009 586; x_wconf 88' lang='lat' dir='ltr'><strong>maledi·</strong></span> <span class='ocrx_word' id='word_1_41' title='bbox 1058 532 1194 602; x_wconf 90' lang='lat' dir='ltr'><strong>docendo,</strong></span> <span class='ocrx_word' id='word_1_42' title='bbox 1205 533 1270 591; x_wconf 90' lang='lat' dir='ltr'><strong>dum</strong></span> <span class='ocrx_word' id='word_1_43' title='bbox 1286 534 1358 592; x_wconf 86' lang='lat' dir='ltr'><strong>dicet</strong></span> <span class='ocrx_word' id='word_1_44' title='bbox 1372 553 1379 590; x_wconf 91' lang='lat'><strong>:</strong></span> <span class='ocrx_word' id='word_1_45' title='bbox 1395 553 1406 589; x_wconf 85' lang='lat' dir='ltr'><strong>r</strong></span> <span class='ocrx_word' id='word_1_46' title='bbox 1420 535 1459 592; x_wconf 91' lang='lat' dir='ltr'><strong>ite</strong></span> <span class='ocrx_word' id='word_1_47' title='bbox 1474 535 1501 592; x_wconf 90' lang='lat' dir='ltr'><strong>in</strong></span> <span class='ocrx_word' id='word_1_48' title='bbox 1529 537 1621 608; x_wconf 89' lang='lat' dir='ltr'><strong>ignem</strong></span> <span class='ocrx_word' id='word_1_49' title='bbox 1645 546 1790 607; x_wconf 79' lang='lat' dir='ltr'><strong>aeternum,</strong></span> <span class='ocrx_word' id='word_1_50' title='bbox 1802 537 1854 612; x_wconf 85' lang='lat' dir='ltr'><strong>qni</strong></span> 
     </span>
     <span class='ocr_line' id='line_1_5' title="bbox 185 618 1853 699; baseline 0.006 -22"><span class='ocrx_word' id='word_1_51' title='bbox 185 643 191 658; x_wconf 79' lang='lat'><strong>-·</strong></span> <span class='ocrx_word' id='word_1_52' title='bbox 213 620 310 685; x_wconf 80' lang='lat' dir='ltr'><strong>nendo,</strong></span> <span class='ocrx_word' id='word_1_53' title='bbox 322 620 371 676; x_wconf 87' lang='lat' dir='ltr'><strong>sed</strong></span> <span class='ocrx_word' id='word_1_54' title='bbox 381 618 560 690; x_wconf 75' lang='lat' dir='ltr'><strong>‚predicendo</strong></span> <span class='ocrx_word' id='word_1_55' title='bbox 573 620 684 676; x_wconf 90' lang='lat' dir='ltr'><strong>dieitur.</strong></span> <span class='ocrx_word' id='word_1_56' title='bbox 703 618 809 675; x_wconf 80' lang='lat' dir='ltr'><strong>Vicinos</strong></span> <span class='ocrx_word' id='word_1_57' title='bbox 824 630 925 677; x_wconf 81' lang='lat' dir='ltr'><strong>vocant</strong></span> <span class='ocrx_word' id='word_1_58' title='bbox 943 619 1007 678; x_wconf 81' lang='lat' dir='ltr'><strong>flac·</strong></span> <span class='ocrx_word' id='word_1_59' title='bbox 1057 632 1229 695; x_wconf 83' lang='lat' dir='ltr'><strong>praeparatus</strong></span> <span class='ocrx_word' id='word_1_60' title='bbox 1250 632 1293 682; x_wconf 90' lang='lat' dir='ltr'><strong>est</strong></span> <span class='ocrx_word' id='word_1_61' title='bbox 1310 625 1439 695; x_wconf 88' lang='lat' dir='ltr'><strong>diabolo,</strong></span> <span class='ocrx_word' id='word_1_62' title='bbox 1465 636 1493 683; x_wconf 90' lang='lat' dir='ltr'><strong>et</strong></span> <span class='ocrx_word' id='word_1_63' title='bbox 1516 627 1622 699; x_wconf 78' lang='lat' dir='ltr'><strong>angelis</strong></span> <span class='ocrx_word' id='word_1_64' title='bbox 1646 627 1717 698; x_wconf 85' lang='lat' dir='ltr'><strong>ejus.</strong></span> <span class='ocrx_word' id='word_1_65' title='bbox 1739 627 1853 699; x_wconf 77' lang='lat' dir='ltr'><strong>(llatth.</strong></span> 
     </span>
     <span class='ocr_line' id='line_1_6' title="bbox 208 712 1857 790; baseline 0.004 -20"><span class='ocrx_word' id='word_1_66' title='bbox 208 714 369 772; x_wconf 85' lang='lat' dir='ltr'><strong>reticosrel</strong></span> <span class='ocrx_word' id='word_1_67' title='bbox 383 713 469 771; x_wconf 89' lang='lat' dir='ltr'><strong>lalsos</strong></span> <span class='ocrx_word' id='word_1_68' title='bbox 485 713 585 771; x_wconf 85' lang='lat' dir='ltr'><strong>iratres</strong></span> <span class='ocrx_word' id='word_1_69' title='bbox 600 712 629 770; x_wconf 92' lang='lat' dir='ltr'><strong>in</strong></span> <span class='ocrx_word' id='word_1_70' title='bbox 649 713 746 770; x_wconf 91' lang='lat' dir='ltr'><strong>eadem</strong></span> <span class='ocrx_word' id='word_1_71' title='bbox 771 713 904 784; x_wconf 90' lang='lat' dir='ltr'><strong>reiigione</strong></span> <span class='ocrx_word' id='word_1_72' title='bbox 926 723 955 770; x_wconf 92' lang='lat' dir='ltr'><strong>et</strong></span> <span class='ocrx_word' id='word_1_73' title='bbox 977 714 1005 770; x_wconf 85' lang='lat' dir='ltr'><strong>in</strong></span> <span class='ocrx_word' id='word_1_74' title='bbox 1059 728 1125 781; x_wconf 79' lang='lat' dir='ltr'><strong>aar,</strong></span> <span class='ocrx_word' id='word_1_75' title='bbox 1142 714 1199 784; x_wconf 85' lang='lat' dir='ltr'><strong>dl).</strong></span> <span class='ocrx_word' id='word_1_76' title='bbox 1216 734 1226 769; x_wconf 81' lang='lat' dir='ltr'><strong>r</strong></span> <span class='ocrx_word' id='word_1_77' title='bbox 1246 714 1300 786; x_wconf 90' lang='lat' dir='ltr'><strong>ipsi</strong></span> <span class='ocrx_word' id='word_1_78' title='bbox 1325 717 1436 788; x_wconf 89' lang='lat' dir='ltr'><strong>quidem</strong></span> <span class='ocrx_word' id='word_1_79' title='bbox 1457 717 1536 774; x_wconf 87' lang='lat' dir='ltr'><strong>ibunt</strong></span> <span class='ocrx_word' id='word_1_80' title='bbox 1550 719 1577 772; x_wconf 93' lang='lat' dir='ltr'><strong>in</strong></span> <span class='ocrx_word' id='word_1_81' title='bbox 1593 718 1758 790; x_wconf 89' lang='lat' dir='ltr'><strong>supplicium</strong></span> <span class='ocrx_word' id='word_1_82' title='bbox 1771 729 1857 776; x_wconf 72' lang='lat' dir='ltr'><strong>eter-</strong></span> 
     </span>
     <span class='ocr_line' id='line_1_7' title="bbox 210 801 1855 879; baseline 0.003 -19"><span class='ocrx_word' id='word_1_83' title='bbox 210 808 310 863; x_wconf 82' lang='lat' dir='ltr'><strong>eodem</strong></span> <span class='ocrx_word' id='word_1_84' title='bbox 326 808 402 862; x_wconf 88' lang='lat' dir='ltr'><strong>cultu</strong></span> <span class='ocrx_word' id='word_1_85' title='bbox 419 807 597 874; x_wconf 89' lang='lat' dir='ltr'><strong>constitutos,</strong></span> <span class='ocrx_word' id='word_1_86' title='bbox 609 806 657 864; x_wconf 87' lang='lat' dir='ltr'><strong>sed</strong></span> <span class='ocrx_word' id='word_1_87' title='bbox 673 805 825 863; x_wconf 81' lang='lat' dir='ltr'><strong>Ecclesiam</strong></span> <span class='ocrx_word' id='word_1_88' title='bbox 850 807 893 861; x_wconf 84' lang='lat' dir='ltr'><strong>nel</strong></span> <span class='ocrx_word' id='word_1_89' title='bbox 916 807 1007 877; x_wconf 78' lang='lat' dir='ltr'><strong>pravis</strong></span> <span class='ocrx_word' id='word_1_90' title='bbox 1061 818 1127 859; x_wconf 86' lang='lat' dir='ltr'><strong>nont</strong></span> <span class='ocrx_word' id='word_1_91' title='bbox 1143 820 1150 859; x_wconf 89' lang='lat'>:</span> <span class='ocrx_word' id='word_1_92' title='bbox 1165 801 1223 860; x_wconf 76' lang='lat' dir='ltr'><strong>Nor</strong></span> <span class='ocrx_word' id='word_1_93' title='bbox 1235 814 1335 875; x_wconf 83' lang='lat' dir='ltr'><strong>autem,</strong></span> <span class='ocrx_word' id='word_1_94' title='bbox 1350 806 1535 877; x_wconf 80' lang='lat' dir='ltr'><strong>popularium</strong></span> <span class='ocrx_word' id='word_1_95' title='bbox 1549 816 1574 863; x_wconf 85' lang='grc' dir='ltr'><strong>ει</strong></span> <span class='ocrx_word' id='word_1_96' title='bbox 1591 824 1650 864; x_wconf 82' lang='lat' dir='ltr'><strong>orer</strong></span> <span class='ocrx_word' id='word_1_97' title='bbox 1659 825 1766 879; x_wconf 77' lang='lat' dir='ltr'><strong>pasena</strong></span> <span class='ocrx_word' id='word_1_98' title='bbox 1786 818 1855 875; x_wconf 72' lang='lat' dir='ltr'><strong>tue,</strong></span> 
     </span>
     <span class='ocr_line' id='line_1_8' title="bbox 213 895 1857 971; baseline 0.001 -16"><span class='ocrx_word' id='word_1_99' title='bbox 213 899 339 956; x_wconf 87' lang='lat' dir='ltr'><strong>moribus</strong></span> <span class='ocrx_word' id='word_1_100' title='bbox 366 897 408 954; x_wconf 84' lang='lat' dir='ltr'><strong>vel</strong></span> <span class='ocrx_word' id='word_1_101' title='bbox 430 913 562 970; x_wconf 82' lang='lat' dir='ltr'><strong>perverso</strong></span> <span class='ocrx_word' id='word_1_102' title='bbox 584 897 713 970; x_wconf 78' lang='lat' dir='ltr'><strong>dogmate</strong></span> <span class='ocrx_word' id='word_1_103' title='bbox 738 896 940 971; x_wconf 76' lang='lat' dir='ltr'><strong>impugnantes.</strong></span> <span class='ocrx_word' id='word_1_104' title='bbox 958 896 1007 954; x_wconf 86' lang='lat' dir='ltr'><strong>liis</strong></span> <span class='ocrx_word' id='word_1_105' title='bbox 1060 895 1350 965; x_wconf 86' lang='lat' dir='ltr'><strong>adextriseonstitue,</strong></span> <span class='ocrx_word' id='word_1_106' title='bbox 1364 898 1464 968; x_wconf 87' lang='lat' dir='ltr'><strong>quihus</strong></span> <span class='ocrx_word' id='word_1_107' title='bbox 1476 899 1551 955; x_wconf 89' lang='lat' dir='ltr'><strong>dices</strong></span> <span class='ocrx_word' id='word_1_108' title='bbox 1566 916 1573 955; x_wconf 91' lang='lat'>:</span> <span class='ocrx_word' id='word_1_109' title='bbox 1591 897 1726 970; x_wconf 74' lang='lat' dir='ltr'><strong>«Venite,</strong></span> <span class='ocrx_word' id='word_1_110' title='bbox 1739 899 1857 957; x_wconf 79' lang='lat' dir='ltr'><strong>benedi·</strong></span> 
     </span>
     <span class='ocr_line' id='line_1_9' title="bbox 213 985 1854 1068; baseline 0.003 -24"><span class='ocrx_word' id='word_1_111' title='bbox 213 990 363 1062; x_wconf 78' lang='lat' dir='ltr'><strong>repmplam</strong></span> <span class='ocrx_word' id='word_1_112' title='bbox 385 989 562 1061; x_wconf 85' lang='lat' dir='ltr'><strong>opprobrium</strong></span> <span class='ocrx_word' id='word_1_113' title='bbox 577 987 607 1043; x_wconf 85' lang='lat' dir='ltr'><strong>in</strong></span> <span class='ocrx_word' id='word_1_114' title='bbox 626 989 688 1042; x_wconf 76' lang='lat' dir='ltr'><strong>rina</strong></span> <span class='ocrx_word' id='word_1_115' title='bbox 708 1005 799 1043; x_wconf 85' lang='lat' dir='ltr'><strong>eamn</strong></span> <span class='ocrx_word' id='word_1_116' title='bbox 823 987 927 1056; x_wconf 87' lang='lat' dir='ltr'><strong>reddet,</strong></span> <span class='ocrx_word' id='word_1_117' title='bbox 940 988 1006 1044; x_wconf 90' lang='lat' dir='ltr'><strong>dum</strong></span> <span class='ocrx_word' id='word_1_118' title='bbox 1060 986 1096 1044; x_wconf 92' lang='lat' dir='ltr'><strong>cti</strong></span> <span class='ocrx_word' id='word_1_119' title='bbox 1110 985 1201 1044; x_wconf 82' lang='lat' dir='ltr'><strong>Patris</strong></span> <span class='ocrx_word' id='word_1_120' title='bbox 1216 987 1488 1068; x_wconf 53' lang='lat' dir='ltr'><strong>manifestabimur</strong></span> <span class='ocrx_word' id='word_1_121' title='bbox 1501 990 1551 1046; x_wconf 89' lang='lat' dir='ltr'><strong>tibi</strong></span> <span class='ocrx_word' id='word_1_122' title='bbox 1567 990 1596 1048; x_wconf 88' lang='lat' dir='ltr'><strong>in</strong></span> <span class='ocrx_word' id='word_1_123' title='bbox 1614 990 1747 1049; x_wconf 68' lang='lat' dir='ltr'><strong>amotum</strong></span> <span class='ocrx_word' id='word_1_124' title='bbox 1760 990 1854 1064; x_wconf 76' lang='lat' dir='ltr'><strong>(hta,</strong></span> 
     </span>
     <span class='ocr_line' id='line_1_10' title="bbox 213 1078 1619 1153; baseline 0 -14"><span class='ocrx_word' id='word_1_125' title='bbox 213 1098 262 1141; x_wconf 85' lang='lat' dir='ltr'><strong>eos</strong></span> <span class='ocrx_word' id='word_1_126' title='bbox 273 1082 432 1141; x_wconf 87' lang='lat' dir='ltr'><strong>omnimoda</strong></span> <span class='ocrx_word' id='word_1_127' title='bbox 446 1096 528 1153; x_wconf 83' lang='lat' dir='ltr'><strong>poena</strong></span> <span class='ocrx_word' id='word_1_128' title='bbox 550 1080 578 1135; x_wconf 91' lang='lat' dir='ltr'><strong>in</strong></span> <span class='ocrx_word' id='word_1_129' title='bbox 594 1080 762 1151; x_wconf 88' lang='lat' dir='ltr'><strong>sempiterno</strong></span> <span class='ocrx_word' id='word_1_130' title='bbox 779 1078 928 1151; x_wconf 82' lang='lat' dir='ltr'><strong>opprobrio</strong></span> <span class='ocrx_word' id='word_1_131' title='bbox 955 1095 1006 1150; x_wconf 90' lang='lat' dir='ltr'><strong>pu·</strong></span> <span class='ocrx_word' id='word_1_132' title='bbox 1059 1079 1116 1152; x_wconf 73' lang='lat' dir='ltr'><strong>dt),</strong></span> <span class='ocrx_word' id='word_1_133' title='bbox 1135 1098 1146 1134; x_wconf 82' lang='lat' dir='ltr'><strong>t</strong></span> <span class='ocrx_word' id='word_1_134' title='bbox 1165 1079 1192 1137; x_wconf 91' lang='lat' dir='ltr'><strong>id</strong></span> <span class='ocrx_word' id='word_1_135' title='bbox 1208 1090 1250 1138; x_wconf 88' lang='lat' dir='ltr'><strong>est</strong></span> <span class='ocrx_word' id='word_1_136' title='bbox 1262 1080 1435 1139; x_wconf 79' lang='lat' dir='ltr'><strong>laudabimus</strong></span> <span class='ocrx_word' id='word_1_137' title='bbox 1448 1089 1474 1137; x_wconf 87' lang='lat' dir='ltr'><strong>ta</strong></span> <span class='ocrx_word' id='word_1_138' title='bbox 1487 1081 1547 1139; x_wconf 88' lang='lat' dir='ltr'><strong>sine</strong></span> <span class='ocrx_word' id='word_1_139' title='bbox 1557 1083 1619 1139; x_wconf 83' lang='lat' dir='ltr'><strong>dne.</strong></span> 
     </span>
    </p>
   </div>
   <div class='ocr_carea' id='block_1_3' title="bbox 240 1262 367 1281">
    <p class='ocr_par' dir='ltr' id='par_1_3' title="bbox 240 1262 367 1281">
     <span class='ocr_line' id='line_1_11' title="bbox 240 1262 367 1281; baseline 0 -5"><span class='ocrx_word' id='word_1_140' title='bbox 240 1262 367 1281; x_wconf 64' lang='lat' dir='ltr'><strong>...uu-n-</strong></span> 
     </span>
    </p>
   </div>
   <div class='ocr_carea' id='block_1_4' title="bbox 771 1438 1292 1536">
    <p class='ocr_par' dir='ltr' id='par_1_4' title="bbox 771 1438 1292 1536">
     <span class='ocr_line' id='line_1_12' title="bbox 771 1438 1292 1536; baseline 0.008 -7"><span class='ocrx_word' id='word_1_141' title='bbox 771 1438 1036 1533; x_wconf 72' lang='lat' dir='ltr'><strong>isthmos</strong></span> <span class='ocrx_word' id='word_1_142' title='bbox 1072 1441 1292 1536; x_wconf 80' lang='lat' dir='ltr'><strong>LXXIX.</strong></span> 
     </span>
    </p>
   </div>
   <div class='ocr_carea' id='block_1_5' title="bbox 1007 1634 1041 1652">
    <p class='ocr_par' dir='ltr' id='par_1_5' title="bbox 1007 1634 1041 1652">
     <span class='ocr_line' id='line_1_13' title="bbox 1007 1634 1041 1652; baseline 0 0"><span class='ocrx_word' id='word_1_143' title='bbox 1007 1634 1041 1652; x_wconf 64' lang='lat' dir='ltr'><strong>d-</strong></span> 
     </span>
    </p>
   </div>
   <div class='ocr_carea' id='block_1_6' title="bbox 168 1797 1854 2164">
    <p class='ocr_par' dir='ltr' id='par_1_6' title="bbox 168 1797 1854 2164">
     <span class='ocr_line' id='line_1_14' title="bbox 168 1797 1854 1896; baseline 0.008 -30"><span class='ocrx_word' id='word_1_144' title='bbox 168 1797 170 1801; x_wconf 42' lang='lat'><em>⁴</em></span> <span class='ocrx_word' id='word_1_145' title='bbox 252 1810 380 1882; x_wconf 76' lang='lat' dir='ltr'><strong>Qnireqir</strong></span> <span class='ocrx_word' id='word_1_146' title='bbox 397 1808 484 1866; x_wconf 82' lang='lat' dir='ltr'><strong>lsrael</strong></span> <span class='ocrx_word' id='word_1_147' title='bbox 509 1810 626 1881; x_wconf 88' lang='lat' dir='ltr'><strong>intende,</strong></span> <span class='ocrx_word' id='word_1_148' title='bbox 640 1820 706 1880; x_wconf 79' lang='lat' dir='ltr'><strong>ete,</strong></span> <span class='ocrx_word' id='word_1_149' title='bbox 722 1821 776 1869; x_wconf 84' lang='lat' dir='ltr'><strong>ete.</strong></span> <span class='ocrx_word' id='word_1_150' title='bbox 794 1808 1010 1896; x_wconf 72' lang='lat' dir='ltr'><strong>Superiorpsal·</strong></span> <span class='ocrx_word' id='word_1_151' title='bbox 1024 1821 1046 1880; x_wconf 76' lang='grc' dir='ltr'><strong>Β</strong></span> <span class='ocrx_word' id='word_1_152' title='bbox 1060 1818 1182 1883; x_wconf 86' lang='lat' dir='ltr'><strong>tempore</strong></span> <span class='ocrx_word' id='word_1_153' title='bbox 1205 1812 1404 1884; x_wconf 87' lang='lat' dir='ltr'><strong>apostoloram,</strong></span> <span class='ocrx_word' id='word_1_154' title='bbox 1425 1821 1453 1871; x_wconf 84' lang='lat' dir='ltr'><strong>et</strong></span> <span class='ocrx_word' id='word_1_155' title='bbox 1475 1827 1530 1872; x_wconf 80' lang='lat' dir='ltr'><strong>ror</strong></span> <span class='ocrx_word' id='word_1_156' title='bbox 1550 1813 1697 1886; x_wconf 76' lang='lat' dir='ltr'><strong>primitium</strong></span> <span class='ocrx_word' id='word_1_157' title='bbox 1721 1815 1854 1879; x_wconf 63' lang='lat' dir='ltr'><strong>Ecclesiae</strong></span> 
     </span>
     <span class='ocr_line' id='line_1_15' title="bbox 215 1903 1852 1979; baseline 0.004 -17"><span class='ocrx_word' id='word_1_158' title='bbox 215 1919 279 1962; x_wconf 80' lang='lat' dir='ltr'><strong>mus</strong></span> <span class='ocrx_word' id='word_1_159' title='bbox 293 1904 387 1961; x_wconf 91' lang='lat' dir='ltr'><strong>retulit</strong></span> <span class='ocrx_word' id='word_1_160' title='bbox 399 1903 583 1963; x_wconf 76' lang='lat' dir='ltr'><strong>calamitatem</strong></span> <span class='ocrx_word' id='word_1_161' title='bbox 597 1906 738 1976; x_wconf 77' lang='lat' dir='ltr'><strong>Ecclesia,</strong></span> <span class='ocrx_word' id='word_1_162' title='bbox 751 1923 835 1979; x_wconf 88' lang='lat' dir='ltr'><strong>quam</strong></span> <span class='ocrx_word' id='word_1_163' title='bbox 852 1906 963 1979; x_wconf 91' lang='lat' dir='ltr'><strong>pertulit</strong></span> <span class='ocrx_word' id='word_1_164' title='bbox 974 1905 1009 1961; x_wconf 86' lang='lat' dir='ltr'><strong>ab</strong></span> <span class='ocrx_word' id='word_1_165' title='bbox 1059 1920 1110 1976; x_wconf 88' lang='lat' dir='ltr'><strong>pro</strong></span> <span class='ocrx_word' id='word_1_166' title='bbox 1121 1905 1301 1961; x_wconf 79' lang='lat' dir='ltr'><strong>conversione</strong></span> <span class='ocrx_word' id='word_1_167' title='bbox 1321 1920 1418 1962; x_wconf 89' lang='lat' dir='ltr'><strong>eorum</strong></span> <span class='ocrx_word' id='word_1_168' title='bbox 1434 1917 1498 1979; x_wconf 88' lang='lat' dir='ltr'><strong>post</strong></span> <span class='ocrx_word' id='word_1_169' title='bbox 1518 1909 1775 1967; x_wconf 74' lang='lat' dir='ltr'><strong>exterminationem</strong></span> <span class='ocrx_word' id='word_1_170' title='bbox 1797 1911 1852 1970; x_wconf 80' lang='lat' dir='ltr'><strong>io·</strong></span> 
     </span>
     <span class='ocr_line' id='line_1_16' title="bbox 214 1983 1854 2073; baseline 0.004 -19"><span class='ocrx_word' id='word_1_171' title='bbox 214 1997 361 2065; x_wconf 71' lang='lat' dir='ltr'><strong>hereticis,</strong></span> <span class='ocrx_word' id='word_1_172' title='bbox 375 1997 420 2054; x_wconf 88' lang='lat' dir='ltr'><strong>hie</strong></span> <span class='ocrx_word' id='word_1_173' title='bbox 444 1996 527 2054; x_wconf 73' lang='lat' dir='ltr'><strong>refert</strong></span> <span class='ocrx_word' id='word_1_174' title='bbox 551 1998 657 2056; x_wconf 87' lang='lat' dir='ltr'><strong>cladem</strong></span> <span class='ocrx_word' id='word_1_175' title='bbox 680 1999 843 2073; x_wconf 80' lang='lat' dir='ltr'><strong>Synagogae,</strong></span> <span class='ocrx_word' id='word_1_176' title='bbox 863 2015 946 2072; x_wconf 86' lang='lat' dir='ltr'><strong>qnam</strong></span> <span class='ocrx_word' id='word_1_177' title='bbox 961 1985 1018 2056; x_wconf 52' lang='lat' dir='ltr'><strong>suss</strong></span> <span class='ocrx_word' id='word_1_178' title='bbox 1059 1983 1191 2064; x_wconf 73' lang='lat' dir='ltr'><strong>deorum,</strong></span> <span class='ocrx_word' id='word_1_179' title='bbox 1205 2013 1266 2068; x_wconf 82' lang='lat' dir='ltr'><strong>quae</strong></span> <span class='ocrx_word' id='word_1_180' title='bbox 1277 1999 1421 2055; x_wconf 76' lang='lat' dir='ltr'><strong>conversio</strong></span> <span class='ocrx_word' id='word_1_181' title='bbox 1431 1998 1461 2055; x_wconf 88' lang='lat' dir='ltr'><strong>iit</strong></span> <span class='ocrx_word' id='word_1_182' title='bbox 1473 1999 1597 2071; x_wconf 89' lang='lat' dir='ltr'><strong>quotidie</strong></span> <span class='ocrx_word' id='word_1_183' title='bbox 1610 2009 1639 2056; x_wconf 90' lang='lat' dir='ltr'><strong>et</strong></span> <span class='ocrx_word' id='word_1_184' title='bbox 1651 2002 1770 2060; x_wconf 85' lang='lat' dir='ltr'><strong>maxime</strong></span> <span class='ocrx_word' id='word_1_185' title='bbox 1780 2012 1854 2061; x_wconf 88' lang='lat' dir='ltr'><strong>tem·</strong></span> 
     </span>
     <span class='ocr_line' id='line_1_17' title="bbox 215 2088 1311 2164; baseline -0.003 -18"><span class='ocrx_word' id='word_1_186' title='bbox 215 2090 312 2146; x_wconf 89' lang='lat' dir='ltr'><strong>stinuit</strong></span> <span class='ocrx_word' id='word_1_187' title='bbox 330 2088 553 2147; x_wconf 72' lang='lat' dir='ltr'><strong>ah-adrersariis</strong></span> <span class='ocrx_word' id='word_1_188' title='bbox 570 2089 679 2149; x_wconf 86' lang='lat' dir='ltr'><strong>Titulus</strong></span> <span class='ocrx_word' id='word_1_189' title='bbox 689 2092 750 2164; x_wconf 81' lang='lat' dir='ltr'><strong>ejus</strong></span> <span class='ocrx_word' id='word_1_190' title='bbox 765 2101 830 2150; x_wconf 85' lang='lat' dir='ltr'><strong>cst:</strong></span> <span class='ocrx_word' id='word_1_191' title='bbox 1058 2101 1125 2159; x_wconf 87' lang='lat' dir='ltr'><strong>pore</strong></span> <span class='ocrx_word' id='word_1_192' title='bbox 1138 2088 1311 2144; x_wconf 77' lang='lat' dir='ltr'><strong>Antichristi.</strong></span> 
     </span>
    </p>
   </div>
   <div class='ocr_carea' id='block_1_7' title="bbox 211 2169 1853 2352">
    <p class='ocr_par' dir='ltr' id='par_1_7' title="bbox 211 2169 1853 2352">
     <span class='ocr_line' id='line_1_18' title="bbox 211 2169 1852 2281; baseline 0.006 -47"><span class='ocrx_word' id='word_1_193' title='bbox 211 2207 310 2281; x_wconf 42' lang='lat' dir='ltr'><strong>(qm.</strong></span> <span class='ocrx_word' id='word_1_194' title='bbox 328 2209 366 2276; x_wconf 42' lang='lat' dir='ltr'><strong>g.)</strong></span> <span class='ocrx_word' id='word_1_195' title='bbox 381 2223 502 2265; x_wconf 56' lang='lat' dir='ltr'><strong>mm</strong></span> <span class='ocrx_word' id='word_1_196' title='bbox 514 2223 566 2265; x_wconf 66' lang='lat' dir='ltr'><em>m</em></span> <span class='ocrx_word' id='word_1_197' title='bbox 577 2225 630 2277; x_wconf 46' lang='lat' dir='ltr'><strong>ms,</strong></span> <span class='ocrx_word' id='word_1_198' title='bbox 640 2225 687 2275; x_wconf 75' lang='lat'><strong>0⁰¹</strong></span> <span class='ocrx_word' id='word_1_199' title='bbox 706 2226 895 2274; x_wconf 44' lang='lat' dir='ltr'><strong>mmmm·</strong></span> <span class='ocrx_word' id='word_1_200' title='bbox 914 2224 1009 2266; x_wconf 54' lang='lat' dir='ltr'><strong>mn,</strong></span> <span class='ocrx_word' id='word_1_201' title='bbox 1094 2179 1178 2237; x_wconf 75' lang='lat' dir='ltr'><strong>Xens.</strong></span> <span class='ocrx_word' id='word_1_202' title='bbox 1194 2181 1221 2235; x_wconf 78' lang='lat'><strong>2.</strong></span> <span class='ocrx_word' id='word_1_203' title='bbox 1235 2180 1289 2248; x_wconf 83' lang='lat' dir='ltr'><strong>Qui</strong></span> <span class='ocrx_word' id='word_1_204' title='bbox 1309 2181 1378 2254; x_wconf 80' lang='lat' dir='ltr'><strong>regit</strong></span> <span class='ocrx_word' id='word_1_205' title='bbox 1397 2178 1494 2251; x_wconf 83' lang='lat' dir='ltr'><strong>lsrael,</strong></span> <span class='ocrx_word' id='word_1_206' title='bbox 1509 2183 1625 2239; x_wconf 80' lang='lat' dir='ltr'><strong>intende.</strong></span> <span class='ocrx_word' id='word_1_207' title='bbox 1642 2181 1671 2239; x_wconf 66' lang='lat'><strong>1⁸</strong></span> <span class='ocrx_word' id='word_1_208' title='bbox 1685 2169 1786 2243; x_wconf 70' lang='lat' dir='ltr'><strong>dieitur</strong></span> <span class='ocrx_word' id='word_1_209' title='bbox 1796 2187 1852 2257; x_wconf 75' lang='lat' dir='ltr'><strong>tir,</strong></span> 
     </span>
     <span class='ocr_line' id='line_1_19' title="bbox 301 2273 1853 2352; baseline 0.003 -17"><span class='ocrx_word' id='word_1_210' title='bbox 301 2293 507 2346; x_wconf 71' lang='lat' dir='ltr'><strong>amoriensem,</strong></span> <span class='ocrx_word' id='word_1_211' title='bbox 519 2295 637 2336; x_wconf 74' lang='lat' dir='ltr'><strong>maturis</strong></span> <span class='ocrx_word' id='word_1_212' title='bbox 651 2296 704 2337; x_wconf 83' lang='lat' dir='ltr'><strong>eno</strong></span> <span class='ocrx_word' id='word_1_213' title='bbox 718 2296 836 2338; x_wconf 77' lang='lat' dir='ltr'><strong>isarnus</strong></span> <span class='ocrx_word' id='word_1_214' title='bbox 849 2280 918 2351; x_wconf 75' lang='lat'><strong>(59).</strong></span> <span class='ocrx_word' id='word_1_215' title='bbox 1058 2291 1091 2330; x_wconf 81' lang='lat' dir='ltr'><strong>ra</strong></span> <span class='ocrx_word' id='word_1_216' title='bbox 1106 2273 1213 2343; x_wconf 81' lang='lat' dir='ltr'><strong>tideus,</strong></span> <span class='ocrx_word' id='word_1_217' title='bbox 1227 2274 1253 2329; x_wconf 80' lang='lat' dir='ltr'><strong>ei</strong></span> <span class='ocrx_word' id='word_1_218' title='bbox 1269 2273 1352 2330; x_wconf 81' lang='lat' dir='ltr'><strong>Deus·</strong></span> <span class='ocrx_word' id='word_1_219' title='bbox 1375 2273 1464 2352; x_wconf 73' lang='lat' dir='ltr'><strong>iarael</strong></span> <span class='ocrx_word' id='word_1_220' title='bbox 1485 2291 1551 2348; x_wconf 85' lang='lat' dir='ltr'><strong>ergo</strong></span> <span class='ocrx_word' id='word_1_221' title='bbox 1572 2276 1674 2333; x_wconf 89' lang='lat' dir='ltr'><strong>dieitur</strong></span> <span class='ocrx_word' id='word_1_222' title='bbox 1702 2280 1743 2334; x_wconf 83' lang='lat' dir='ltr'><strong>nir</strong></span> <span class='ocrx_word' id='word_1_223' title='bbox 1760 2280 1853 2338; x_wconf 77' lang='lat' dir='ltr'><strong>eidam</strong></span> 
     </span>
    </p>
   </div>
   <div class='ocr_carea' id='block_1_8' title="bbox 212 2363 1937 3731">
    <p class='ocr_par' dir='ltr' id='par_1_8' title="bbox 212 2363 1937 3638">
     <span class='ocr_line' id='line_1_20' title="bbox 249 2363 1852 2446; baseline 0.001 -21"><span class='ocrx_word' id='word_1_224' title='bbox 249 2369 308 2427; x_wconf 83' lang='lat' dir='ltr'><strong>iioc</strong></span> <span class='ocrx_word' id='word_1_225' title='bbox 318 2381 381 2426; x_wconf 87' lang='lat' dir='ltr'><strong>est:</strong></span> <span class='ocrx_word' id='word_1_226' title='bbox 397 2369 451 2426; x_wconf 91' lang='lat' dir='ltr'><strong>iste</strong></span> <span class='ocrx_word' id='word_1_227' title='bbox 463 2371 587 2443; x_wconf 79' lang='lat' dir='ltr'><strong>hymnus</strong></span> <span class='ocrx_word' id='word_1_228' title='bbox 602 2381 645 2428; x_wconf 90' lang='lat' dir='ltr'><strong>est</strong></span> <span class='ocrx_word' id='word_1_229' title='bbox 659 2372 774 2428; x_wconf 86' lang='lat' dir='ltr'><strong>tendens</strong></span> <span class='ocrx_word' id='word_1_230' title='bbox 790 2371 819 2426; x_wconf 87' lang='lat' dir='ltr'><strong>in</strong></span> <span class='ocrx_word' id='word_1_231' title='bbox 833 2373 914 2443; x_wconf 68' lang='lat' dir='ltr'><strong>finem</strong></span> <span class='ocrx_word' id='word_1_232' title='bbox 927 2369 1009 2426; x_wconf 87' lang='lat' dir='ltr'><strong>Chri·</strong></span> <span class='ocrx_word' id='word_1_233' title='bbox 1061 2363 1154 2421; x_wconf 74' lang='lat' dir='ltr'><strong>Deum·</strong></span> <span class='ocrx_word' id='word_1_234' title='bbox 1178 2363 1231 2422; x_wconf 78' lang='lat' dir='ltr'><strong>Per</strong></span> <span class='ocrx_word' id='word_1_235' title='bbox 1252 2363 1340 2420; x_wconf 76' lang='lat' dir='ltr'><strong>lereti</strong></span> <span class='ocrx_word' id='word_1_236' title='bbox 1362 2364 1542 2437; x_wconf 75' lang='lat' dir='ltr'><strong>designantur</strong></span> <span class='ocrx_word' id='word_1_237' title='bbox 1563 2367 1590 2424; x_wconf 91' lang='lat' dir='ltr'><strong>in</strong></span> <span class='ocrx_word' id='word_1_238' title='bbox 1616 2369 1669 2426; x_wconf 83' lang='lat' dir='ltr'><strong>hoe</strong></span> <span class='ocrx_word' id='word_1_239' title='bbox 1686 2369 1747 2429; x_wconf 89' lang='lat' dir='ltr'><strong>loco</strong></span> <span class='ocrx_word' id='word_1_240' title='bbox 1760 2375 1852 2446; x_wconf 82' lang='lat' dir='ltr'><strong>angeli</strong></span> 
     </span>
     <span class='ocr_line' id='line_1_21' title="bbox 214 2455 1853 2534; baseline 0 -15"><span class='ocrx_word' id='word_1_241' title='bbox 214 2471 352 2532; x_wconf 63' lang='lat' dir='ltr'><strong>stumque</strong></span> <span class='ocrx_word' id='word_1_242' title='bbox 367 2461 408 2518; x_wconf 83' lang='lat' dir='ltr'><strong>hir</strong></span> <span class='ocrx_word' id='word_1_243' title='bbox 420 2463 465 2534; x_wconf 85' lang='lat' dir='ltr'><strong>qai</strong></span> <span class='ocrx_word' id='word_1_244' title='bbox 478 2463 657 2518; x_wconf 70' lang='lat' dir='ltr'><strong>innectantur</strong></span> <span class='ocrx_word' id='word_1_245' title='bbox 666 2461 809 2519; x_wconf 79' lang='lat' dir='ltr'><strong>deludaeis</strong></span> <span class='ocrx_word' id='word_1_246' title='bbox 823 2465 857 2519; x_wconf 87' lang='lat' dir='ltr'><strong>ad</strong></span> <span class='ocrx_word' id='word_1_247' title='bbox 871 2462 1008 2519; x_wconf 85' lang='lat' dir='ltr'><strong>Christia-</strong></span> <span class='ocrx_word' id='word_1_248' title='bbox 1059 2470 1166 2527; x_wconf 86' lang='lat' dir='ltr'><strong>semper</strong></span> <span class='ocrx_word' id='word_1_249' title='bbox 1180 2455 1303 2513; x_wconf 85' lang='lat' dir='ltr'><strong>ridentes</strong></span> <span class='ocrx_word' id='word_1_250' title='bbox 1313 2455 1411 2513; x_wconf 83' lang='lat' dir='ltr'><strong>laniem</strong></span> <span class='ocrx_word' id='word_1_251' title='bbox 1426 2455 1527 2514; x_wconf 86' lang='lat' dir='ltr'><strong>Patris.</strong></span> <span class='ocrx_word' id='word_1_252' title='bbox 1540 2456 1621 2514; x_wconf 79' lang='lat' dir='ltr'><strong>Ores</strong></span> <span class='ocrx_word' id='word_1_253' title='bbox 1636 2459 1709 2528; x_wconf 82' lang='lat' dir='ltr'><strong>omli,</strong></span> <span class='ocrx_word' id='word_1_254' title='bbox 1723 2463 1769 2532; x_wconf 78' lang='lat' dir='ltr'><strong>qni</strong></span> <span class='ocrx_word' id='word_1_255' title='bbox 1782 2464 1853 2534; x_wconf 82' lang='lat' dir='ltr'><strong>regis</strong></span> 
     </span>
     <span class='ocr_line' id='line_1_22' title="bbox 213 2545 1852 2627; baseline 0.002 -15"><span class='ocrx_word' id='word_1_256' title='bbox 213 2570 277 2622; x_wconf 88' lang='lat' dir='ltr'><strong>nos,</strong></span> <span class='ocrx_word' id='word_1_257' title='bbox 290 2554 324 2611; x_wconf 88' lang='lat' dir='ltr'><strong>de</strong></span> <span class='ocrx_word' id='word_1_258' title='bbox 334 2554 439 2611; x_wconf 86' lang='lat' dir='ltr'><strong>carnali</strong></span> <span class='ocrx_word' id='word_1_259' title='bbox 454 2554 594 2612; x_wconf 88' lang='lat' dir='ltr'><strong>intellectu</strong></span> <span class='ocrx_word' id='word_1_260' title='bbox 618 2555 654 2611; x_wconf 90' lang='lat' dir='ltr'><strong>ad</strong></span> <span class='ocrx_word' id='word_1_261' title='bbox 681 2555 834 2627; x_wconf 88' lang='lat' dir='ltr'><strong>spiritalem</strong></span> <span class='ocrx_word' id='word_1_262' title='bbox 846 2573 854 2623; x_wconf 89' lang='lat'>;</span> <span class='ocrx_word' id='word_1_263' title='bbox 867 2556 916 2626; x_wconf 90' lang='lat' dir='ltr'><strong>qui</strong></span> <span class='ocrx_word' id='word_1_264' title='bbox 936 2555 1009 2626; x_wconf 88' lang='lat' dir='ltr'><strong>psal·</strong></span> <span class='ocrx_word' id='word_1_265' title='bbox 1059 2547 1182 2618; x_wconf 56' lang='lat' dir='ltr'><strong>intimi,</strong></span> <span class='ocrx_word' id='word_1_266' title='bbox 1199 2545 1306 2601; x_wconf 61' lang='lat' dir='ltr'><strong>limi</strong></span> <span class='ocrx_word' id='word_1_267' title='bbox 1323 2545 1358 2602; x_wconf 71' lang='lat' dir='ltr'><strong>id</strong></span> <span class='ocrx_word' id='word_1_268' title='bbox 1374 2561 1425 2602; x_wconf 77' lang='lat'>¹¹⁰⁸</span> <span class='ocrx_word' id='word_1_269' title='bbox 1440 2546 1567 2604; x_wconf 70' lang='lat' dir='ltr'><strong>h⁰mi¹¹⁰⁸</strong></span> <span class='ocrx_word' id='word_1_270' title='bbox 1591 2548 1686 2603; x_wconf 66' lang='lat' dir='ltr'><strong>Venite</strong></span> <span class='ocrx_word' id='word_1_271' title='bbox 1708 2549 1736 2603; x_wconf 71' lang='lat' dir='ltr'><strong>iii</strong></span> <span class='ocrx_word' id='word_1_272' title='bbox 1757 2551 1852 2606; x_wconf 67' lang='lat' dir='ltr'><strong>litiis·</strong></span> 
     </span>
     <span class='ocr_line' id='line_1_23' title="bbox 213 2638 1853 2720; baseline 0.003 -15"><span class='ocrx_word' id='word_1_273' title='bbox 213 2664 277 2705; x_wconf 83' lang='lat' dir='ltr'><strong>aros</strong></span> <span class='ocrx_word' id='word_1_274' title='bbox 289 2658 333 2705; x_wconf 88' lang='lat' dir='ltr'><strong>est</strong></span> <span class='ocrx_word' id='word_1_275' title='bbox 347 2648 527 2705; x_wconf 75' lang='lat' dir='ltr'><strong>testimoniam</strong></span> <span class='ocrx_word' id='word_1_276' title='bbox 538 2647 639 2720; x_wconf 79' lang='lat' dir='ltr'><strong>Anapi,</strong></span> <span class='ocrx_word' id='word_1_277' title='bbox 654 2647 681 2705; x_wconf 88' lang='lat' dir='ltr'><strong>id</strong></span> <span class='ocrx_word' id='word_1_278' title='bbox 695 2646 834 2705; x_wconf 85' lang='lat' dir='ltr'><strong>estildclis</strong></span> <span class='ocrx_word' id='word_1_279' title='bbox 846 2645 1006 2720; x_wconf 78' lang='lat' dir='ltr'><strong>synagoga,</strong></span> <span class='ocrx_word' id='word_1_280' title='bbox 1059 2638 1113 2708; x_wconf 70' lang='lat' dir='ltr'><strong>Til,</strong></span> <span class='ocrx_word' id='word_1_281' title='bbox 1125 2641 1199 2709; x_wconf 66' lang='lat'>(¹5⁰⁰,</span> <span class='ocrx_word' id='word_1_282' title='bbox 1212 2640 1258 2712; x_wconf 65' lang='lat' dir='ltr'><strong>lii</strong></span> <span class='ocrx_word' id='word_1_283' title='bbox 1268 2639 1377 2695; x_wconf 52' lang='lat' dir='ltr'><strong>iiiiii&amp;</strong></span> <span class='ocrx_word' id='word_1_284' title='bbox 1389 2639 1459 2696; x_wconf 69' lang='lat' dir='ltr'><strong>”illi</strong></span> <span class='ocrx_word' id='word_1_285' title='bbox 1470 2657 1541 2696; x_wconf 65' lang='lat' dir='ltr'><strong>iiim</strong></span> <span class='ocrx_word' id='word_1_286' title='bbox 1552 2638 1662 2712; x_wconf 55' lang='lat' dir='ltr'><strong>iiiiii,</strong></span> <span class='ocrx_word' id='word_1_287' title='bbox 1671 2642 1723 2697; x_wconf 75' lang='lat'><strong>¹1⁰0</strong></span> <span class='ocrx_word' id='word_1_288' title='bbox 1734 2652 1787 2710; x_wconf 68' lang='lat' dir='ltr'><strong>eii·</strong></span> <span class='ocrx_word' id='word_1_289' title='bbox 1802 2648 1853 2715; x_wconf 74' lang='lat' dir='ltr'><strong>iiiii</strong></span> 
     </span>
     <span class='ocr_line' id='line_1_24' title="bbox 212 2727 1854 2815; baseline -0.001 -18"><span class='ocrx_word' id='word_1_290' title='bbox 212 2742 407 2815; x_wconf 66' lang='lat' dir='ltr'><strong>praesignit,</strong></span> <span class='ocrx_word' id='word_1_291' title='bbox 426 2742 618 2813; x_wconf 71' lang='lat' dir='ltr'><strong>nonestpro</strong></span> <span class='ocrx_word' id='word_1_292' title='bbox 634 2737 738 2797; x_wconf 81' lang='lat' dir='ltr'><strong>tuoaeis</strong></span> <span class='ocrx_word' id='word_1_293' title='bbox 764 2740 857 2797; x_wconf 78' lang='lat' dir='ltr'><strong>notrae</strong></span> <span class='ocrx_word' id='word_1_294' title='bbox 885 2740 1006 2811; x_wconf 71' lang='lat' dir='ltr'><strong>pernota,</strong></span> <span class='ocrx_word' id='word_1_295' title='bbox 1058 2730 1189 2802; x_wconf 83' lang='lat' dir='ltr'><strong>poputum</strong></span> <span class='ocrx_word' id='word_1_296' title='bbox 1221 2732 1255 2786; x_wconf 83' lang='lat' dir='ltr'><strong>de</strong></span> <span class='ocrx_word' id='word_1_297' title='bbox 1284 2727 1381 2801; x_wconf 61' lang='grc' dir='ltr'><strong>ἔσειμι</strong></span> <span class='ocrx_word' id='word_1_298' title='bbox 1409 2739 1437 2786; x_wconf 80' lang='lat' dir='ltr'><strong>et</strong></span> <span class='ocrx_word' id='word_1_299' title='bbox 1464 2731 1523 2788; x_wconf 79' lang='lat' dir='ltr'><strong>suis</strong></span> <span class='ocrx_word' id='word_1_300' title='bbox 1551 2729 1685 2789; x_wconf 78' lang='lat' dir='ltr'><strong>mmmm</strong></span> <span class='ocrx_word' id='word_1_301' title='bbox 1704 2741 1794 2788; x_wconf 81' lang='lat' dir='ltr'><strong>ortum</strong></span> <span class='ocrx_word' id='word_1_302' title='bbox 1817 2735 1854 2790; x_wconf 81' lang='lat' dir='ltr'><strong>de</strong></span> 
     </span>
     <span class='ocr_line' id='line_1_25' title="bbox 212 2819 1853 2906; baseline 0.001 -18"><span class='ocrx_word' id='word_1_303' title='bbox 212 2833 262 2906; x_wconf 82' lang='lat' dir='ltr'><strong>qni</strong></span> <span class='ocrx_word' id='word_1_304' title='bbox 277 2832 645 2905; x_wconf 67' lang='lat' dir='ltr'><strong>cenomannensem</strong></span> <span class='ocrx_word' id='word_1_305' title='bbox 666 2831 727 2904; x_wconf 83' lang='lat' dir='ltr'><strong>tege</strong></span> <span class='ocrx_word' id='word_1_306' title='bbox 748 2832 879 2890; x_wconf 79' lang='lat' dir='ltr'><strong>otrmtos.</strong></span> <span class='ocrx_word' id='word_1_307' title='bbox 903 2831 1008 2903; x_wconf 65' lang='lat' dir='ltr'><strong>tangre</strong></span> <span class='ocrx_word' id='word_1_308' title='bbox 1058 2819 1178 2895; x_wconf 77' lang='lat' dir='ltr'><strong>AErrnto</strong></span> <span class='ocrx_word' id='word_1_309' title='bbox 1192 2821 1310 2878; x_wconf 81' lang='lat' dir='ltr'><strong>eduxisti</strong></span> <span class='ocrx_word' id='word_1_310' title='bbox 1322 2837 1371 2894; x_wconf 80' lang='lat' dir='ltr'><strong>ner</strong></span> <span class='ocrx_word' id='word_1_311' title='bbox 1383 2821 1534 2890; x_wconf 74' lang='lat' dir='ltr'><strong>desertum.</strong></span> <span class='ocrx_word' id='word_1_312' title='bbox 1549 2821 1621 2878; x_wconf 79' lang='lat' dir='ltr'><strong>sicut</strong></span> <span class='ocrx_word' id='word_1_313' title='bbox 1635 2839 1694 2878; x_wconf 78' lang='lat' dir='ltr'><strong>om</strong></span> <span class='ocrx_word' id='word_1_314' title='bbox 1711 2825 1853 2895; x_wconf 75' lang='lat' dir='ltr'><strong>pastorio</strong></span> 
     </span>
     <span class='ocr_line' id='line_1_26' title="bbox 212 2912 1854 2997; baseline 0 -16"><span class='ocrx_word' id='word_1_315' title='bbox 212 2940 334 2996; x_wconf 85' lang='lat' dir='ltr'><strong>namque</strong></span> <span class='ocrx_word' id='word_1_316' title='bbox 344 2924 561 2996; x_wconf 80' lang='lat' dir='ltr'><strong>interpretantur</strong></span> <span class='ocrx_word' id='word_1_317' title='bbox 573 2925 729 2997; x_wconf 80' lang='lat' dir='ltr'><strong>dirigentes.</strong></span> <span class='ocrx_word' id='word_1_318' title='bbox 750 2922 881 2982; x_wconf 73' lang='lat' dir='ltr'><strong>Testatur</strong></span> <span class='ocrx_word' id='word_1_319' title='bbox 905 2922 1007 2980; x_wconf 88' lang='lat' dir='ltr'><strong>etenim</strong></span> <span class='ocrx_word' id='word_1_320' title='bbox 1058 2913 1131 2969; x_wconf 62' lang='lat' dir='ltr'><strong>lione</strong></span> <span class='ocrx_word' id='word_1_321' title='bbox 1149 2929 1252 2985; x_wconf 64' lang='lat' dir='ltr'><strong>pascue</strong></span> <span class='ocrx_word' id='word_1_322' title='bbox 1271 2913 1421 2979; x_wconf 66' lang='lat' dir='ltr'><strong>dedititii,</strong></span> <span class='ocrx_word' id='word_1_323' title='bbox 1435 2912 1510 2981; x_wconf 67' lang='lat' dir='ltr'><strong>iiiii,</strong></span> <span class='ocrx_word' id='word_1_324' title='bbox 1532 2921 1560 2969; x_wconf 70' lang='grc' dir='ltr'><strong>θῑ</strong></span> <span class='ocrx_word' id='word_1_325' title='bbox 1588 2928 1639 2970; x_wconf 78' lang='lat'><strong>¹¹⁰³</strong></span> <span class='ocrx_word' id='word_1_326' title='bbox 1662 2915 1747 2986; x_wconf 66' lang='lat' dir='ltr'><strong>iiiiii.</strong></span> <span class='ocrx_word' id='word_1_327' title='bbox 1774 2923 1803 2970; x_wconf 73' lang='lat'><strong>0¹</strong></span> <span class='ocrx_word' id='word_1_328' title='bbox 1821 2915 1854 2970; x_wconf 73' lang='lat' dir='ltr'><strong>in</strong></span> 
     </span>
     <span class='ocr_line' id='line_1_27' title="bbox 213 3003 1854 3087; baseline 0.004 -27"><span class='ocrx_word' id='word_1_329' title='bbox 213 3018 270 3084; x_wconf 65' lang='lat' dir='ltr'><strong>pic,</strong></span> <span class='ocrx_word' id='word_1_330' title='bbox 294 3005 466 3087; x_wconf 71' lang='lat' dir='ltr'><strong>quodsudaet</strong></span> <span class='ocrx_word' id='word_1_331' title='bbox 489 3016 552 3072; x_wconf 62' lang='lat' dir='ltr'><strong>ideo</strong></span> <span class='ocrx_word' id='word_1_332' title='bbox 575 3016 752 3073; x_wconf 51' lang='lat' dir='ltr'><strong>“permuniit</strong></span> <span class='ocrx_word' id='word_1_333' title='bbox 786 3024 862 3083; x_wconf 69' lang='lat' dir='ltr'><strong>suni,</strong></span> <span class='ocrx_word' id='word_1_334' title='bbox 887 3015 953 3087; x_wconf 71' lang='lat' dir='ltr'><strong>quin</strong></span> <span class='ocrx_word' id='word_1_335' title='bbox 979 3013 1007 3070; x_wconf 83' lang='grc' dir='ltr'><strong>ῑῃ</strong></span> <span class='ocrx_word' id='word_1_336' title='bbox 1059 3015 1119 3063; x_wconf 89' lang='lat' dir='ltr'><strong>tuto</strong></span> <span class='ocrx_word' id='word_1_337' title='bbox 1133 3007 1195 3064; x_wconf 89' lang='lat' dir='ltr'><strong>loce</strong></span> <span class='ocrx_word' id='word_1_338' title='bbox 1208 3007 1355 3064; x_wconf 88' lang='lat' dir='ltr'><strong>constitue.</strong></span> <span class='ocrx_word' id='word_1_339' title='bbox 1374 3003 1437 3063; x_wconf 92' lang='lat' dir='ltr'><strong>ideo</strong></span> <span class='ocrx_word' id='word_1_340' title='bbox 1455 3021 1558 3063; x_wconf 88' lang='lat' dir='ltr'><strong>nomen</strong></span> <span class='ocrx_word' id='word_1_341' title='bbox 1574 3004 1672 3079; x_wconf 72' lang='lat' dir='ltr'><strong>ioseph</strong></span> <span class='ocrx_word' id='word_1_342' title='bbox 1687 3022 1738 3078; x_wconf 87' lang='lat' dir='ltr'><strong>pro</strong></span> <span class='ocrx_word' id='word_1_343' title='bbox 1747 3008 1854 3080; x_wconf 90' lang='lat' dir='ltr'><strong>populo</strong></span> 
     </span>
     <span class='ocr_line' id='line_1_28' title="bbox 212 3096 1855 3177; baseline 0.005 -15"><span class='ocrx_word' id='word_1_344' title='bbox 212 3105 354 3162; x_wconf 71' lang='lat' dir='ltr'><strong>enarum</strong></span> <span class='ocrx_word' id='word_1_345' title='bbox 369 3120 426 3161; x_wconf 77' lang='lat' dir='ltr'><strong>non</strong></span> <span class='ocrx_word' id='word_1_346' title='bbox 441 3106 753 3177; x_wconf 74' lang='lat' dir='ltr'><strong>ermroemmnqmu</strong></span> <span class='ocrx_word' id='word_1_347' title='bbox 770 3104 1008 3163; x_wconf 75' lang='lat' dir='ltr'><strong>oeruoaenetm-</strong></span> <span class='ocrx_word' id='word_1_348' title='bbox 1059 3100 1181 3171; x_wconf 82' lang='lat' dir='ltr'><strong>nonitur.</strong></span> <span class='ocrx_word' id='word_1_349' title='bbox 1195 3098 1261 3170; x_wconf 73' lang='lat' dir='ltr'><strong>auia</strong></span> <span class='ocrx_word' id='word_1_350' title='bbox 1286 3098 1344 3169; x_wconf 80' lang='lat' dir='ltr'><strong>inse</strong></span> <span class='ocrx_word' id='word_1_351' title='bbox 1365 3098 1445 3169; x_wconf 73' lang='lat' dir='ltr'><strong>euasi</strong></span> <span class='ocrx_word' id='word_1_352' title='bbox 1472 3096 1601 3170; x_wconf 73' lang='lat' dir='ltr'><strong>uriacens</strong></span> <span class='ocrx_word' id='word_1_353' title='bbox 1624 3097 1653 3155; x_wconf 81' lang='lat' dir='ltr'><strong>n</strong></span> <span class='ocrx_word' id='word_1_354' title='bbox 1676 3098 1725 3155; x_wconf 74' lang='lat'>1¹¹⁰</span> <span class='ocrx_word' id='word_1_355' title='bbox 1748 3099 1855 3170; x_wconf 79' lang='lat' dir='ltr'><strong>muulu</strong></span> 
     </span>
     <span class='ocr_line' id='line_1_29' title="bbox 213 3188 1856 3268; baseline 0 -18"><span class='ocrx_word' id='word_1_356' title='bbox 213 3195 296 3250; x_wconf 86' lang='lat' dir='ltr'><strong>stiaui</strong></span> <span class='ocrx_word' id='word_1_357' title='bbox 320 3194 382 3252; x_wconf 85' lang='lat' dir='ltr'><strong>ideo</strong></span> <span class='ocrx_word' id='word_1_358' title='bbox 404 3195 599 3252; x_wconf 78' lang='lat' dir='ltr'><strong>exterminium</strong></span> <span class='ocrx_word' id='word_1_359' title='bbox 631 3207 788 3265; x_wconf 88' lang='lat' dir='ltr'><strong>eraserunt,</strong></span> <span class='ocrx_word' id='word_1_360' title='bbox 826 3195 891 3268; x_wconf 93' lang='lat' dir='ltr'><strong>quia</strong></span> <span class='ocrx_word' id='word_1_361' title='bbox 924 3195 1005 3252; x_wconf 87' lang='lat' dir='ltr'><strong>iidem</strong></span> <span class='ocrx_word' id='word_1_362' title='bbox 1059 3190 1265 3263; x_wconf 86' lang='lat' dir='ltr'><strong>luisselegitur,</strong></span> <span class='ocrx_word' id='word_1_363' title='bbox 1279 3198 1307 3246; x_wconf 89' lang='lat' dir='ltr'><strong>et</strong></span> <span class='ocrx_word' id='word_1_364' title='bbox 1322 3204 1373 3261; x_wconf 87' lang='lat' dir='ltr'><strong>pro</strong></span> <span class='ocrx_word' id='word_1_365' title='bbox 1391 3188 1596 3262; x_wconf 74' lang='lat' dir='ltr'><strong>significatione</strong></span> <span class='ocrx_word' id='word_1_366' title='bbox 1617 3189 1700 3246; x_wconf 83' lang='lat' dir='ltr'><strong>etiam</strong></span> <span class='ocrx_word' id='word_1_367' title='bbox 1726 3192 1856 3262; x_wconf 84' lang='lat' dir='ltr'><strong>ponitur.</strong></span> 
     </span>
     <span class='ocr_line' id='line_1_30' title="bbox 212 3275 1628 3362; baseline 0 -17"><span class='ocrx_word' id='word_1_368' title='bbox 212 3288 316 3345; x_wconf 86' lang='lat' dir='ltr'><strong>Christi</strong></span> <span class='ocrx_word' id='word_1_369' title='bbox 344 3298 518 3362; x_wconf 86' lang='lat' dir='ltr'><strong>receperunt.</strong></span> <span class='ocrx_word' id='word_1_370' title='bbox 542 3289 666 3360; x_wconf 83' lang='lat' dir='ltr'><strong>Denique</strong></span> <span class='ocrx_word' id='word_1_371' title='bbox 694 3290 748 3345; x_wconf 89' lang='lat' dir='ltr'><strong>hoc</strong></span> <span class='ocrx_word' id='word_1_372' title='bbox 773 3289 954 3343; x_wconf 84' lang='lat' dir='ltr'><strong>testimenium</strong></span> <span class='ocrx_word' id='word_1_373' title='bbox 974 3296 1009 3344; x_wconf 89' lang='lat' dir='ltr'><strong>et</strong></span> <span class='ocrx_word' id='word_1_374' title='bbox 1059 3275 1194 3349; x_wconf 64' lang='lat' dir='ltr'><strong>Quieedei</strong></span> <span class='ocrx_word' id='word_1_375' title='bbox 1209 3296 1287 3351; x_wconf 69' lang='lat' dir='ltr'><strong>ethii·</strong></span> <span class='ocrx_word' id='word_1_376' title='bbox 1299 3278 1628 3350; x_wconf 61' lang='lat' dir='ltr'><strong>tieffliimrmuitiltiiiii</strong></span> 
     </span>
     <span class='ocr_line' id='line_1_31' title="bbox 212 3374 1852 3450; baseline 0 -16"><span class='ocrx_word' id='word_1_377' title='bbox 212 3379 354 3435; x_wconf 81' lang='lat' dir='ltr'><strong>christum</strong></span> <span class='ocrx_word' id='word_1_378' title='bbox 370 3392 397 3437; x_wconf 90' lang='lat' dir='ltr'><strong>et</strong></span> <span class='ocrx_word' id='word_1_379' title='bbox 415 3384 522 3437; x_wconf 83' lang='lat' dir='ltr'><strong>vineam</strong></span> <span class='ocrx_word' id='word_1_380' title='bbox 553 3377 709 3447; x_wconf 80' lang='lat' dir='ltr'><strong>confltetur,</strong></span> <span class='ocrx_word' id='word_1_381' title='bbox 735 3381 853 3437; x_wconf 85' lang='lat' dir='ltr'><strong>honest</strong></span> <span class='ocrx_word' id='word_1_382' title='bbox 877 3387 1009 3450; x_wconf 82' lang='lat' dir='ltr'><strong>caputet</strong></span> <span class='ocrx_word' id='word_1_383' title='bbox 1095 3376 1179 3433; x_wconf 80' lang='lat' dir='ltr'><strong>Vens.</strong></span> <span class='ocrx_word' id='word_1_384' title='bbox 1193 3376 1223 3431; x_wconf 69' lang='grc' dir='ltr'><strong>ὅ.</strong></span> <span class='ocrx_word' id='word_1_385' title='bbox 1240 3374 1338 3432; x_wconf 80' lang='lat' dir='ltr'><strong>Coram</strong></span> <span class='ocrx_word' id='word_1_386' title='bbox 1352 3374 1493 3446; x_wconf 80' lang='lat' dir='ltr'><strong>Ephraim,</strong></span> <span class='ocrx_word' id='word_1_387' title='bbox 1505 3375 1657 3445; x_wconf 78' lang='lat' dir='ltr'><strong>Berrjamin,</strong></span> <span class='ocrx_word' id='word_1_388' title='bbox 1676 3384 1701 3431; x_wconf 79' lang='lat' dir='ltr'><strong>rt</strong></span> <span class='ocrx_word' id='word_1_389' title='bbox 1713 3374 1852 3434; x_wconf 71' lang='lat' dir='ltr'><strong>hamme.</strong></span> 
     </span>
     <span class='ocr_line' id='line_1_32' title="bbox 213 3466 1855 3545; baseline -0.001 -19"><span class='ocrx_word' id='word_1_390' title='bbox 213 3486 325 3541; x_wconf 89' lang='lat' dir='ltr'><strong>corpus,</strong></span> <span class='ocrx_word' id='word_1_391' title='bbox 337 3487 430 3544; x_wconf 88' lang='lat' dir='ltr'><strong>regem</strong></span> <span class='ocrx_word' id='word_1_392' title='bbox 451 3481 479 3528; x_wconf 91' lang='lat' dir='ltr'><strong>et</strong></span> <span class='ocrx_word' id='word_1_393' title='bbox 498 3472 616 3545; x_wconf 84' lang='lat' dir='ltr'><strong>plebem,</strong></span> <span class='ocrx_word' id='word_1_394' title='bbox 633 3483 772 3544; x_wconf 83' lang='lat' dir='ltr'><strong>pastorem</strong></span> <span class='ocrx_word' id='word_1_395' title='bbox 792 3479 821 3529; x_wconf 92' lang='lat' dir='ltr'><strong>et</strong></span> <span class='ocrx_word' id='word_1_396' title='bbox 842 3486 964 3544; x_wconf 81' lang='lat' dir='ltr'><strong>gregem,</strong></span> <span class='ocrx_word' id='word_1_397' title='bbox 980 3479 1008 3528; x_wconf 90' lang='lat' dir='ltr'><strong>et</strong></span> <span class='ocrx_word' id='word_1_398' title='bbox 1058 3468 1199 3525; x_wconf 74' lang='lat' dir='ltr'><strong>Cherubim</strong></span> <span class='ocrx_word' id='word_1_399' title='bbox 1209 3475 1237 3524; x_wconf 91' lang='lat' dir='ltr'><strong>et</strong></span> <span class='ocrx_word' id='word_1_400' title='bbox 1252 3467 1390 3538; x_wconf 89' lang='lat' dir='ltr'><strong>seraphim</strong></span> <span class='ocrx_word' id='word_1_401' title='bbox 1409 3475 1475 3523; x_wconf 91' lang='lat' dir='ltr'><strong>suot</strong></span> <span class='ocrx_word' id='word_1_402' title='bbox 1486 3466 1588 3523; x_wconf 87' lang='lat' dir='ltr'><strong>sommi</strong></span> <span class='ocrx_word' id='word_1_403' title='bbox 1602 3467 1714 3524; x_wconf 81' lang='lat' dir='ltr'><strong>ordines</strong></span> <span class='ocrx_word' id='word_1_404' title='bbox 1738 3468 1855 3540; x_wconf 87' lang='lat' dir='ltr'><strong>angelo·</strong></span> 
     </span>
     <span class='ocr_line' id='line_1_33' title="bbox 212 3556 1937 3638; baseline -0.002 -21"><span class='ocrx_word' id='word_1_405' title='bbox 212 3569 302 3618; x_wconf 90' lang='lat' dir='ltr'><strong>totum</strong></span> <span class='ocrx_word' id='word_1_406' title='bbox 315 3564 440 3620; x_wconf 89' lang='lat' dir='ltr'><strong>omnium</strong></span> <span class='ocrx_word' id='word_1_407' title='bbox 459 3563 665 3638; x_wconf 73' lang='lat' dir='ltr'><strong>scripturarum</strong></span> <span class='ocrx_word' id='word_1_408' title='bbox 681 3563 855 3638; x_wconf 80' lang='lat' dir='ltr'><strong>mysterium.</strong></span> <span class='ocrx_word' id='word_1_409' title='bbox 1058 3576 1131 3615; x_wconf 89' lang='lat' dir='ltr'><strong>rum.</strong></span> <span class='ocrx_word' id='word_1_410' title='bbox 1147 3558 1233 3631; x_wconf 85' lang='lat' dir='ltr'><strong>Super</strong></span> <span class='ocrx_word' id='word_1_411' title='bbox 1243 3558 1376 3613; x_wconf 78' lang='lat' dir='ltr'><strong>enemim</strong></span> <span class='ocrx_word' id='word_1_412' title='bbox 1388 3556 1517 3614; x_wconf 83' lang='lat' dir='ltr'><strong>Christus</strong></span> <span class='ocrx_word' id='word_1_413' title='bbox 1530 3557 1616 3626; x_wconf 85' lang='lat' dir='ltr'><strong>sedet,</strong></span> <span class='ocrx_word' id='word_1_414' title='bbox 1628 3557 1677 3629; x_wconf 91' lang='lat' dir='ltr'><strong>qui</strong></span> <span class='ocrx_word' id='word_1_415' title='bbox 1691 3572 1775 3629; x_wconf 91' lang='lat' dir='ltr'><strong>super</strong></span> <span class='ocrx_word' id='word_1_416' title='bbox 1788 3574 1855 3613; x_wconf 88' lang='lat' dir='ltr'><strong>om-</strong></span> <span class='ocrx_word' id='word_1_417' title='bbox 1936 3603 1937 3614; x_wconf 67' lang='grc'>,</span> 
     </span>
    </p>

    <p class='ocr_par' dir='ltr' id='par_1_9' title="bbox 248 3651 1854 3731">
     <span class='ocr_line' id='line_1_34' title="bbox 248 3651 1854 3731; baseline -0.002 -23"><span class='ocrx_word' id='word_1_418' title='bbox 248 3651 362 3713; x_wconf 88' lang='lat' dir='ltr'><strong>liateria</strong></span> <span class='ocrx_word' id='word_1_419' title='bbox 381 3656 480 3728; x_wconf 86' lang='lat' dir='ltr'><strong>psalmi</strong></span> <span class='ocrx_word' id='word_1_420' title='bbox 503 3667 546 3715; x_wconf 92' lang='lat' dir='ltr'><strong>est</strong></span> <span class='ocrx_word' id='word_1_421' title='bbox 572 3658 662 3714; x_wconf 86' lang='lat' dir='ltr'><strong>oratio</strong></span> <span class='ocrx_word' id='word_1_422' title='bbox 683 3658 771 3714; x_wconf 88' lang='lat' dir='ltr'><strong>tidelis</strong></span> <span class='ocrx_word' id='word_1_423' title='bbox 786 3655 939 3729; x_wconf 80' lang='lat' dir='ltr'><strong>Synagogae</strong></span> <span class='ocrx_word' id='word_1_424' title='bbox 955 3670 1007 3727; x_wconf 91' lang='lat' dir='ltr'><strong>pro</strong></span> <span class='ocrx_word' id='word_1_425' title='bbox 1025 3721 1032 3731; x_wconf 89' lang='lat'><strong>.</strong></span> <span class='ocrx_word' id='word_1_426' title='bbox 1058 3666 1120 3708; x_wconf 87' lang='lat' dir='ltr'><strong>nem</strong></span> <span class='ocrx_word' id='word_1_427' title='bbox 1133 3651 1317 3722; x_wconf 87' lang='lat' dir='ltr'><strong>principatum</strong></span> <span class='ocrx_word' id='word_1_428' title='bbox 1327 3656 1355 3704; x_wconf 91' lang='lat' dir='ltr'><strong>et</strong></span> <span class='ocrx_word' id='word_1_429' title='bbox 1367 3656 1540 3719; x_wconf 88' lang='lat' dir='ltr'><strong>potestatem,</strong></span> <span class='ocrx_word' id='word_1_430' title='bbox 1556 3656 1583 3705; x_wconf 90' lang='lat' dir='ltr'><strong>et</strong></span> <span class='ocrx_word' id='word_1_431' title='bbox 1596 3663 1681 3720; x_wconf 87' lang='lat' dir='ltr'><strong>supra</strong></span> <span class='ocrx_word' id='word_1_432' title='bbox 1693 3664 1776 3705; x_wconf 91' lang='lat' dir='ltr'><strong>omne</strong></span> <span class='ocrx_word' id='word_1_433' title='bbox 1800 3665 1854 3705; x_wconf 90' lang='lat' dir='ltr'><strong>no-</strong></span> 
     </span>
    </p>
   </div>
   <div class='ocr_carea' id='block_1_9' title="bbox 101 3739 1855 3818">
    <p class='ocr_par' dir='ltr' id='par_1_10' title="bbox 101 3739 1855 3818">
     <span class='ocr_line' id='line_1_35' title="bbox 101 3739 1855 3818; baseline -0.001 -19"><span class='ocrx_word' id='word_1_434' title='bbox 101 3754 103 3756; x_wconf 79' lang='grc'><strong>’</strong></span> <span class='ocrx_word' id='word_1_435' title='bbox 212 3741 316 3801; x_wconf 82' lang='lat' dir='ltr'><strong>Christi</strong></span> <span class='ocrx_word' id='word_1_436' title='bbox 337 3745 467 3815; x_wconf 84' lang='lat' dir='ltr'><strong>adventu,</strong></span> <span class='ocrx_word' id='word_1_437' title='bbox 492 3756 520 3805; x_wconf 87' lang='lat' dir='ltr'><strong>et</strong></span> <span class='ocrx_word' id='word_1_438' title='bbox 538 3747 670 3805; x_wconf 77' lang='lat' dir='ltr'><strong>Ecclesia</strong></span> <span class='ocrx_word' id='word_1_439' title='bbox 693 3746 783 3803; x_wconf 88' lang='lat' dir='ltr'><strong>oratio</strong></span> <span class='ocrx_word' id='word_1_440' title='bbox 799 3760 849 3818; x_wconf 88' lang='lat' dir='ltr'><strong>pro</strong></span> <span class='ocrx_word' id='word_1_441' title='bbox 874 3746 935 3817; x_wconf 80' lang='lat' dir='ltr'><strong>ejus</strong></span> <span class='ocrx_word' id='word_1_442' title='bbox 958 3746 1007 3801; x_wconf 88' lang='lat' dir='ltr'><strong>ad·</strong></span> <span class='ocrx_word' id='word_1_443' title='bbox 1057 3760 1132 3812; x_wconf 90' lang='lat' dir='ltr'><strong>men,</strong></span> <span class='ocrx_word' id='word_1_444' title='bbox 1147 3743 1261 3815; x_wconf 90' lang='lat' dir='ltr'><strong>qnodiu</strong></span> <span class='ocrx_word' id='word_1_445' title='bbox 1273 3740 1444 3799; x_wconf 81' lang='lat' dir='ltr'><strong>coelisrelin</strong></span> <span class='ocrx_word' id='word_1_446' title='bbox 1459 3741 1541 3797; x_wconf 86' lang='lat' dir='ltr'><strong>terris</strong></span> <span class='ocrx_word' id='word_1_447' title='bbox 1556 3740 1724 3808; x_wconf 89' lang='lat' dir='ltr'><strong>nominatur,</strong></span> <span class='ocrx_word' id='word_1_448' title='bbox 1742 3739 1855 3797; x_wconf 78' lang='lat' dir='ltr'><strong>index-</strong></span> 
     </span>
    </p>
   </div>
   <div class='ocr_carea' id='block_1_10' title="bbox 132 3828 1937 5372">
    <p class='ocr_par' dir='ltr' id='par_1_11' title="bbox 132 3828 1937 5372">
     <span class='ocr_line' id='line_1_36' title="bbox 212 3828 1853 3902; baseline -0.001 -16"><span class='ocrx_word' id='word_1_449' title='bbox 212 3844 296 3889; x_wconf 80' lang='lat' dir='ltr'><strong>reeto</strong></span> <span class='ocrx_word' id='word_1_450' title='bbox 325 3832 458 3891; x_wconf 87' lang='lat' dir='ltr'><strong>seeundo.</strong></span> <span class='ocrx_word' id='word_1_451' title='bbox 491 3833 608 3893; x_wconf 89' lang='lat' dir='ltr'><strong>intentio</strong></span> <span class='ocrx_word' id='word_1_452' title='bbox 634 3831 852 3901; x_wconf 83' lang='lat' dir='ltr'><strong>est,·ut1teom</strong></span> <span class='ocrx_word' id='word_1_453' title='bbox 883 3845 1006 3899; x_wconf 84' lang='lat' dir='ltr'><strong>oremus,</strong></span> <span class='ocrx_word' id='word_1_454' title='bbox 1057 3843 1116 3891; x_wconf 87' lang='lat' dir='ltr'><strong>tera</strong></span> <span class='ocrx_word' id='word_1_455' title='bbox 1128 3832 1218 3889; x_wconf 84' lang='lat' dir='ltr'><strong>Patris</strong></span> <span class='ocrx_word' id='word_1_456' title='bbox 1236 3831 1385 3890; x_wconf 81' lang='lat' dir='ltr'><strong>exaltatur.</strong></span> <span class='ocrx_word' id='word_1_457' title='bbox 1402 3828 1544 3886; x_wconf 79' lang='lat' dir='ltr'><strong>cherethim</strong></span> <span class='ocrx_word' id='word_1_458' title='bbox 1570 3830 1767 3902; x_wconf 87' lang='lat' dir='ltr'><strong>interpretetur</strong></span> <span class='ocrx_word' id='word_1_459' title='bbox 1790 3830 1853 3901; x_wconf 81' lang='lat' dir='ltr'><strong>pie·</strong></span> 
     </span>
     <span class='ocr_line' id='line_1_37' title="bbox 213 3920 1852 3997; baseline -0.001 -17"><span class='ocrx_word' id='word_1_460' title='bbox 213 3932 350 3994; x_wconf 90' lang='lat' dir='ltr'><strong>quatenus</strong></span> <span class='ocrx_word' id='word_1_461' title='bbox 365 3941 417 3983; x_wconf 90' lang='lat' dir='ltr'><strong>nos</strong></span> <span class='ocrx_word' id='word_1_462' title='bbox 431 3925 478 3984; x_wconf 91' lang='lat' dir='ltr'><strong>hic</strong></span> <span class='ocrx_word' id='word_1_463' title='bbox 492 3935 647 3994; x_wconf 90' lang='lat' dir='ltr'><strong>convertat,</strong></span> <span class='ocrx_word' id='word_1_464' title='bbox 664 3933 693 3983; x_wconf 90' lang='lat' dir='ltr'><strong>et</strong></span> <span class='ocrx_word' id='word_1_465' title='bbox 706 3924 874 3997; x_wconf 88' lang='lat' dir='ltr'><strong>quandoque</strong></span> <span class='ocrx_word' id='word_1_466' title='bbox 889 3921 960 3979; x_wconf 87' lang='lat' dir='ltr'><strong>lacie</strong></span> <span class='ocrx_word' id='word_1_467' title='bbox 971 3921 1005 3979; x_wconf 88' lang='lat' dir='ltr'><strong>ad</strong></span> <span class='ocrx_word' id='word_1_468' title='bbox 1057 3925 1150 3981; x_wconf 87' lang='lat' dir='ltr'><strong>nitado</strong></span> <span class='ocrx_word' id='word_1_469' title='bbox 1171 3924 1307 3989; x_wconf 61' lang='lat' dir='ltr'><strong>scientim</strong></span> <span class='ocrx_word' id='word_1_470' title='bbox 1321 3921 1460 3994; x_wconf 80' lang='lat' dir='ltr'><strong>Ephraim,</strong></span> <span class='ocrx_word' id='word_1_471' title='bbox 1489 3922 1662 3993; x_wconf 73' lang='lat' dir='ltr'><strong>fructificatio</strong></span> <span class='ocrx_word' id='word_1_472' title='bbox 1673 3938 1683 3987; x_wconf 93' lang='lat'><strong>,·</strong></span> <span class='ocrx_word' id='word_1_473' title='bbox 1694 3920 1852 3991; x_wconf 74' lang='lat' dir='ltr'><strong>Beniamin,</strong></span> 
     </span>
     <span class='ocr_line' id='line_1_38' title="bbox 211 4011 1853 4092; baseline 0.002 -23"><span class='ocrx_word' id='word_1_474' title='bbox 211 4012 322 4083; x_wconf 83' lang='lat' dir='ltr'><strong>laniem,</strong></span> <span class='ocrx_word' id='word_1_475' title='bbox 344 4014 427 4073; x_wconf 90' lang='lat' dir='ltr'><strong>sicuti</strong></span> <span class='ocrx_word' id='word_1_476' title='bbox 442 4025 486 4073; x_wconf 90' lang='lat' dir='ltr'><strong>est</strong></span> <span class='ocrx_word' id='word_1_477' title='bbox 508 4015 607 4073; x_wconf 87' lang='lat' dir='ltr'><strong>laciem</strong></span> <span class='ocrx_word' id='word_1_478' title='bbox 632 4032 712 4075; x_wconf 85' lang='lat' dir='ltr'><strong>suam</strong></span> <span class='ocrx_word' id='word_1_479' title='bbox 728 4015 808 4072; x_wconf 84' lang='lat' dir='ltr'><strong>nohis</strong></span> <span class='ocrx_word' id='word_1_480' title='bbox 823 4015 959 4072; x_wconf 84' lang='lat' dir='ltr'><strong>ostendat.</strong></span> <span class='ocrx_word' id='word_1_481' title='bbox 976 4011 1006 4070; x_wconf 90' lang='lat' dir='ltr'><strong>in</strong></span> <span class='ocrx_word' id='word_1_482' title='bbox 1056 4019 1130 4092; x_wconf 73' lang='lat' dir='ltr'><strong>filim</strong></span> <span class='ocrx_word' id='word_1_483' title='bbox 1143 4019 1278 4083; x_wconf 71' lang='lat' dir='ltr'><strong>dexterior</strong></span> <span class='ocrx_word' id='word_1_484' title='bbox 1293 4015 1440 4086; x_wconf 80' lang='lat' dir='ltr'><strong>ldanarser,</strong></span> <span class='ocrx_word' id='word_1_485' title='bbox 1464 4017 1571 4072; x_wconf 86' lang='lat' dir='ltr'><strong>ollioia.</strong></span> <span class='ocrx_word' id='word_1_486' title='bbox 1587 4015 1651 4072; x_wconf 83' lang='lat' dir='ltr'><strong>iiaec</strong></span> <span class='ocrx_word' id='word_1_487' title='bbox 1671 4015 1764 4072; x_wconf 91' lang='lat' dir='ltr'><strong>omnia</strong></span> <span class='ocrx_word' id='word_1_488' title='bbox 1787 4024 1853 4072; x_wconf 83' lang='lat' dir='ltr'><strong>tan-</strong></span> 
     </span>
     <span class='ocr_line' id='line_1_39' title="bbox 132 4096 1937 4184; baseline -0.006 -8"><span class='ocrx_word' id='word_1_489' title='bbox 132 4164 140 4178; x_wconf 76' lang='lat'><strong>.</strong></span> <span class='ocrx_word' id='word_1_490' title='bbox 211 4106 265 4163; x_wconf 67' lang='lat'><strong>¹¹5²</strong></span> <span class='ocrx_word' id='word_1_491' title='bbox 280 4108 634 4184; x_wconf 57' lang='lat' dir='ltr'><strong>miluiniuiisynikott</strong></span> <span class='ocrx_word' id='word_1_492' title='bbox 650 4110 841 4167; x_wconf 67' lang='lat' dir='ltr'><strong>lerdesiruclt</strong></span> <span class='ocrx_word' id='word_1_493' title='bbox 865 4116 1005 4176; x_wconf 66' lang='lat' dir='ltr'><strong>nutritur,</strong></span> <span class='ocrx_word' id='word_1_494' title='bbox 1057 4126 1115 4170; x_wconf 89' lang='lat' dir='ltr'><strong>tum</strong></span> <span class='ocrx_word' id='word_1_495' title='bbox 1144 4112 1233 4182; x_wconf 89' lang='lat' dir='ltr'><strong>posita</strong></span> <span class='ocrx_word' id='word_1_496' title='bbox 1259 4118 1325 4166; x_wconf 88' lang='lat' dir='ltr'><strong>sunt</strong></span> <span class='ocrx_word' id='word_1_497' title='bbox 1344 4117 1456 4180; x_wconf 90' lang='lat' dir='ltr'><strong>propter</strong></span> <span class='ocrx_word' id='word_1_498' title='bbox 1476 4096 1713 4179; x_wconf 75' lang='lat' dir='ltr'><strong>significationem.</strong></span> <span class='ocrx_word' id='word_1_499' title='bbox 1726 4106 1854 4166; x_wconf 78' lang='lat' dir='ltr'><strong>Perhaec</strong></span> <span class='ocrx_word' id='word_1_500' title='bbox 1936 4177 1937 4184; x_wconf 8' lang='grc' dir='ltr'>ἵ</span> 
     </span>
     <span class='ocr_line' id='line_1_40' title="bbox 211 4181 1853 4283; baseline 0.002 -32"><span class='ocrx_word' id='word_1_501' title='bbox 211 4194 413 4269; x_wconf 79' lang='lat' dir='ltr'><strong>aBahyloniis,</strong></span> <span class='ocrx_word' id='word_1_502' title='bbox 436 4213 453 4252; x_wconf 89' lang='lat' dir='ltr'><strong>a</strong></span> <span class='ocrx_word' id='word_1_503' title='bbox 469 4196 585 4268; x_wconf 72' lang='lat' dir='ltr'><strong>Grecis,</strong></span> <span class='ocrx_word' id='word_1_504' title='bbox 613 4214 629 4254; x_wconf 87' lang='lat' dir='ltr'><strong>a</strong></span> <span class='ocrx_word' id='word_1_505' title='bbox 653 4181 797 4255; x_wconf 71' lang='lat' dir='ltr'><strong>Romanis.</strong></span> <span class='ocrx_word' id='word_1_506' title='bbox 823 4197 916 4254; x_wconf 89' lang='lat' dir='ltr'><strong>Prima</strong></span> <span class='ocrx_word' id='word_1_507' title='bbox 940 4209 1006 4269; x_wconf 83' lang='lat' dir='ltr'><strong>part</strong></span> <span class='ocrx_word' id='word_1_508' title='bbox 1056 4206 1130 4262; x_wconf 90' lang='lat' dir='ltr'><strong>enim</strong></span> <span class='ocrx_word' id='word_1_509' title='bbox 1144 4211 1201 4261; x_wconf 89' lang='lat' dir='ltr'><strong>tres</strong></span> <span class='ocrx_word' id='word_1_510' title='bbox 1213 4202 1324 4259; x_wconf 86' lang='lat' dir='ltr'><strong>ordines</strong></span> <span class='ocrx_word' id='word_1_511' title='bbox 1336 4201 1466 4259; x_wconf 73' lang='lat' dir='ltr'><strong>Ecclesia</strong></span> <span class='ocrx_word' id='word_1_512' title='bbox 1478 4203 1667 4275; x_wconf 78' lang='lat' dir='ltr'><strong>designantur.</strong></span> <span class='ocrx_word' id='word_1_513' title='bbox 1674 4199 1728 4283; x_wconf 82' lang='lat' dir='ltr'><strong>Per</strong></span> <span class='ocrx_word' id='word_1_514' title='bbox 1742 4198 1853 4272; x_wconf 72' lang='lat' dir='ltr'><strong>Ephra-</strong></span> 
     </span>
     <span class='ocr_line' id='line_1_41' title="bbox 210 4284 1854 4363; baseline -0.001 -12"><span class='ocrx_word' id='word_1_515' title='bbox 210 4294 254 4358; x_wconf 77' lang='lat' dir='ltr'><strong>0⁸i</strong></span> <span class='ocrx_word' id='word_1_516' title='bbox 265 4304 273 4341; x_wconf 71' lang='grc' dir='ltr'><em>τ</em></span> <span class='ocrx_word' id='word_1_517' title='bbox 286 4284 339 4351; x_wconf 63' lang='lat' dir='ltr'><strong>Qui</strong></span> <span class='ocrx_word' id='word_1_518' title='bbox 351 4287 419 4358; x_wconf 72' lang='lat' dir='ltr'><strong>regia</strong></span> <span class='ocrx_word' id='word_1_519' title='bbox 432 4285 529 4357; x_wconf 83' lang='lat' dir='ltr'><strong>lsrael,</strong></span> <span class='ocrx_word' id='word_1_520' title='bbox 544 4288 572 4346; x_wconf 82' lang='lat' dir='ltr'><strong>ia</strong></span> <span class='ocrx_word' id='word_1_521' title='bbox 589 4305 643 4361; x_wconf 90' lang='lat' dir='ltr'><strong>qua</strong></span> <span class='ocrx_word' id='word_1_522' title='bbox 667 4289 770 4345; x_wconf 82' lang='lat' dir='ltr'><strong>Christi</strong></span> <span class='ocrx_word' id='word_1_523' title='bbox 785 4288 891 4360; x_wconf 90' lang='lat' dir='ltr'><strong>primus</strong></span> <span class='ocrx_word' id='word_1_524' title='bbox 912 4294 941 4343; x_wconf 88' lang='lat' dir='ltr'><strong>et</strong></span> <span class='ocrx_word' id='word_1_525' title='bbox 961 4303 1006 4344; x_wconf 88' lang='lat' dir='ltr'><strong>se·</strong></span> <span class='ocrx_word' id='word_1_526' title='bbox 1056 4297 1094 4350; x_wconf 86' lang='lat' dir='ltr'><strong>im</strong></span> <span class='ocrx_word' id='word_1_527' title='bbox 1114 4295 1321 4351; x_wconf 88' lang='lat' dir='ltr'><strong>doctoresaiios</strong></span> <span class='ocrx_word' id='word_1_528' title='bbox 1338 4294 1365 4349; x_wconf 89' lang='lat' dir='ltr'><strong>in</strong></span> <span class='ocrx_word' id='word_1_529' title='bbox 1386 4293 1439 4351; x_wconf 91' lang='lat' dir='ltr'><strong>ilde</strong></span> <span class='ocrx_word' id='word_1_530' title='bbox 1460 4294 1668 4351; x_wconf 87' lang='lat' dir='ltr'><strong>lructillcautcs.</strong></span> <span class='ocrx_word' id='word_1_531' title='bbox 1686 4292 1738 4349; x_wconf 84' lang='lat' dir='ltr'><strong>Per</strong></span> <span class='ocrx_word' id='word_1_532' title='bbox 1751 4292 1854 4363; x_wconf 75' lang='lat' dir='ltr'><strong>Berric-</strong></span> 
     </span>
     <span class='ocr_line' id='line_1_42' title="bbox 211 4375 1851 4458; baseline 0.001 -19"><span class='ocrx_word' id='word_1_533' title='bbox 211 4375 320 4432; x_wconf 80' lang='lat' dir='ltr'><strong>euudus</strong></span> <span class='ocrx_word' id='word_1_534' title='bbox 330 4378 465 4435; x_wconf 81' lang='lat' dir='ltr'><strong>adventus</strong></span> <span class='ocrx_word' id='word_1_535' title='bbox 480 4387 601 4449; x_wconf 82' lang='lat' dir='ltr'><strong>optatur.</strong></span> <span class='ocrx_word' id='word_1_536' title='bbox 617 4377 744 4434; x_wconf 62' lang='lat' dir='ltr'><strong>mennon</strong></span> <span class='ocrx_word' id='word_1_537' title='bbox 762 4389 806 4434; x_wconf 83' lang='lat' dir='ltr'><strong>est</strong></span> <span class='ocrx_word' id='word_1_538' title='bbox 821 4395 828 4431; x_wconf 77' lang='grc' dir='ltr'><strong>ε</strong></span> <span class='ocrx_word' id='word_1_539' title='bbox 846 4377 956 4433; x_wconf 83' lang='lat' dir='ltr'><strong>Vineam</strong></span> <span class='ocrx_word' id='word_1_540' title='bbox 969 4377 1003 4432; x_wconf 82' lang='lat' dir='ltr'><strong>de</strong></span> <span class='ocrx_word' id='word_1_541' title='bbox 1056 4384 1112 4439; x_wconf 81' lang='lat' dir='ltr'><strong>nin</strong></span> <span class='ocrx_word' id='word_1_542' title='bbox 1128 4384 1310 4454; x_wconf 82' lang='lat' dir='ltr'><strong>continentes,</strong></span> <span class='ocrx_word' id='word_1_543' title='bbox 1321 4386 1370 4458; x_wconf 87' lang='lat' dir='ltr'><strong>qui</strong></span> <span class='ocrx_word' id='word_1_544' title='bbox 1381 4394 1448 4443; x_wconf 84' lang='lat' dir='ltr'><strong>sunt</strong></span> <span class='ocrx_word' id='word_1_545' title='bbox 1459 4387 1648 4458; x_wconf 68' lang='lat' dir='ltr'><strong>pitinnatam,</strong></span> <span class='ocrx_word' id='word_1_546' title='bbox 1660 4384 1686 4442; x_wconf 85' lang='lat' dir='ltr'><strong>io</strong></span> <span class='ocrx_word' id='word_1_547' title='bbox 1699 4393 1742 4442; x_wconf 83' lang='lat' dir='ltr'><strong>est</strong></span> <span class='ocrx_word' id='word_1_548' title='bbox 1753 4384 1851 4441; x_wconf 76' lang='lat' dir='ltr'><strong>imita·</strong></span> 
     </span>
     <span class='ocr_line' id='line_1_43' title="bbox 211 4464 1853 4550; baseline 0.001 -19"><span class='ocrx_word' id='word_1_549' title='bbox 211 4464 343 4539; x_wconf 77' lang='lat' dir='ltr'><strong>AEggpto,</strong></span> <span class='ocrx_word' id='word_1_550' title='bbox 356 4469 384 4524; x_wconf 84' lang='lat' dir='ltr'><strong>in</strong></span> <span class='ocrx_word' id='word_1_551' title='bbox 397 4485 451 4541; x_wconf 75' lang='lat' dir='ltr'><strong>que</strong></span> <span class='ocrx_word' id='word_1_552' title='bbox 466 4468 596 4527; x_wconf 74' lang='lat' dir='ltr'><strong>Ecclesiae</strong></span> <span class='ocrx_word' id='word_1_553' title='bbox 607 4469 732 4525; x_wconf 73' lang='lat' dir='ltr'><strong>dilatatio</strong></span> <span class='ocrx_word' id='word_1_554' title='bbox 744 4479 923 4525; x_wconf 89' lang='lat' dir='ltr'><strong>memoratur.</strong></span> <span class='ocrx_word' id='word_1_555' title='bbox 937 4467 1004 4523; x_wconf 76' lang='lat' dir='ltr'><strong>Ter·</strong></span> <span class='ocrx_word' id='word_1_556' title='bbox 1020 4492 1043 4548; x_wconf 83' lang='lat' dir='ltr'><strong>p</strong></span> <span class='ocrx_word' id='word_1_557' title='bbox 1058 4482 1131 4532; x_wconf 90' lang='lat' dir='ltr'><strong>tores</strong></span> <span class='ocrx_word' id='word_1_558' title='bbox 1151 4474 1253 4531; x_wconf 84' lang='lat' dir='ltr'><strong>Christi</strong></span> <span class='ocrx_word' id='word_1_559' title='bbox 1269 4476 1304 4533; x_wconf 88' lang='lat' dir='ltr'><strong>ad</strong></span> <span class='ocrx_word' id='word_1_560' title='bbox 1318 4475 1460 4535; x_wconf 82' lang='lat' dir='ltr'><strong>dexteram</strong></span> <span class='ocrx_word' id='word_1_561' title='bbox 1486 4478 1546 4550; x_wconf 86' lang='lat' dir='ltr'><strong>ejus</strong></span> <span class='ocrx_word' id='word_1_562' title='bbox 1574 4477 1768 4535; x_wconf 88' lang='lat' dir='ltr'><strong>constituendi.</strong></span> <span class='ocrx_word' id='word_1_563' title='bbox 1794 4474 1853 4533; x_wconf 81' lang='lat' dir='ltr'><strong>Pet·</strong></span> 
     </span>
     <span class='ocr_line' id='line_1_44' title="bbox 211 4559 1853 4643; baseline 0.007 -31"><span class='ocrx_word' id='word_1_564' title='bbox 211 4560 321 4618; x_wconf 86' lang='lat' dir='ltr'><strong>tiaest:</strong></span> <span class='ocrx_word' id='word_1_565' title='bbox 338 4562 457 4631; x_wconf 84' lang='lat' dir='ltr'><strong>Domine,</strong></span> <span class='ocrx_word' id='word_1_566' title='bbox 468 4561 678 4618; x_wconf 65' lang='lat' dir='ltr'><strong>monantulam</strong></span> <span class='ocrx_word' id='word_1_567' title='bbox 697 4570 829 4628; x_wconf 78' lang='lat' dir='ltr'><strong>conserte,</strong></span> <span class='ocrx_word' id='word_1_568' title='bbox 841 4559 870 4616; x_wconf 88' lang='lat' dir='ltr'><strong>in</strong></span> <span class='ocrx_word' id='word_1_569' title='bbox 884 4575 938 4631; x_wconf 88' lang='lat' dir='ltr'><strong>qua</strong></span> <span class='ocrx_word' id='word_1_570' title='bbox 953 4559 1005 4616; x_wconf 78' lang='lat' dir='ltr'><strong>Bc·</strong></span> <span class='ocrx_word' id='word_1_571' title='bbox 1058 4567 1201 4623; x_wconf 76' lang='lat' dir='ltr'><strong>Manassen</strong></span> <span class='ocrx_word' id='word_1_572' title='bbox 1225 4569 1377 4641; x_wconf 82' lang='lat' dir='ltr'><strong>conjugati,</strong></span> <span class='ocrx_word' id='word_1_573' title='bbox 1392 4570 1441 4643; x_wconf 92' lang='lat' dir='ltr'><strong>qui</strong></span> <span class='ocrx_word' id='word_1_574' title='bbox 1469 4585 1552 4641; x_wconf 88' lang='lat' dir='ltr'><strong>opera</strong></span> <span class='ocrx_word' id='word_1_575' title='bbox 1564 4579 1591 4627; x_wconf 85' lang='lat' dir='ltr'><strong>et</strong></span> <span class='ocrx_word' id='word_1_576' title='bbox 1610 4585 1726 4641; x_wconf 90' lang='lat' dir='ltr'><strong>pompas</strong></span> <span class='ocrx_word' id='word_1_577' title='bbox 1744 4567 1853 4628; x_wconf 87' lang='lat' dir='ltr'><strong>diaboli</strong></span> 
     </span>
     <span class='ocr_line' id='line_1_45' title="bbox 211 4647 1937 4731; baseline 0.006 -27"><span class='ocrx_word' id='word_1_578' title='bbox 211 4649 303 4708; x_wconf 79' lang='lat' dir='ltr'><strong>clesiae</strong></span> <span class='ocrx_word' id='word_1_579' title='bbox 316 4654 437 4711; x_wconf 80' lang='lat' dir='ltr'><strong>visitatio</strong></span> <span class='ocrx_word' id='word_1_580' title='bbox 449 4654 616 4726; x_wconf 86' lang='lat' dir='ltr'><strong>postulatur.</strong></span> <span class='ocrx_word' id='word_1_581' title='bbox 1057 4656 1269 4724; x_wconf 79' lang='lat' dir='ltr'><strong>obliviscuntur,</strong></span> <span class='ocrx_word' id='word_1_582' title='bbox 1282 4666 1311 4714; x_wconf 87' lang='lat' dir='ltr'><strong>et</strong></span> <span class='ocrx_word' id='word_1_583' title='bbox 1321 4656 1424 4716; x_wconf 82' lang='lat' dir='ltr'><strong>Christi</strong></span> <span class='ocrx_word' id='word_1_584' title='bbox 1435 4668 1571 4731; x_wconf 76' lang='lat' dir='ltr'><strong>praecepta</strong></span> <span class='ocrx_word' id='word_1_585' title='bbox 1589 4670 1754 4731; x_wconf 85' lang='lat' dir='ltr'><strong>sequuntur.</strong></span> <span class='ocrx_word' id='word_1_586' title='bbox 1770 4657 1851 4714; x_wconf 82' lang='lat' dir='ltr'><strong>[lici-</strong></span> <span class='ocrx_word' id='word_1_587' title='bbox 1936 4647 1937 4656; x_wconf 41' lang='lat'>¹</span> 
     </span>
     <span class='ocr_line' id='line_1_46' title="bbox 247 4740 1852 4823; baseline 0.006 -26"><span class='ocrx_word' id='word_1_588' title='bbox 247 4740 301 4799; x_wconf 88' lang='lat' dir='ltr'><strong>llic</strong></span> <span class='ocrx_word' id='word_1_589' title='bbox 311 4746 435 4815; x_wconf 86' lang='lat' dir='ltr'><strong>psalmus</strong></span> <span class='ocrx_word' id='word_1_590' title='bbox 447 4760 489 4804; x_wconf 85' lang='lat' dir='ltr'><strong>est</strong></span> <span class='ocrx_word' id='word_1_591' title='bbox 504 4749 532 4803; x_wconf 92' lang='lat' dir='ltr'><strong>in</strong></span> <span class='ocrx_word' id='word_1_592' title='bbox 544 4748 641 4805; x_wconf 88' lang='lat' dir='ltr'><strong>ordine</strong></span> <span class='ocrx_word' id='word_1_593' title='bbox 664 4745 884 4818; x_wconf 84' lang='lat' dir='ltr'><strong>septuagesimus</strong></span> <span class='ocrx_word' id='word_1_594' title='bbox 901 4761 1002 4811; x_wconf 91' lang='lat' dir='ltr'><strong>nonus,</strong></span> <span class='ocrx_word' id='word_1_595' title='bbox 1056 4758 1101 4806; x_wconf 92' lang='lat' dir='ltr'><strong>tur</strong></span> <span class='ocrx_word' id='word_1_596' title='bbox 1112 4762 1196 4822; x_wconf 88' lang='lat' dir='ltr'><strong>ergo:</strong></span> <span class='ocrx_word' id='word_1_597' title='bbox 1212 4747 1264 4814; x_wconf 85' lang='lat' dir='ltr'><strong>Qui</strong></span> <span class='ocrx_word' id='word_1_598' title='bbox 1275 4750 1348 4806; x_wconf 85' lang='lat' dir='ltr'><strong>sedes</strong></span> <span class='ocrx_word' id='word_1_599' title='bbox 1361 4767 1440 4823; x_wconf 80' lang='lat' dir='ltr'><strong>saper</strong></span> <span class='ocrx_word' id='word_1_600' title='bbox 1454 4750 1606 4819; x_wconf 75' lang='lat' dir='ltr'><strong>cherethim,</strong></span> <span class='ocrx_word' id='word_1_601' title='bbox 1619 4753 1792 4823; x_wconf 74' lang='lat' dir='ltr'><strong>manifestare</strong></span> <span class='ocrx_word' id='word_1_602' title='bbox 1802 4767 1852 4807; x_wconf 84' lang='lat' dir='ltr'><strong>ea·</strong></span> 
     </span>
     <span class='ocr_line' id='line_1_47' title="bbox 212 4833 1852 4913; baseline 0.009 -27"><span class='ocrx_word' id='word_1_603' title='bbox 212 4839 241 4887; x_wconf 83' lang='lat' dir='ltr'><strong>et</strong></span> <span class='ocrx_word' id='word_1_604' title='bbox 256 4833 393 4905; x_wconf 79' lang='lat' dir='ltr'><strong>signifieat</strong></span> <span class='ocrx_word' id='word_1_605' title='bbox 405 4837 500 4896; x_wconf 87' lang='lat' dir='ltr'><strong>ildeles</strong></span> <span class='ocrx_word' id='word_1_606' title='bbox 521 4848 582 4911; x_wconf 90' lang='lat' dir='ltr'><strong>post</strong></span> <span class='ocrx_word' id='word_1_607' title='bbox 595 4838 782 4910; x_wconf 82' lang='lat' dir='ltr'><strong>captivitatem</strong></span> <span class='ocrx_word' id='word_1_608' title='bbox 800 4836 884 4909; x_wconf 86' lang='lat' dir='ltr'><strong>hujus</strong></span> <span class='ocrx_word' id='word_1_609' title='bbox 906 4839 1002 4893; x_wconf 91' lang='lat' dir='ltr'><strong>mundi</strong></span> <span class='ocrx_word' id='word_1_610' title='bbox 1056 4858 1115 4897; x_wconf 88' lang='lat' dir='ltr'><strong>ram</strong></span> <span class='ocrx_word' id='word_1_611' title='bbox 1126 4840 1265 4911; x_wconf 79' lang='lat' dir='ltr'><strong>Ephraim,</strong></span> <span class='ocrx_word' id='word_1_612' title='bbox 1276 4841 1428 4913; x_wconf 77' lang='lat' dir='ltr'><strong>Bertjamin,</strong></span> <span class='ocrx_word' id='word_1_613' title='bbox 1443 4853 1469 4898; x_wconf 87' lang='lat' dir='ltr'><strong>et</strong></span> <span class='ocrx_word' id='word_1_614' title='bbox 1489 4841 1625 4911; x_wconf 77' lang='lat' dir='ltr'><strong>idoneam,</strong></span> <span class='ocrx_word' id='word_1_615' title='bbox 1638 4845 1691 4901; x_wconf 87' lang='lat' dir='ltr'><strong>hoc</strong></span> <span class='ocrx_word' id='word_1_616' title='bbox 1705 4852 1760 4912; x_wconf 84' lang='lat' dir='ltr'><strong>est,</strong></span> <span class='ocrx_word' id='word_1_617' title='bbox 1774 4843 1852 4901; x_wconf 84' lang='lat' dir='ltr'><strong>sicut</strong></span> 
     </span>
     <span class='ocr_line' id='line_1_48' title="bbox 211 4927 1852 5005; baseline 0.006 -25"><span class='ocrx_word' id='word_1_618' title='bbox 211 4927 560 4985; x_wconf 80' lang='lat' dir='ltr'><strong>rentorosatlcousortinm</strong></span> <span class='ocrx_word' id='word_1_619' title='bbox 576 4946 674 4988; x_wconf 84' lang='lat' dir='ltr'><strong>uorem</strong></span> <span class='ocrx_word' id='word_1_620' title='bbox 686 4933 813 4989; x_wconf 86' lang='lat' dir='ltr'><strong>ordinum</strong></span> <span class='ocrx_word' id='word_1_621' title='bbox 829 4929 1001 5002; x_wconf 89' lang='lat' dir='ltr'><strong>augelorum.</strong></span> <span class='ocrx_word' id='word_1_622' title='bbox 1055 4932 1223 5005; x_wconf 80' lang='lat' dir='ltr'><strong>recognitus</strong></span> <span class='ocrx_word' id='word_1_623' title='bbox 1243 4933 1271 4988; x_wconf 93' lang='lat' dir='ltr'><strong>in</strong></span> <span class='ocrx_word' id='word_1_624' title='bbox 1284 4933 1444 4992; x_wconf 80' lang='lat' dir='ltr'><strong>scelestibus</strong></span> <span class='ocrx_word' id='word_1_625' title='bbox 1463 4934 1610 5003; x_wconf 84' lang='lat' dir='ltr'><strong>creaturis,</strong></span> <span class='ocrx_word' id='word_1_626' title='bbox 1629 4945 1657 4992; x_wconf 87' lang='lat' dir='ltr'><strong>et</strong></span> <span class='ocrx_word' id='word_1_627' title='bbox 1668 4936 1697 4992; x_wconf 90' lang='lat' dir='ltr'><strong>in</strong></span> <span class='ocrx_word' id='word_1_628' title='bbox 1713 4935 1755 4992; x_wconf 91' lang='lat' dir='ltr'><strong>eis</strong></span> <span class='ocrx_word' id='word_1_629' title='bbox 1768 4935 1852 5005; x_wconf 83' lang='lat' dir='ltr'><strong>quie·</strong></span> 
     </span>
     <span class='ocr_line' id='line_1_49' title="bbox 215 5018 1851 5098; baseline 0.002 -21"><span class='ocrx_word' id='word_1_630' title='bbox 215 5018 309 5079; x_wconf 70' lang='lat' dir='ltr'><strong>Verba</strong></span> <span class='ocrx_word' id='word_1_631' title='bbox 321 5021 420 5090; x_wconf 87' lang='lat' dir='ltr'><strong>psalmi</strong></span> <span class='ocrx_word' id='word_1_632' title='bbox 443 5021 568 5078; x_wconf 85' lang='lat' dir='ltr'><strong>ridentur</strong></span> <span class='ocrx_word' id='word_1_633' title='bbox 583 5033 669 5080; x_wconf 90' lang='lat' dir='ltr'><strong>tracta</strong></span> <span class='ocrx_word' id='word_1_634' title='bbox 692 5026 726 5081; x_wconf 90' lang='lat' dir='ltr'><strong>de</strong></span> <span class='ocrx_word' id='word_1_635' title='bbox 747 5025 873 5081; x_wconf 87' lang='lat' dir='ltr'><strong>oratione</strong></span> <span class='ocrx_word' id='word_1_636' title='bbox 890 5024 1003 5081; x_wconf 83' lang='lat' dir='ltr'><strong>llaclra-</strong></span> <span class='ocrx_word' id='word_1_637' title='bbox 1054 5024 1109 5080; x_wconf 90' lang='lat' dir='ltr'><strong>scis</strong></span> <span class='ocrx_word' id='word_1_638' title='bbox 1124 5042 1131 5077; x_wconf 90' lang='lat'><strong>:</strong></span> <span class='ocrx_word' id='word_1_639' title='bbox 1147 5023 1185 5079; x_wconf 89' lang='lat' dir='ltr'><strong>ita</strong></span> <span class='ocrx_word' id='word_1_640' title='bbox 1199 5022 1244 5082; x_wconf 90' lang='lat' dir='ltr'><strong>iae</strong></span> <span class='ocrx_word' id='word_1_641' title='bbox 1257 5031 1283 5080; x_wconf 90' lang='lat' dir='ltr'><strong>te</strong></span> <span class='ocrx_word' id='word_1_642' title='bbox 1298 5024 1427 5096; x_wconf 83' lang='lat' dir='ltr'><strong>cognosci</strong></span> <span class='ocrx_word' id='word_1_643' title='bbox 1440 5025 1539 5094; x_wconf 87' lang='lat' dir='ltr'><strong>abeis,</strong></span> <span class='ocrx_word' id='word_1_644' title='bbox 1555 5026 1603 5098; x_wconf 90' lang='lat' dir='ltr'><strong>qui</strong></span> <span class='ocrx_word' id='word_1_645' title='bbox 1619 5026 1725 5084; x_wconf 87' lang='lat' dir='ltr'><strong>suntin</strong></span> <span class='ocrx_word' id='word_1_646' title='bbox 1749 5022 1851 5080; x_wconf 84' lang='lat' dir='ltr'><strong>Eccle-</strong></span> 
     </span>
     <span class='ocr_line' id='line_1_50' title="bbox 209 5112 1853 5190; baseline 0.001 -18"><span class='ocrx_word' id='word_1_647' title='bbox 209 5112 345 5182; x_wconf 62' lang='lat' dir='ltr'><strong>Morum,</strong></span> <span class='ocrx_word' id='word_1_648' title='bbox 357 5113 406 5186; x_wconf 90' lang='lat' dir='ltr'><strong>qui</strong></span> <span class='ocrx_word' id='word_1_649' title='bbox 418 5113 537 5170; x_wconf 88' lang='lat' dir='ltr'><strong>orabant</strong></span> <span class='ocrx_word' id='word_1_650' title='bbox 564 5122 595 5169; x_wconf 93' lang='lat' dir='ltr'><strong>nt</strong></span> <span class='ocrx_word' id='word_1_651' title='bbox 610 5113 791 5172; x_wconf 81' lang='lat' dir='ltr'><strong>sicchristus</strong></span> <span class='ocrx_word' id='word_1_652' title='bbox 806 5131 856 5174; x_wconf 86' lang='lat' dir='ltr'><strong>eos</strong></span> <span class='ocrx_word' id='word_1_653' title='bbox 884 5132 935 5174; x_wconf 90' lang='lat' dir='ltr'><strong>suo</strong></span> <span class='ocrx_word' id='word_1_654' title='bbox 954 5116 1004 5172; x_wconf 86' lang='lat' dir='ltr'><strong>ad·</strong></span> <span class='ocrx_word' id='word_1_655' title='bbox 1054 5114 1094 5170; x_wconf 90' lang='lat' dir='ltr'><strong>sia</strong></span> <span class='ocrx_word' id='word_1_656' title='bbox 1122 5113 1260 5180; x_wconf 88' lang='lat' dir='ltr'><strong>doctores,</strong></span> <span class='ocrx_word' id='word_1_657' title='bbox 1288 5115 1463 5173; x_wconf 84' lang='lat' dir='ltr'><strong>continentes</strong></span> <span class='ocrx_word' id='word_1_658' title='bbox 1487 5125 1516 5174; x_wconf 91' lang='lat' dir='ltr'><strong>et</strong></span> <span class='ocrx_word' id='word_1_659' title='bbox 1537 5116 1687 5190; x_wconf 80' lang='lat' dir='ltr'><strong>conjugati,</strong></span> <span class='ocrx_word' id='word_1_660' title='bbox 1700 5124 1732 5173; x_wconf 89' lang='lat' dir='ltr'><strong>nt</strong></span> <span class='ocrx_word' id='word_1_661' title='bbox 1755 5116 1784 5172; x_wconf 89' lang='lat' dir='ltr'><strong>in</strong></span> <span class='ocrx_word' id='word_1_662' title='bbox 1806 5115 1853 5174; x_wconf 81' lang='lat' dir='ltr'><strong>eis</strong></span> 
     </span>
     <span class='ocr_line' id='line_1_51' title="bbox 209 5201 1191 5279; baseline -0.001 -16"><span class='ocrx_word' id='word_1_663' title='bbox 209 5216 294 5263; x_wconf 86' lang='lat' dir='ltr'><strong>rento</strong></span> <span class='ocrx_word' id='word_1_664' title='bbox 309 5205 439 5263; x_wconf 82' lang='lat' dir='ltr'><strong>liberaret</strong></span> <span class='ocrx_word' id='word_1_665' title='bbox 455 5205 489 5262; x_wconf 93' lang='lat' dir='ltr'><strong>de</strong></span> <span class='ocrx_word' id='word_1_666' title='bbox 500 5201 636 5263; x_wconf 79' lang='lat' dir='ltr'><strong>Antiocho</strong></span> <span class='ocrx_word' id='word_1_667' title='bbox 647 5206 720 5263; x_wconf 89' lang='lat' dir='ltr'><strong>etde</strong></span> <span class='ocrx_word' id='word_1_668' title='bbox 734 5223 862 5279; x_wconf 86' lang='lat' dir='ltr'><strong>pressura</strong></span> <span class='ocrx_word' id='word_1_669' title='bbox 873 5208 1004 5264; x_wconf 83' lang='lat' dir='ltr'><strong>adversa·</strong></span> <span class='ocrx_word' id='word_1_670' title='bbox 1053 5206 1191 5276; x_wconf 83' lang='lat' dir='ltr'><strong>quiescas.</strong></span> 
     </span>
     <span class='ocr_line' id='line_1_52' title="bbox 209 5295 1849 5372; baseline -0.001 -18"><span class='ocrx_word' id='word_1_671' title='bbox 209 5300 328 5368; x_wconf 88' lang='lat' dir='ltr'><strong>riorum,</strong></span> <span class='ocrx_word' id='word_1_672' title='bbox 347 5300 419 5356; x_wconf 84' lang='lat' dir='ltr'><strong>sieut</strong></span> <span class='ocrx_word' id='word_1_673' title='bbox 433 5297 540 5372; x_wconf 79' lang='lat' dir='ltr'><strong>lloyses</strong></span> <span class='ocrx_word' id='word_1_674' title='bbox 553 5300 655 5371; x_wconf 90' lang='lat' dir='ltr'><strong>eripuit</strong></span> <span class='ocrx_word' id='word_1_675' title='bbox 667 5295 762 5372; x_wconf 85' lang='lat' dir='ltr'><strong>patres&#39;</strong></span> <span class='ocrx_word' id='word_1_676' title='bbox 770 5299 804 5355; x_wconf 90' lang='lat' dir='ltr'><strong>de</strong></span> <span class='ocrx_word' id='word_1_677' title='bbox 815 5299 960 5355; x_wconf 87' lang='lat' dir='ltr'><strong>Pharaone</strong></span> <span class='ocrx_word' id='word_1_678' title='bbox 973 5306 1002 5354; x_wconf 92' lang='grc' dir='ltr'><strong>ει</strong></span> <span class='ocrx_word' id='word_1_679' title='bbox 1090 5295 1131 5351; x_wconf 80' lang='lat' dir='ltr'><strong>dd</strong></span> <span class='ocrx_word' id='word_1_680' title='bbox 1150 5295 1268 5352; x_wconf 86' lang='lat' dir='ltr'><strong>litteram</strong></span> <span class='ocrx_word' id='word_1_681' title='bbox 1283 5296 1413 5366; x_wconf 81' lang='lat' dir='ltr'><strong>quiddam</strong></span> <span class='ocrx_word' id='word_1_682' title='bbox 1437 5306 1551 5357; x_wconf 80' lang='lat' dir='ltr'><strong>nentur</strong></span> <span class='ocrx_word' id='word_1_683' title='bbox 1567 5300 1597 5354; x_wconf 92' lang='lat' dir='ltr'><strong>in</strong></span> <span class='ocrx_word' id='word_1_684' title='bbox 1622 5297 1666 5355; x_wconf 83' lang='lat' dir='ltr'><strong>his</strong></span> <span class='ocrx_word' id='word_1_685' title='bbox 1690 5295 1849 5354; x_wconf 71' lang='lat' dir='ltr'><strong>vocabulis.</strong></span> 
     </span>
    </p>
   </div>
   <div class='ocr_carea' id='block_1_11' title="bbox 87 5385 1851 5465">
    <p class='ocr_par' dir='ltr' id='par_1_12' title="bbox 87 5385 1851 5465">
     <span class='ocr_line' id='line_1_53' title="bbox 87 5385 1851 5465; baseline -0.005 -14"><span class='ocrx_word' id='word_1_686' title='bbox 87 5443 92 5451; x_wconf 91' lang='grc'><em>,</em></span> <span class='ocrx_word' id='word_1_687' title='bbox 210 5392 357 5449; x_wconf 83' lang='lat' dir='ltr'><strong>afflictione</strong></span> <span class='ocrx_word' id='word_1_688' title='bbox 371 5391 574 5465; x_wconf 79' lang='lat' dir='ltr'><strong>AEgyptiorum.</strong></span> <span class='ocrx_word' id='word_1_689' title='bbox 594 5390 651 5449; x_wconf 77' lang='lat' dir='ltr'><strong>ior</strong></span> <span class='ocrx_word' id='word_1_690' title='bbox 663 5402 705 5450; x_wconf 88' lang='lat' dir='ltr'><strong>est</strong></span> <span class='ocrx_word' id='word_1_691' title='bbox 715 5392 816 5463; x_wconf 72' lang='lat' dir='ltr'><strong>draph,</strong></span> <span class='ocrx_word' id='word_1_692' title='bbox 833 5391 860 5446; x_wconf 90' lang='lat' dir='ltr'><strong>id</strong></span> <span class='ocrx_word' id='word_1_693' title='bbox 885 5399 928 5445; x_wconf 89' lang='lat' dir='ltr'><strong>cst</strong></span> <span class='ocrx_word' id='word_1_694' title='bbox 941 5405 1003 5461; x_wconf 74' lang='lat' dir='ltr'><strong>pro</strong></span> <span class='ocrx_word' id='word_1_695' title='bbox 1054 5385 1093 5442; x_wconf 88' lang='lat' dir='ltr'><strong>De</strong></span> <span class='ocrx_word' id='word_1_696' title='bbox 1108 5386 1182 5443; x_wconf 85' lang='lat' dir='ltr'><strong>trihu</strong></span> <span class='ocrx_word' id='word_1_697' title='bbox 1204 5386 1345 5458; x_wconf 73' lang='lat' dir='ltr'><strong>Beniamin</strong></span> <span class='ocrx_word' id='word_1_698' title='bbox 1373 5387 1479 5459; x_wconf 86' lang='lat' dir='ltr'><strong>primns</strong></span> <span class='ocrx_word' id='word_1_699' title='bbox 1504 5404 1552 5445; x_wconf 86' lang='lat' dir='ltr'><strong>rex</strong></span> <span class='ocrx_word' id='word_1_700' title='bbox 1577 5388 1644 5446; x_wconf 88' lang='lat' dir='ltr'><strong>Saul</strong></span> <span class='ocrx_word' id='word_1_701' title='bbox 1662 5389 1787 5462; x_wconf 81' lang='lat' dir='ltr'><strong>regnarit</strong></span> <span class='ocrx_word' id='word_1_702' title='bbox 1817 5386 1851 5443; x_wconf 79' lang='lat' dir='ltr'><strong>iti</strong></span> 
     </span>
    </p>
   </div>
   <div class='ocr_carea' id='block_1_12' title="bbox 209 5475 1852 5554">
    <p class='ocr_par' dir='ltr' id='par_1_13' title="bbox 209 5475 1852 5554">
     <span class='ocr_line' id='line_1_54' title="bbox 209 5475 1852 5554; baseline -0.002 -16"><span class='ocrx_word' id='word_1_703' title='bbox 209 5481 357 5553; x_wconf 80' lang='lat' dir='ltr'><strong>pictarum</strong></span> <span class='ocrx_word' id='word_1_704' title='bbox 381 5498 432 5554; x_wconf 90' lang='lat' dir='ltr'><strong>pro</strong></span> <span class='ocrx_word' id='word_1_705' title='bbox 446 5484 628 5542; x_wconf 83' lang='lat' dir='ltr'><strong>contorsione</strong></span> <span class='ocrx_word' id='word_1_706' title='bbox 650 5497 748 5540; x_wconf 91' lang='lat' dir='ltr'><strong>eorum</strong></span> <span class='ocrx_word' id='word_1_707' title='bbox 772 5481 866 5554; x_wconf 91' lang='lat' dir='ltr'><strong>populi</strong></span> <span class='ocrx_word' id='word_1_708' title='bbox 893 5478 1001 5535; x_wconf 87' lang='lat' dir='ltr'><strong>Judaiei</strong></span> <span class='ocrx_word' id='word_1_709' title='bbox 1053 5475 1148 5545; x_wconf 86' lang='lat' dir='ltr'><strong>lsrael,</strong></span> <span class='ocrx_word' id='word_1_710' title='bbox 1166 5475 1239 5533; x_wconf 86' lang='lat' dir='ltr'><strong>etde</strong></span> <span class='ocrx_word' id='word_1_711' title='bbox 1257 5476 1310 5533; x_wconf 89' lang='lat' dir='ltr'><strong>hac</strong></span> <span class='ocrx_word' id='word_1_712' title='bbox 1321 5476 1394 5533; x_wconf 88' lang='lat' dir='ltr'><strong>trihu</strong></span> <span class='ocrx_word' id='word_1_713' title='bbox 1407 5485 1541 5537; x_wconf 84' lang='lat' dir='ltr'><strong>venturus</strong></span> <span class='ocrx_word' id='word_1_714' title='bbox 1555 5488 1614 5537; x_wconf 87' lang='lat' dir='ltr'><strong>erat</strong></span> <span class='ocrx_word' id='word_1_715' title='bbox 1633 5477 1852 5536; x_wconf 76' lang='lat' dir='ltr'><strong>Pautorooetnr</strong></span> 
     </span>
    </p>
   </div>
   <div class='ocr_carea' id='block_1_13' title="bbox 247 5620 1341 5709">
    <p class='ocr_par' dir='ltr' id='par_1_14' title="bbox 247 5620 1341 5709">
     <span class='ocr_line' id='line_1_55' title="bbox 247 5620 1341 5709; baseline -0.001 -18"><span class='ocrx_word' id='word_1_716' title='bbox 247 5636 304 5707; x_wconf 75' lang='lat'><strong>(59)</strong></span> <span class='ocrx_word' id='word_1_717' title='bbox 317 5636 431 5709; x_wconf 81' lang='lat' dir='ltr'><strong>Vulgata</strong></span> <span class='ocrx_word' id='word_1_718' title='bbox 444 5657 451 5695; x_wconf 82' lang='lat' dir='ltr'><strong>r</strong></span> <span class='ocrx_word' id='word_1_719' title='bbox 466 5638 500 5695; x_wconf 83' lang='lat' dir='ltr'><strong>In</strong></span> <span class='ocrx_word' id='word_1_720' title='bbox 514 5640 593 5709; x_wconf 70' lang='lat' dir='ltr'><strong>finem</strong></span> <span class='ocrx_word' id='word_1_721' title='bbox 614 5652 662 5709; x_wconf 84' lang='lat' dir='ltr'><strong>pra</strong></span> <span class='ocrx_word' id='word_1_722' title='bbox 684 5620 777 5707; x_wconf 53' lang='lat' dir='ltr'><strong>iis&#39;qoi</strong></span> <span class='ocrx_word' id='word_1_723' title='bbox 788 5636 1031 5705; x_wconf 74' lang='lat' dir='ltr'><strong>commutabuntur,</strong></span> <span class='ocrx_word' id='word_1_724' title='bbox 1043 5635 1222 5693; x_wconf 80' lang='lat' dir='ltr'><strong>testimoninm</strong></span> <span class='ocrx_word' id='word_1_725' title='bbox 1240 5633 1341 5707; x_wconf 74' lang='lat' dir='ltr'><strong>Asopi.</strong></span> 
     </span>
    </p>
   </div>
   <div class='ocr_carea' id='block_1_14' title="bbox 0 0 1950 6067">
    <p class='ocr_par' dir='ltr' id='par_1_15' title="bbox 0 0 1950 6067">
     <span class='ocr_line' id='line_1_56' title="bbox 0 0 1950 6067; baseline 0 0"><span class='ocrx_word' id='word_1_726' title='bbox 0 0 1950 6067; x_wconf 95' lang='lat' dir='ltr'><strong> </strong></span> 
     </span>
    </p>
   </div>
  </div>
 </body>
</html>
