3892 6067
116 142 184 205 ltttl
544 149 721 211 DlALOGUS
739 151 785 209 ob
802 151 963 215 clentcts
980 140 1120 212 sAEGUL.
1140 153 1185 212 ΕΤ
1206 154 1334 215 REGUL.
1677 162 1748 221 {tot

113 358 236 418 eatenus,
252 358 284 407 ut
299 353 486 412 ecelesiastica
500 356 583 414 tradit
603 357 729 428 historia,
750 376 814 418 cum
832 362 905 434 turpi
957 363 1090 420 crementi
1113 363 1201 436 gratia
1229 363 1338 419 inssrma
1356 362 1514 419 rideamne

113 440 277 498 ieroinarum
299 445 411 503 servitio
431 446 589 507 adhinniret
616 467 673 523 quo
688 453 906 510 minusnotabi·
993 452 1100 511 sarcos.
1121 453 1164 510 'l'u
1191 454 1342 525 promisisti
1368 452 1558 510 baereticorum
1574 467 1747 512 sacramenta

111 536 147 591 lis
177 535 236 606 ipse
266 534 407 606 existeret,
442 538 515 597 idem
546 540 694 614 rolrrptatis
724 544 901 602 volutabrum
957 553 984 600 te
999 560 1129 615 uacuare,
1143 554 1171 603 et
1191 558 1256 602 cccc
1277 544 1321 601 iris
1346 544 1429 602 dictis
1450 547 1604 615 probantur
1621 545 1700 600 llrma
1722 554 1750 602 et

110 627 219 684 clericis
236 627 294 685 suis
307 631 453 701 concessit,
481 641 565 705 atque
594 632 720 692 lemineae
736 637 906 694 commistio-
956 641 1017 690 rata
1030 650 1102 692 esse.
1196 658 1207 675 ·
1359 672 1367 699 r

99 721 156 803 ¹nis
179 719 323 777 illecebras
336 721 427 780 licitas
441 724 496 781 illis
512 724 584 781 inter
608 734 708 783 astera
730 728 851 785 uomitus
861 729 905 785 sui
993 723 1166 781 issemlton
1181 724 1313 796 proposui
1321 740 1352 782 ea
1364 726 1548 795 uacuare,scd
1559 741 1645 783 vacua
1656 734 1750 781 osten·

109 826 215 867 venena
231 826 355 870 asserere
367 828 423 870 non
444 815 564 885 expavit.
584 814 646 884 Qua
662 817 752 886 dere,
773 818 837 890 quia
850 828 906 875 tan·
956 819 1032 885 dere,
1048 817 1095 874 illa
1114 818 1248 875 nimirum
1269 831 1453 890 sacramenta,
1473 838 1536 894 quae
1561 823 1596 879 ab
1610 819 1749 879 hereticis

109 909 146 958 tae
169 899 301 960 ioeditatis
323 911 421 961 auctor
434 905 549 974 exstitit,
569 907 670 963 merito
684 908 762 964 illum
782 909 905 969 Ecclesia
955 911 1127 984 quibuslibet
1149 913 1390 970 anathematizatis
1407 923 1485 970 entra
1505 916 1639 972 unitatem
1654 913 1748 971 Eccle-

108 1009 173 1050 rum
188 995 247 1051 suis
260 996 444 1053 sectatoribus
462 996 613 1054 damnarit.
638 997 796 1059 Sectatores
811 1011 903 1060 autem
955 1001 1005 1058 sire
1019 1001 1082 1058 data
1096 1000 1199 1058 luerint
1212 1011 1240 1059 et
1262 1012 1385 1076 accepta.
1400 1003 1471 1071 Quia
1491 1020 1556 1062 uero
1570 1004 1696 1076 columba
1708 1007 1748 1062 ni·

108 1085 184 1141 illius
198 1100 259 1142 esse
274 1086 487 1156 convincuntur,
514 1087 604 1159 quiin
626 1088 714 1160 ipsius
735 1092 905 1163 turpitudine
955 1091 995 1148 bil
1017 1090 1110 1148 rivum
1132 1093 1263 1160 comedit,
1281 1095 1315 1150 ad
1338 1093 1391 1151 hoc
1417 1095 1444 1151 iu
1461 1094 1573 1152 Christo
1586 1096 1747 1168 simplicitas

107 1178 264 1250 pertinaces
282 1178 470 1236 inueniuntur.
546 1227 551 1235 .
955 1197 1017 1238 mea
1029 1181 1157 1250 intendit,
1181 1191 1212 1237 ut
1236 1198 1285 1240 eos
1300 1199 1316 1239 a
1329 1185 1486 1241 cassatione
1510 1194 1747 1243 sacramentorum

955 1281 1125 1343 sequestrem
1136 1287 1199 1329 cum
1226 1273 1403 1341 discretione,
1419 1289 1491 1346 quos
1505 1283 1533 1330 ct
1548 1273 1666 1331 Romani
1679 1290 1748 1346 pcn-

145 1310 253 1371 sm'
280 1313 354 1372 ΒΜ
371 1325 399 1372 ⁰²
416 1332 499 1388 super
515 1317 583 1375 saus
611 1318 705 1376 dimi
727 1319 761 1376 de
786 1319 857 1390 Μ’
874 1328 905 1424 ”f
956 1364 1043 1421 tisces
1061 1372 1230 1421 curaverunt
1242 1365 1307 1421 inde
1319 1374 1504 1437 sequestrare,
1518 1367 1661 1423 ordinatos
1673 1366 1748 1423 uide·

107 1419 161 1507 Ψ)
179 1406 281 1474 ‘m'
301 1407 392 1478 Μ
415 1407 576 1513 ⁰³¹¹¹9¹³⁰l³t
595 1410 643 1482 ‘¹¹¹¹
667 1421 761 1515 ΜΨ
782 1412 904 1517 ¹²³⁸F⁸²f⁰¹
954 1454 1375 1527 ticec,quumrisubbaersucts,
1388 1457 1523 1515 caunum
1538 1457 1748 1515 susurronum

106 1503 176 1564 Μ’
190 1510 241 1552 ⁰⁰⁰
254 1511 297 1559 Μ’
315 1506 473 1554 reservetur
490 1500 597 1570 lumem
621 1499 740 1559 R⁰m³m
753 1502 902 1575 mmmm&
955 1554 1022 1605 sunt
1034 1547 1120 1616 enim,
1135 1564 1207 1619 quos
1228 1546 1361 1605 Nicolaus
1382 1547 1453 1621 papa
1467 1549 1536 1608 dicit
1547 1551 1691 1608 ordinatos
1705 1569 1715 1604 (
1730 1566 1747 1607 ι

106 1587 550 1693 Τυ.”υ“ορθηοινθβῐο.ωἰ”υω
562 1591 685 1648 mumde
696 1591 905 1651 cassandsshae‘
919 1612 942 1670 B
955 1639 1124 1698 simoniacis
1148 1657 1204 1698 non
1231 1639 1399 1699 simoniace.
1417 1662 1427 1695 t
1445 1642 1523 1710 Quod
1544 1644 1636 1700 dicit:
1660 1641 1746 1699 «Non

104 1687 255 1736 rettcorum
274 1688 463 1735 sacramentis.

956 1732 1125 1801 simoniace,
1143 1753 1153 1787 ι
1171 1734 1242 1790 idem
1255 1744 1298 1791 cst
1317 1750 1349 1791 ac
1376 1735 1400 1792 si
1416 1734 1512 1792 dicat:
1528 1734 1747 1801 Catholice,slre

141 1812 246 1870 lirum.
272 1810 409 1869 iudicium
429 1828 507 1885 papae
534 1811 687 1873 innocentii
711 1815 839 1873 desidero
855 1830 904 1872 ⁸1¹-
954 1824 1091 1881 catholica
1106 1824 1269 1882 intentione.
1283 1824 1316 1883 lli
1339 1835 1405 1883 sunt
1421 1827 1503 1883 etiam
1528 1842 1599 1898 quos
1622 1826 1747 1884 Lochia-

102 1921 154 1979 pcr
166 1906 220 1963 hoc
243 1906 349 1975 audire,
371 1906 414 1962 cui
427 1913 456 1962 et
474 1914 591 1979 paratus
605 1924 667 1964 sum
681 1907 805 1965 obedire
821 1905 903 1965 Prius
954 1929 1038 1986 gnus,
1054 1914 1120 1970 licet
1144 1929 1160 1970 a
1181 1914 1424 1987 pseudoepiscopis
1447 1915 1600 1981 ordinatos,
1631 1917 1748 1988 suscipit

108 2007 214 2067 aomar,
236 2014 320 2071 quant
347 1998 381 2056 de
412 1999 594 2055 sacramentis
620 1999 811 2056 hereticorum
836 2014 903 2073 aga·
954 2020 1019 2062 cum
1036 2005 1192 2078 integritate
1213 2005 1354 2074 ordinum,
1368 2007 1405 2062 ob
1422 2008 1476 2063 hoc
1493 2007 1598 2063 scilicet
1617 2007 1682 2079 quia
1701 2021 1748 2062 or·

104 2106 184 2160 mus,
205 2092 265 2163 ipsa
288 2106 385 2148 eurum
415 2099 587 2149 sacramenta
612 2091 826 2165 distinguamus,
847 2092 903 2149 imo
954 2097 1041 2155 diuati
1066 2096 1180 2155 luerunt
1196 2098 1250 2155 soh
1268 2097 1375 2172 judicio
1391 2108 1578 2157 ct'consensu
1595 2100 1747 2172 praesideo-

103 2192 240 2240 antenus
268 2184 396 2240 distincta
424 2183 614 2241 ostendamus.
646 2182 776 2242 Nicotaus
799 2185 901 2242 cunin
956 2190 1025 2247 timu
1045 2188 1081 2247 ad
1093 2200 1199 2249 certum
1218 2193 1340 2249 titulum.
1357 2189 1487 2260 Quaudiu
1512 2192 1586 2248 enim
1601 2192 1749 2264 presiden-

103 2289 175 2345 papa
200 2274 288 2347 rigide
307 2283 403 2331 contra
417 2289 469 2332 eos
496 2274 653 2342 intendens,
668 2276 717 2347 qui
736 2277 903 2332 ordinantur
954 2290 1006 2349 tes,
1021 2291 1049 2337 et
1064 2282 1245 2341 ecelesiastici
1267 2282 1377 2354 ludices
1389 2282 1433 2339 rel
1450 2283 1691 2355 archipresbyteri,
1705 2283 1747 2339 rel

104 2382 122 2420 a
142 2364 309 2423 simoniacis
336 2365 511 2436 simoniace,
537 2368 726 2426 austerissime
749 2383 783 2424 ac
802 2369 902 2440 justis·
953 2373 1116 2447 presbyteri,
1128 2384 1211 2446 atquc
1224 2375 1412 2431 archidiaconi
1425 2375 1572 2446 cauerique
1582 2375 1746 2442 cardinales,

103 2457 175 2513 sime
195 2456 223 2511 in
245 2456 304 2513 suis
324 2455 515 2513 Decretalihus
539 2456 625 2513 dicit:
651 2456 748 2528 «Erga
762 2457 904 2514 simonia·
953 2465 1013 2521 sius
1031 2465 1207 2523 cathedrales
1231 2465 1337 2536 praelati
1363 2463 1512 2535 cujuslibet
1539 2464 1748 2521 Ecclesiaecon-

104 2564 154 2605 cos
178 2548 281 2603 nullam
306 2547 524 2604 miscricordiam
550 2546 735 2619 indignitate
768 2549 903 2605 seruanda
953 2557 1087 2623 mutiunt,
1103 2555 1747 2628 sejudicantepiscoposooobediendnmesse,

103 2640 258 2697 habendam
274 2653 337 2696 esse
347 2639 531 2696 decernimus·
552 2637 643 2695 sltem
658 2656 688 2695 τί
705 2638 743 2695 De
758 2646 867 2705 welo,
878 2641 903 2696 εἰ
953 2645 1111 2716 habentque
1130 2645 1209 2701 illum
1238 2659 1290 2715 pro
1311 2643 1474 2711 catholico,
1490 2645 1586 2700 modio
1607 2636 1699 2715 potest
1712 2642 1747 2701 ad

103 2730 168 2802 quis
179 2731 207 2786 iu
219 2740 359 2801 posterum
375 2730 410 2785 ab
420 2744 465 2797 eo,
477 2745 558 2801 quem
573 2727 762 2786 simoniacum
773 2745 835 2787 esse
846 2744 901 2785 noa
952 2750 1016 2792 arm
1031 2734 1095 2806 quis
1109 2733 1282 2791 ordinandus
1299 2733 1431 2790 accedere
1445 2734 1540 2790 animo
1556 2733 1692 2791 catholica
1704 2733 1747 2790 in-

103 2820 221 2890 dubitat,
236 2818 434 2877 reconsecrari
451 2819 658 2890 permiserit,ct
673 2827 861 2887 consecrator,
874 2827 902 2875 ct
952 2824 1055 2882 ductus
1076 2823 1285 2897 presidentium
1305 2838 1443 2880 consensu
1470 2831 1499 2879 ot
1523 2822 1640 2894 judicio,
1666 2824 1746 2895 cujus

103 2919 284 2970 consecratus
304 2926 358 2966 non
379 2910 516 2981 disparem
538 2909 724 2967 damis-ilionis
737 2910 899 2966 sententiat·
951 2917 1035 2976 etiam
1052 2917 1191 2975 ordinatio
1204 2924 1265 2972 rata
1275 2916 1340 2983 erit,
1354 2915 1486 2972 nimirum
1507 2915 1530 2973 si
1553 2915 1699 2984 catholice,
1712 2915 1748 2970 li-

103 3005 291 3073 wbwlhffli
305 3013 420 3076 melque
431 3004 572 3075 d⁰b⁰⁸i¹⁰⁸
582 3002 771 3073 Doessliessfflm
784 3011 856 3075 ²8²¹,
873 3011 902 3059 0²
952 3017 1063 3066 cetnon
1078 3023 1093 3064 a
1109 3007 1247 3065 catholico
1260 3006 1391 3079 episcopo
1411 3014 1591 3064 consecratus
1603 3005 1695 3074 titulo,
1711 3007 1746 3062 ad

103 3098 229 3171 priuatos
239 3111 255 3153 a
264 3094 658 3169 propriadignitate‘persistat.
672 3093 763 3152 ›ldem
772 3092 901 3152 Nicolaos
952 3112 1035 3172 quem
1049 3106 1241 3164 cousecratur,
1252 3107 1387 3170 quantum
1403 3095 1431 3152 lu
1445 3096 1506 3168 ipso
1520 3104 1573 3164 est,
1585 3095 1746 3164 adluerebit,

103 3191 174 3250 a'ias
188 3189 350 3246 clementius
365 3203 459 3261 agens,
478 3186 640 3244 triformiter
653 3187 811 3259 distinguit,
831 3187 901 3244 alios
952 3190 1039 3293 quia·
1035 3199 1065 3246 et
1082 3189 1137 3247 hoc
1150 3189 1252 3262 poterit
1266 3188 1402 3257 accidere,
1421 3196 1453 3292 ut
1473 3187 1550 3260 juste
1572 3195 1688 3259 cogatur
1700 3187 1744 3242 lo-

105 3374 240 3430 maniacis
254 3371 422 3440 simoniace,
439 3378 522 3441 atque
540 3369 610 3426 alios
632 3384 649 3424 a
665 3367 832 3426 simoniacis
843 3381 900 3424 uon
950 3380 993 3428 est
1006 3370 1133 3427 habenda
1149 3369 1332 3436 consecratio,
1351 3384 1415 3440 qua
1429 3384 1480 3426 noc
1494 3371 1557 3426 loco
1568 3369 1681 3425 lundata
1692 3375 1746 3435 est,

107 3464 275 3534 simoniace,
303 3464 470 3534 ultimosque
506 3462 569 3519 illos
606 3459 763 3517 tolerandos
801 3459 901 3516 asserit
951 3463 1178 3519 necauctoritate
1191 3461 1309 3518 munita.
1325 3458 1422 3517 Nonne
1439 3460 1538 3518 oculus
1557 3458 1747 3517 columbani·

105 3577 156 3633 pro
168 3559 341 3616 commitere.
366 3556 458 3623 Quare
482 3554 546 3622 lroc,
566 3552 619 3611 nisi
653 3554 719 3624 quia
734 3552 901 3623 suffragatur
951 3552 989 3608 bil
1003 3553 1096 3610 uirum
1112 3552 1281 3610 comedentis
1293 3559 1353 3608 erat
1363 3551 1392 3608 iu
1403 3552 1456 3609 isto
1470 3548 1746 3623 ilomanopontihrc,

103 3655 145 3711 eis
165 3668 234 3725 pora
257 3659 285 3707 ct
297 3649 412 3720 simplex
437 3647 618 3714 conscicntia,
637 3662 692 3717 qua
711 3646 746 3701 ad
762 3643 901 3701 simonia·
951 3644 1021 3700 nihil
1034 3643 1178 3701 catholice
1192 3652 1284 3700 actum
1298 3657 1410 3701 cassare
1425 3644 1562 3701 volentisl
1581 3643 1659 3701 Licet
1671 3643 1746 3701 enim

104 3759 168 3800 cum
192 3742 377 3799 ordinatorem
408 3745 586 3811 accesserunt
626 3743 718 3791 mente
744 3732 900 3791 catholica?
949 3734 1029 3805 juxta
1051 3734 1095 3790 sui
1117 3733 1240 3790 nominis
1259 3732 1456 3804 proprietatem
1471 3742 1603 3806 tanquam
1616 3731 1672 3793 Leo
1688 3735 1747 3793 ior·

104 3836 164 3892 ‘lali
179 3835 281 3908 quippe
307 3830 529 3889 consideratione
556 3828 612 3885 beo
636 3842 706 3899 papa
733 3843 797 3883 cum
820 3841 899 3883 asse-
952 3826 1060 3884 tissime
1087 3826 1215 3883 dicturus
1232 3835 1316 3894 esset,
1334 3841 1421 3883 uanas
1447 3839 1509 3883 esse
1533 3827 1746 3900 pseudoepisco·

103 3931 207 3985 ruisset
231 3926 307 3983 nulla
337 3924 444 3980 rationo
482 3922 554 3979 iuter
576 3921 721 3992 episcopos
746 3917 899 3987 habendos,
950 3930 1050 3988 porum
1068 3913 1306 3981 consecrationes,
1322 3912 1401 3984 prius
1422 3921 1514 3969 tamen
1536 3913 1662 3970 distinxit
1674 3915 1747 3971 inter

106 4033 177 4089 quos
193 4031 282 4088 neque
304 4014 395 4071 clerus
418 4011 510 4084 elegit,
537 4023 589 4065 nee
616 4008 734 4080 populus
757 4005 898 4078 expetivit,
951 4016 1076 4064 mortuos
1090 4015 1118 4064 et
1132 4006 1266 4072 virentes,
1291 4020 1327 4062 ue
1346 4014 1374 4062 et
1390 4006 1454 4062 illos
1486 4006 1589 4077 pariter
1604 4014 1747 4077 tangerent

107 4127 158 4167 uec
178 4124 246 4165 suus
283 4105 514 4179 metropolitanus
550 4101 699 4167 ordinarit,
735 4099 899 4157 subintulit:
951 4098 1054 4155 leonini
1068 4097 1289 4163 dentes,scilieet
1300 4096 1377 4153 durae
1391 4094 1578 4163 diffinitiones,
1590 4105 1617 4154 et
1628 4096 1746 4168 pseudo·

110 4223 120 4256 ι
140 4202 233 4275 siqui
252 4208 344 4258 autem
369 4198 461 4257 elerici
476 4199 511 4254 ab
526 4197 588 4254 istis
613 4193 856 4266 pseudoepiscopis
870 4193 899 4249 iu
950 4190 1144 4262 episcoporum
1157 4197 1331 4245 sacramenta
1354 4196 1507 4261 tangentes.
1532 4187 1586 4244 Sed
1606 4189 1672 4261 quia
1688 4189 1745 4257 isti,

107 4295 148 4353 eis
162 4294 293 4352 Ecclesiis
311 4292 431 4350 ordinati
460 4300 535 4359 sunt,
560 4306 623 4363 quse
647 4287 820 4360 adproprias
839 4287 899 4358 epi·
915 4283 1017 4353 plicet
1039 4282 1280 4354 pseudoepiscopi,
1308 4280 1437 4339 fortassis
1463 4290 1591 4353 poterant
1606 4299 1661 4340 non
1684 4299 1746 4341 esse

106 4402 206 4458 scopos
219 4386 403 4459 pertinebant,
422 4394 450 4440 et
462 4383 598 4440 ordinatio
611 4397 706 4439 eorum
723 4397 859 4439 consensu
871 4391 899 4439 et
950 4374 1083 4442 baeretici,
1100 4371 1234 4444 quidiste
1251 4370 1308 4427 heo
1322 4380 1418 4428 courtra
1438 4372 1613 4429 omnimodos
1636 4373 1743 4429 hacreti-

103 4479 209 4553 judicio
222 4476 429 4551 presidentium
444 4474 515 4531 iacta
528 4481 580 4544 est,
596 4482 685 4544 potest
698 4471 860 4529 ratababcri
871 4489 895 4530 ιι
949 4482 1001 4524 cos
1017 4466 1125 4540 rugiat,
1151 4465 1180 4522 iu
1205 4463 1542 4549 sequentibusdicemus,
1568 4473 1714 4536 postquam
1728 4479 1745 4521 a

105 4571 219 4628 acanus
243 4585 366 4644 quoquc,
384 4569 431 4641 qui
445 4568 559 4624 omuino
577 4581 592 4621 a
610 4581 680 4638 papa
705 4565 796 4623 Felice
807 4566 899 4624 luerat
950 4559 1173 4619 mortuiseorom
1188 4557 1369 4638 sacramentis
1379 4572 1462 4614 omae
1475 4557 1568 4622 virum
1585 4555 1746 4615 columbino

105 4664 371 4730 excommunicatus,
382 4671 436 4717 eta
449 4675 519 4731 papa
532 4657 641 4714 Gelasio
652 4659 735 4715 etiam
747 4668 811 4730 post
821 4674 898 4714 mor·
950 4667 1028 4709 ntorc
1039 4651 1251 4724 distinguemus.

105 4766 161 4813 tem
181 4757 340 4821 damnatus,
352 4754 418 4810 licet
432 4752 530 4809 luisset
551 4752 578 4807 in
596 4765 699 4822 magno
713 4752 897 4819 anathemate,
987 4744 1094 4801 secure.
1107 4743 1238 4810 Procedo,
1250 4750 1280 4798 ot
1299 4741 1351 4810 ris,
1362 4741 1512 4799 dommodo
1524 4742 1670 4800 uerborum
1685 4752 1747 4800 tuo·

105 4860 133 4908 ct
144 4848 302 4906 omnimoda
322 4842 616 4910 excommunicatione,
635 4845 776 4915 quosdam‘
787 4844 899 4901 ordina-
949 4852 1010 4893 roan
1026 4835 1072 4891 ilat
1086 4833 1235 4905 aliquando
1249 4831 1322 4889 linis.
1338 4830 1405 4900 Quae
1420 4831 1526 4888 etmihi
1539 4841 1744 4897 soutouerosn,

108 4950 196 5010 rorat,
211 4942 239 4997 ln
254 4940 356 5011 quibus
373 4938 536 4995 Anastasius
548 4951 618 5006 papa
641 4935 700 5006 ipsa
720 4944 898 5011 sacramenta
949 4941 977 4988 ct
994 4945 1010 4986 a
1026 4928 1120 4984 multis
1142 4924 1303 4997 judicantur
1330 4924 1471 4993 heretica,
1501 4924 1555 4982 nisi
1577 4940 1610 4981 ea
1637 4924 1748 4981 muniet

106 5035 234 5090 virtutem
256 5047 335 5088 suam
367 5030 520 5086 obtinuisse
546 5025 673 5094 affirmat,
713 5024 837 5083 scribens
864 5026 898 5081 ad
950 5022 1102 5081 auctoritas
1116 5018 1285 5085 firmissima,
1309 5018 1422 5087 docens,
1438 5019 1578 5107 quomodo
1594 5033 1673 5076 cassa
1691 5018 1746 5074 siut

107 5127 283 5184 harastasium
300 5126 492 5194 imperatorem
511 5121 539 5178 in
553 5122 615 5177 baec
626 5120 731 5177 rerba:
749 5137 759 5172 ι
775 5117 843 5175 Nam
854 5134 899 5176 sc·
950 5120 1218 5183 sacramentaque,
1234 5109 1393 5168 docentes.
1405 5111 1572 5185 Augustino,
1586 5096 1710 5181 ubique
1703 5125 1746 5165 m·

108 5216 228 5273 curidum
251 5216 322 5273 Eccl
324 5215 381 5272 siae
397 5213 539 5271 catholicae
555 5210 779 5268 consuetudinem
804 5224 898 5267 sacra-
949 5221 1036 5282 tegra,
1052 5207 1230 5279 ubiquesunt
1245 5203 1438 5261 inviolabilia?

109 5308 247 5366 tissimum
272 5306 429 5367 serenitatis
454 5314 507 5362 ture
529 5314 625 5376 pectus
653 5312 799 5375 agnoscat,
824 5302 898 5375 quod
986 5306 1089 5363 lisam.
1109 5303 1199 5361 Credo
1221 5300 1272 5358 tibi
1298 5315 1380 5372 posse
1412 5300 1550 5357 satislieri.
1585 5297 1638 5356 Sed
1664 5296 1742 5369 prins

108 5401 264 5461 nohumde
293 5404 347 5471 his,
367 5402 408 5459 rel
430 5415 502 5474 quos
535 5397 685 5469 baptizarit
707 5395 831 5462 beatius,
855 5393 899 5451 ret
950 5414 1078 5472 peragam
1094 5395 1168 5469 quod
1182 5391 1323 5466 proposui
1343 5390 1471 5461 Nunquid
1495 5389 1568 5446 enim
1584 5388 1742 5461 perdendus

108 5512 178 5570 quos
191 5495 356 5562 sacerdotes,
372 5495 430 5551 sire
443 5492 540 5550 leuitas
554 5490 705 5546 secuudum
720 5502 842 5545 canones
852 5502 898 5544 cr·
950 5499 992 5548 est
1000 5491 1094 5563 justus
1107 5503 1170 5547 cum
1194 5481 1298 5555 impiol
1310 5479 1439 5554 Nunquid
1460 5481 1562 5554 pariter
1583 5477 1738 5538 involvendi

107 5588 221 5658 dinavit,
238 5586 294 5645 ulla
308 5602 340 5644 ex
356 5586 467 5643 nomino
497 5582 585 5641 scatit
606 5596 654 5640 eos
666 5582 756 5653 portio
775 5580 897 5639 laesionis
950 5588 1017 5637 sunt
1032 5581 1059 5637 in
1078 5592 1133 5637 uno
1155 5569 1287 5633 fasciculo
1311 5570 1346 5626 ad
1365 5569 1594 5641 comburendum,
1612 5586 1682 5642 quos
1695 5566 1740 5626 di-
