3892 6067
75 208 151 267 797
382 204 663 264 cobttssn'tulttutt
681 204 714 261 ΙΝ
733 204 902 263 usatites.
921 238 955 251 ·-
976 207 1066 265 blus
1085 206 1119 264 t.
1138 238 1175 250 -
1192 208 1290 266 asub.
1311 210 1428 267 extiti.
1671 216 1724 274 7⁹8

74 323 206 381 solliciti
216 336 278 379 esse
293 321 428 377 dlcentes:
438 320 508 388 Quid
522 322 761 388 manducabimus,
769 320 887 391 autquid
902 324 924 380 Α
938 323 1037 392 geliuua
1052 322 1269 394 relinquentibus
1279 323 1382 391 omnia,
1409 326 1546 395 promittis
1570 331 1724 401 oerttuplsm

75 413 304 477 olbonenses
321 413 395 469 enim
417 411 497 467 Pater
512 422 601 468 uester
615 414 680 484 qnia
702 414 744 468 bis
759 412 887 467 omnibus
937 413 1146 470 retributionem
1158 413 1186 468 iu
1201 414 1253 470 bac
1272 416 1326 470 rita
1341 431 1404 471 cum
1433 420 1678 489 persecutionibus,
1696 432 1724 480 et

76 506 227 579 indigetis
247 503 358 575 (liniti.
375 519 413 570 rr,
425 502 482 573 il).
497 523 507 555 ι
523 501 616 571 ltaonc
634 505 668 560 de
684 503 812 559 omnibus
831 502 885 570 bis,
937 504 1077 560 insaecula
1102 504 1195 561 loturo
1211 506 1295 561 uitam
1318 515 1446 563 aeternam
1472 508 1581 583 (datan.
1594 514 1721 582 susti).

76 598 199 668 quibus
213 597 242 652 in
257 596 301 651 via
320 594 437 666 indigeo,
451 593 524 649 sicut
541 595 688 665 Apostolus
706 602 809 661 monet,
827 609 887 648 om·
936 594 1059 666 intelligo
1070 596 1207 666 equidem,
1217 606 1299 667 prout
1311 613 1435 669 possum,
1448 601 1514 671 quid
1525 602 1560 659 sit
1569 604 1646 660 reddi
1659 620 1726 662 oen·

77 705 159 746 nem
178 687 392 745 sollicitudinem
417 687 565 757 projiciens
588 686 616 741 in
643 685 739 751 beorn
754 685 885 756 qnoniam
936 686 1053 757 tnplorn,
1070 685 1197 744 uidelicet
1215 688 1257 744 rel
1273 689 1405 759 spiritulia
1426 691 1564 748 reddendo
1590 709 1641 765 pro
1661 711 1723 752 car·

79 778 149 850 ipsi
167 794 235 836 cura
249 787 292 833 est
305 776 339 832 de
358 776 438 831 nobis
456 792 463 829 :
484 775 610 830 inclinari
627 791 768 830 cormeum
788 774 822 828 ud
844 776 886 845 ia·
936 777 1055 845 nulibus,
1070 793 1131 848 qnae
1144 779 1348 848 comparatione
1363 795 1395 835 ac
1409 782 1507 835 merito
1521 783 1564 837 sui
1576 784 1614 839 ita
1631 793 1721 849 eruut,

81 869 205 923 ciendos
216 867 423 937 justificationes
436 874 511 932 raas,
526 865 598 922 licus
616 880 704 931 mens,
716 866 744 919 in
758 875 885 920 eternum
934 870 1015 940 quasi
1032 884 1117 940 parvo
1138 885 1252 926 numero
1270 872 1443 927 certtmarius
1459 887 1590 929 uumerus
1609 889 1722 945 compa·

81 968 204 1029 propter
219 957 429 1012 retributionem.
443 954 493 1012 Vel
506 957 614 1013 sicutin
634 955 747 1012 llebraeo
769 957 882 1028 legitur:
935 973 1027 1019 retur:
1040 961 1084 1017 rel
1096 971 1169 1018 certe
1183 962 1234 1029 sic,
1254 971 1285 1018 ut
1297 963 1431 1020 benedicti
1457 964 1484 1019 io
1509 964 1584 1020 omui
1612 965 1724 1023 moedi·

83 1049 212 1121 Propter
223 1060 349 1104 eteniam
369 1049 578 1116 retribationem,
590 1057 683 1104 certus
700 1048 734 1103 de
753 1057 799 1103 tna
822 1063 886 1119 bro·
934 1055 1026 1111 citone
1051 1053 1166 1124 spiritali
1195 1054 1222 1110 iu
1244 1055 1402 1111 caelestibus
1426 1057 1454 1111 in
1480 1055 1591 1111 cbristo
1620 1057 1723 1114 nullius

85 1141 231 1207 videntia,
250 1140 322 1211 qood
348 1139 414 1194 mibi
434 1138 589 1194 extendenti
615 1155 659 1194 me
681 1138 708 1194 in
736 1141 883 1205 anteriora,
934 1151 1042 1213 egeant,
1055 1144 1094 1199 ita
1103 1153 1133 1199 ut
1147 1144 1215 1199 nibil
1230 1145 1270 1201 eis
1284 1146 1356 1201 desit
1366 1145 1393 1200 in
1402 1145 1456 1201 talla
1468 1146 1553 1216 gratia
1562 1156 1721 1217 exspectan·

83 1249 158 1305 quae
171 1240 346 1288 snutaeterna
357 1231 479 1300 prauus,
494 1245 547 1285 nou
559 1229 685 1285 delatura
697 1240 778 1287 erunt
789 1246 885 1287 umes·
934 1232 1009 1289 tibus
1035 1234 1227 1289 revelationem
1261 1233 1369 1289 Domini
1396 1236 1483 1291 nostri
1508 1234 1573 1291 lesu
1596 1236 1722 1309 Christi,

85 1325 172 1381 saria
183 1323 355 1396 temporalia,
366 1331 449 1394 prout
460 1322 570 1395 expedit
583 1323 638 1380 illis
659 1325 698 1380 uti
725 1325 759 1380 ad
783 1333 883 1382 aetmua
933 1324 1044 1397 qnando
1062 1323 1134 1379 sient
1156 1333 1267 1395 egentes
1285 1328 1385 1381 urultos
1412 1324 1589 1397 locupletant,
1605 1336 1633 1383 et
1661 1337 1723 1384 tan·

82 1413 288 1486 perquirenda.
933 1431 1017 1488 quam
1032 1413 1100 1470 nibil
1119 1414 1252 1470 babentes
1276 1414 1368 1470 omnia
1391 1417 1530 1487 possident
1545 1416 1588 1487 (Η
1603 1418 1665 1473 Cor.
1682 1434 1720 1485 rt,

438 1521 550 1562 marcu.
934 1508 990 1578 lb).
1002 1505 1130 1562 Nonnulli
1144 1505 1226 1561 ctiam
1241 1505 1335 1561 talium
1347 1505 1550 1575 dispensatores
1561 1506 1625 1563 lacti
1635 1508 1724 1562 ecclc-

126 1595 236 1652 Nomen
256 1596 355 1651 litterae
368 1597 472 1667 quirun
486 1596 608 1659 decimae,
624 1595 697 1667 quod
708 1605 750 1654 est
765 1599 880 1662 sonaci,
933 1600 1106 1657 siasticarum
1119 1597 1278 1654 facultatum
1289 1598 1316 1651 in
1328 1596 1395 1667 ipsis
1406 1611 1515 1668 qnoque
1526 1597 1722 1667 temporalibus

82 1689 221 1743 diuersas
241 1688 323 1744 babet
355 1688 602 1759 interpretationes.
629 1687 751 1761 &nique
772 1698 803 1745 ut
825 1666 1064 1763 rulthemuplo
1094 1691 1182 1762 magis
1210 1687 1348 1759 accipiunt
1376 1703 1458 1759 quam
1491 1688 1658 1758 relinquunt,
1674 1689 1722 1759 oui

79 1777 821 1848 Ambrosios,interpretaturuudi,relpirmamentaot,
835 1772 883 1836 sed
932 1782 1014 1838 etiam
1041 1778 1244 1851 dispensatione
1268 1778 1320 1835 sibi
1348 1778 1450 1833 credita
1471 1777 1587 1832 fideliter·
1615 1778 1721 1849 expleta

83 1877 120 1923 ιιι
133 1867 390 1940 vultllierouymus
412 1867 553 1925 liebraicae
572 1871 695 1926 ueritatis
720 1871 808 1942 magis
833 1887 882 1943 pe·
931 1873 1017 1929 uitam
1034 1882 1163 1928 uternam
1181 1868 1371 1940 possidebunt,
1389 1883 1451 1924 cum
1467 1868 1514 1923 tali
1535 1868 1635 1938 cuique
1648 1871 1723 1926 dice·

82 1959 174 2025 ritus,
188 1959 383 2029 interpretatur
397 1959 571 2029 adjutoriam.
587 1958 654 2027 Quae
675 1961 766 2016 omnia
783 1978 882 2018 cume·
932 1974 999 2020 tur:
1018 1984 1027 2016 ι
1043 1962 1129 2035 Euge,
1145 1976 1223 2017 serre
1241 1959 1313 2016 bone
1336 1969 1364 2015 et
1381 1958 1479 2023 bueus,
1500 1960 1565 2030 quia
1586 1961 1613 2015 iu
1636 1976 1722 2031 pauca

83 2050 174 2105 niunt
187 2050 329 2106 octonario
348 2050 412 2105 buic
428 2050 524 2105 litterae
549 2051 702 2121 supposito,
717 2053 781 2122 quia
803 2054 881 2124 quis·
931 2050 1332 2123 loistiiidelis,suprsmnltate
1343 2051 1723 2124 constituam:intrsiugau·

84 2141 157 2213 quis
177 2142 336 2197 obedienter
362 2141 449 2208 audit,
473 2141 641 2214 firmiterque
664 2160 721 2200 suae
743 2147 882 2201 memoriae
930 2149 1006 2205 dium
1025 2147 1134 2203 bomini
1161 2146 1201 2203 tui
1225 2129 1336 2218 (barti.
1352 2161 1416 2212 xxr,
1431 2144 1489 2217 ll).
1508 2162 1519 2199 ι
1539 2143 1592 2201 Sed
1616 2144 1721 2201 necilli

82 2234 295 2290 commendabit
308 2250 370 2305 quae
390 2235 435 2291 bic
454 2235 593 2303 dicuntur,
607 2235 715 2292 babebit
725 2238 823 2294 exinde
833 2240 882 2295 ad·
931 2238 1143 2305 fraudabuntur,
1161 2237 1218 2294 imo
1233 2237 1320 2309 magis
1335 2236 1417 2292 etiam
1432 2235 1460 2290 in
1486 2236 1537 2292 bac
1562 2235 1721 2307 peregrina·

15 2336 16 2341 ¹
82 2322 226 2393 latorium
249 2324 277 2379 iu
293 2325 544 2395 opportunitatibus
567 2326 594 2380 in
625 2329 811 2397 tribulatione,
826 2346 880 2402 qua
932 2331 1007 2387 tione
1020 2330 1180 2386 ditabuntur
1191 2329 1317 2400 centupla
1328 2328 1516 2394 retributione,
1529 2328 1630 2397 quibus
1639 2328 1722 2386 datur

84 2413 223 2485 latigatur
236 2416 271 2471 ab
282 2417 393 2486 miquis,
406 2426 502 2475 contra
512 2436 582 2490 quos
596 2423 687 2492 psallit
700 2422 813 2479 diceus:
930 2419 1015 2476 abeo
1029 2437 1083 2476 raon
1107 2436 1228 2491 praeesse,
1256 2419 1304 2476 sed
1323 2424 1427 2474 subesse
1446 2419 1473 2473 in
1501 2418 1548 2473 tali
1579 2421 1720 2487 socictate,

125 2503 212 2563 tuns.
232 2507 292 2562 trs.
309 2507 417 2579 iniquas
431 2512 594 2581 intonata,
607 2524 632 2569 o
646 2515 728 2586 tepeo
743 2524 816 2571 anot
838 2519 881 2572 at·
930 2508 1022 2580 quetis
1035 2517 1093 2563 arar
1105 2508 1162 2575 1¹¹³.
1173 2506 1207 2563 ue
1216 2522 1270 2579 (ιιι
1291 2506 1422 2577 seriptum
1435 2514 1497 2562 0⁵⁸2
1518 2505 1720 2566 «naturatum
1784 2528 1790 2535 ·

85 2597 156 2653 isai.
172 2596 263 2669 irrigui
275 2608 350 2666 suut,
365 2602 413 2672 qui
439 2603 490 2675 legi
512 2614 575 2672 ιιι,
592 2604 674 2673 bens,
689 2607 879 2666 adversamur,
930 2598 1100 2656 credentium
1113 2608 1171 2654 erat
1184 2613 1232 2654 cor
1246 2613 1331 2653 unum
1343 2606 1371 2653 ct
1384 2597 1475 2652 anima
1494 2611 1561 2664 uua,
1573 2612 1624 2653 nec
1639 2600 1720 2669 quis·

85 2687 149 2747 ilos
162 2706 227 2747 cum
242 2703 334 2749 essem
358 2696 483 2754 hominos
508 2699 604 2771 iniqui,
618 2715 673 2755 110„
699 2716 746 2756 ρος
772 2700 799 2755 ι..
827 2702 880 2757 hoc
930 2706 1013 2761 quam
1026 2704 1109 2760 egens
1120 2699 1178 2745 erat
1197 2690 1266 2744 inter
1281 2688 1353 2754 iilos,
1380 2703 1443 2743 cum
1467 2687 1580 2742 daretur
1604 2688 1720 2759 siugulis

85 2780 178 2845 odiri,
198 2784 271 2853 qnod
284 2795 362 2840 erant
376 2787 511 2857 hominos,
523 2791 587 2862 qnia
602 2807 698 2848 omnes
709 2793 833 2849 homines
844 2794 879 2849 αι)
930 2791 1013 2854 prout
1027 2780 1202 2851 coiqucopus
1214 2788 1274 2835 erat
1284 2778 1354 2849 (dat.
1367 2794 1404 2845 ru,
1416 2777 1544 2848 ilibus
1558 2792 1608 2833 nec
1619 2777 1720 2847 aliquis

86 2869 167 2924 omui
183 2870 293 2926 bomine
302 2872 430 2944 diligendi
444 2887 518 2945 suut,
539 2878 566 2934 in
588 2890 720 2950 querutum
743 2891 808 2937 suot
832 2883 880 2938 bo-
931 2874 1001 2930 ultra
1015 2873 1130 2944 cupiret,
1153 2880 1297 2928 contentos
1320 2886 1353 2927 eo
1382 2870 1456 2941 quod
1484 2878 1636 2940 acceperat.
1656 2868 1719 2926 sire

86 2960 200 3016 mium:
217 2976 309 3018 rerum
324 2964 496 3035 inquantum
510 2971 774 3042 suntiuipui,etiarn
798 2973 913 3059 lami-c
931 2964 1014 3036 ῑιιίῑιιι
1030 2979 1063 3020 00
1082 2964 1164 3019 m0d0
1192 2978 1248 3034 i1¹1⁰
1277 2963 1379 3019 dicium
1401 2970 1453 3025 esi,
1471 2960 1530 3017 Sili
1557 2960 1612 3016 ³¹10
1637 2961 1719 3017 ¹1¹0d0

85 3049 175 3106 liares
187 3051 295 3107 odiendi
311 3063 375 3109 snut
395 3056 459 3111 odio
485 3066 579 3114 ιιιιιο
600 3068 628 3115 et
642 3061 807 3129 rationabili,
822 3079 877 3134 quo
931 3055 1089 3127 centuplum
1103 3055 1159 3112 sint
1173 3056 1200 3109 iu
1216 3054 1268 3110 bac
1279 3055 1334 3110 rita
1348 3053 1492 3124 recepturi,
1508 3067 1525 3108 o
1543 3052 1662 3119 Christe,
1676 3053 1719 3109 di·

85 3156 143 3196 non
173 3141 308 3211 homines,
335 3146 382 3200 scd
413 3145 554 3204 bominum
578 3150 643 3206 ultia
661 3161 726 3207 snut
750 3153 875 3209 odienda.
929 3148 1027 3218 scipuli
1058 3146 1108 3214 tni,
1126 3146 1173 3217 qui
1200 3146 1357 3216 centuplum
1385 3143 1565 3216 repromittis,
1589 3158 1640 3214 ego
1662 3157 1718 3198 uon

84 3229 149 3286 Tali
164 3232 226 3286 adia
237 3233 340 3303 iniquas
352 3235 437 3304 odiri,
453 3237 513 3290 odio
525 3238 623 3294 baleus
633 3255 728 3296 corum
750 3243 879 3313 iniquita·
927 3242 1024 3297 dubito
1039 3237 1248 3310 promissionem
1264 3237 1344 3293 istam
1358 3250 1441 3306 quam
1468 3234 1562 3290 moitis
1583 3233 1718 3304 adimple·

86 3332 153 3388 teut,
170 3322 275 3379 scilieet
288 3334 390 3381 mttetae
410 3325 475 3397 lepis
499 3337 552 3384 ιιι
574 3331 836 3401 prevaricationem,
850 3344 878 3390 et
928 3341 995 3395 tam,
1009 3339 1037 3385 ct
1051 3328 1142 3386 adbuc
1151 3328 1213 3385 aliis
1226 3328 1437 3399 adimplendam,
1451 3326 1515 3397 qnia
1546 3335 1573 3381 ct
1587 3325 1659 3397 qnod
1669 3325 1717 3381 in·

86 3412 143 3467 boe
158 3412 229 3476 ideo,
241 3412 305 3483 qnia
321 3412 402 3483 baem
418 3424 492 3470 tuasu
506 3417 600 3484 dilexi,
619 3435 681 3489 quae
703 3420 730 3475 io
743 3431 877 3492 quantum
927 3423 1030 3493 telligo,
1045 3430 1164 3492 spernet
1177 3418 1293 3491 sperati,
1309 3427 1337 3475 et
1359 3418 1432 3490 quod
1448 3433 1501 3473 uon
1525 3418 1656 3489 intelligo,
1668 3433 1715 3472 su·

85 3504 211 3575 diligitur
221 3515 249 3559 et
263 3504 361 3576 planet,
374 3506 401 3561 in
414 3515 519 3563 tantum
531 3509 591 3580 ejus
605 3513 793 3582 pravaricatio
817 3515 876 3570 dis·
926 3515 1075 3584 persperaui
1097 3508 1170 3568 tbtm
1185 3498 1305 3567 intentus
1317 3509 1344 3564 in
1356 3510 1460 3564 mulam
1471 3517 1555 3575 tuam,
1567 3509 1641 3578 quod
1669 3524 1717 3563 ne-

85 3594 185 3665 plieet;
200 3602 282 3664 atque
295 3594 367 3662 ideo,
379 3596 443 3667 quia
456 3613 508 3668 ego
522 3598 603 3669 legem
618 3610 691 3656 taam
706 3602 798 3669 dilexi,
808 3618 877 3673 prae·
928 3604 1049 3661 cessario
1061 3612 1104 3659 est
1119 3602 1298 3674 implendum,
1315 3621 1325 3654 ι
1339 3610 1369 3657 ιιι
1379 3600 1540 3672 justillceris
1559 3599 1586 3654 in
1610 3615 1717 3655 sermo·

83 3687 325 3758 varicatoresejns
339 3690 401 3744 odia
419 3690 512 3758 tabat,
524 3693 626 3747 etdum
643 3693 784 3763 ‹perlecto
811 3696 876 3752 odio
928 3695 1010 3750 tribus
1021 3692 1075 3748 tuis
1088 3690 1175 3759 (Psoi.
1190 3707 1217 3758 a,
1228 3690 1277 3761 bit
1294 3691 1386 3746 omnia
1406 3688 1540 3754 iaciendo,
1565 3704 1627 3759 quae
1650 3704 1716 3759 pro·

85 3780 201 3835 oderam
216 3778 288 3847 ilios,
297 3779 400 3835 inimici
414 3779 478 3837 lacti
489 3792 553 3839 sunt
564 3783 630 3839 mibi
643 3783 730 3854 (Psoi.
743 3800 874 3854 canatur,
926 3785 1013 3840 mittis
1030 3781 1202 3853 adimplenda
1226 3780 1290 3837 utin
1316 3779 1517 3851 promissionis.
1543 3776 1571 3832 ln
1597 3793 1715 3850 quornm

83 3871 169 3939 nl.»
927 3876 1067 3933 consortio
1084 3875 1147 3947 qtria
1162 3887 1223 3930 esse
1236 3872 1363 3930 desidero
1385 3871 1488 3944 absque
1515 3870 1588 3926 anaia
1609 3871 1715 3943 iuquie-

123 3961 154 4018 ln
172 3961 285 4021 liebraeo
300 3965 340 4022 sic
353 3966 464 4036 legitur:
483 3964 731 4031 Tumultuosasadi,
746 3975 772 4021 et
793 3966 875 4037 legem
925 3968 1029 4032 tudine,

86 4066 163 4111 tsastt
176 4056 271 4116 dilexi.
289 4056 369 4113 Tales
396 4057 479 4128 igitur
501 4058 605 4128 iniquas
631 4056 744 4128 intelligi
768 4067 875 4129 oportet
961 4056 1043 4112 Vnus.
1059 4057 1119 4111 115.
1140 4055 1277 4109 declinate
1293 4070 1371 4121 atae,
1387 4053 1509 4125 utaligai,
1531 4060 1556 4106 et
1577 4049 1715 4106 scrutabor

87 4149 142 4204 boc
156 4147 228 4216 ioco,
241 4148 341 4219 quibos
352 4164 406 4204 oon
418 4148 516 4204 subicit
528 4163 578 4204 sna
589 4149 717 4219 iniquitas
729 4149 762 4204 ad
775 4148 875 4205 suimet
925 4149 1052 4203 anniadum
1076 4147 1122 4201 liei
1143 4148 1205 4200 utel.
1230 4145 1296 4213 Vos,
1313 4144 1424 4215 maligui
1450 4144 1573 4214 spiritns,
1593 4142 1713 4212 primum

85 4239 279 4309 perditonem,
294 4240 347 4296 uisi
371 4239 538 4295 tumultuosa
562 4239 765 4310 importunitate
787 4255 875 4310 oppu-
928 4240 1007 4310 qnasi
1021 4253 1131 4294 oursms
1149 4236 1229 4306 abigo
1254 4236 1288 4290 ab
1314 4233 1488 4291 infestatione
1517 4233 1615 4288 meotis
1635 4246 1712 4298 mete,

84 4340 170 4398 guent
183 4330 329 4401 iustitiam.
355 4330 460 4399 Quibus
485 4345 529 4385 ute
552 4331 777 4403 impugnantibus
798 4331 874 4388 dele·
890 4340 911 4394 Ι)
925 4330 1062 4387 mandatis
1077 4327 1124 4383 bei
1139 4327 1295 4384 scrutandis
1310 4326 1429 4393 intentae,
1449 4323 1550 4394 quibus
1579 4323 1608 4377 ia
1633 4320 1713 4376 nerlu

84 4422 199 4489 cissent,
214 4423 267 4479 nisi
281 4421 355 4494 qnod
370 4432 397 4478 tu
926 4421 1037 4477 viantis
1051 4419 1110 4487 liei,
1127 4420 1155 4474 in
1166 4418 1240 4490 quod
1250 4416 1441 4488 superlucrari,
1457 4413 1585 4486 praecipio
1600 4413 1712 4469 dicens:

123 4510 206 4569 Vsus.
221 4514 283 4569 ill.
299 4514 414 4583 Adiutar
425 4525 450 4569 et
461 4522 594 4583 susceptor
609 4530 680 4568 meus
691 4529 736 4569 es:
747 4524 771 4568 et
781 4515 808 4568 ia
820 4531 876 4569 ter·
925 4512 1063 4567 Decliuate
1075 4528 1092 4565 o
1105 4527 1156 4576 nte,
1172 4526 1252 4580 qrrem
1265 4508 1344 4580 quasi
1369 4507 1441 4578 legio
1462 4504 1580 4573 artaligna
1595 4503 1714 4573 maligne

87 4605 149 4659 tan
163 4614 239 4660 ιιιιιιιι
253 4607 445 4676 supersperavi.
465 4606 581 4675 Adiutor
595 4604 662 4660 mibi
683 4620 714 4661 es
730 4605 799 4661 inter
822 4606 876 4660 ini·
925 4604 1084 4660 divertentis.
1100 4600 1247 4668 declinate,
1261 4601 1383 4670 iuquam,
1395 4609 1422 4654 et
1433 4599 1470 4652 ite
1482 4596 1509 4649 in
1522 4610 1621 4665 porcos
1634 4594 1713 4653 vobis

85 4713 150 4767 gaas
166 4697 343 4752 tumultuosos
359 4697 492 4753 laboranti
506 4712 538 4752 ac
550 4698 665 4753 certanti
683 4713 732 4767 pro
746 4698 803 4769 lego
817 4705 873 4765 tna,
925 4708 1072 4748 concessos
1094 4707 1143 4763 per
1162 4691 1285 4757 Verbum,
1301 4691 1328 4744 in
1342 4688 1414 4759 ‹pnod
1428 4687 1619 4755 supersectam,
1631 4686 1711 4756 cujus

85 4788 261 4857 munditias·
274 4798 320 4842 :et
334 4798 469 4858 susceptor
487 4805 559 4844 aneas
582 4805 609 4843 es
635 4798 696 4858 post
721 4788 875 4844 laborasse
924 4785 952 4836 iu
972 4782 1073 4837 uirtute
1085 4781 1164 4836 robis
1177 4781 1255 4836 dico:
1271 4779 1408 4833 declinate
1422 4795 1438 4832 a
1454 4793 1505 4844 rue,
1526 4792 1614 4849 neque
1624 4793 1711 4848 appo·

85 4878 237 4934 certamina
250 4878 319 4934 daos
330 4880 500 4949 requiescere
512 4879 538 4933 iu
551 4888 587 4943 tc,
599 4878 746 4949 aliquando
758 4894 807 4948 per
824 4895 874 4948 gu·
925 4874 996 4928 uatis
1006 4873 1076 4927 ultra
1096 4885 1194 4926 nocere
1209 4870 1287 4935 mibi,
1314 4870 1393 4940 enjus
1414 4880 1457 4925 est
1483 4870 1651 4940 propositum
1666 4872 1712 4925 ta·

85 4977 159 5023 ιιιιι
181 4968 429 5038 contemplationis,
453 4969 518 5023 dnm
541 4977 644 5039 partem
667 4968 796 5038 optimam
818 4985 873 5024 non
924 4980 987 5020 care
1001 4963 1087 5028 uerbo,
1103 4963 1130 5017 iu
1145 4962 1216 5033 qood
1246 4962 1437 5032 supersperavi,
1452 4970 1479 5017 et
1499 4964 1616 5017 serutari
1634 4952 1718 5015 monk.

85 5056 264 5113 anlereudam
276 5059 374 5128 partim
386 5058 430 5114 bie
446 5058 568 5129 indulges
580 5058 808 5129 praegustandam,
824 5060 874 5114 aii·
923 5054 989 5108 data
1003 5052 1063 5106 bei.
1079 5050 1133 5108 Vos
1147 5065 1257 5121 quoqne
1268 5049 1378 5121 maligni
1390 5049 1515 5104 bomiucs
1527 5051 1709 5119 malignorum

84 5147 197 5217 quando
210 5163 285 5213 uero,
298 5150 353 5203 irno
368 5145 478 5205 assidue
492 5162 540 5216 per
550 5162 626 5217 spem
650 5146 805 5203 futurorum
823 5148 873 5203 bo-
923 5146 1067 5225 spirituum
1082 5141 1242 5199 sociisimol
1265 5157 1326 5197 curat
1355 5142 1421 5212 ipsis
1447 5139 1649 5194 declinarentur
1664 5139 1708 5192 in·

85 5252 188 5292 norum
205 5238 321 5295 iorerbo
334 5250 381 5294 :oo
398 5238 465 5294 mibi
488 5240 696 5309 promissorum.
723 5237 789 5293 Num
819 5241 872 5297 tuis
922 5237 1050 5307 crepatia
1066 5235 1152 5299 aerbo,
1169 5235 1195 5288 in
1210 5234 1284 5304 quod
1296 5231 1486 5303 supersperavi,
1503 5244 1537 5284 oe
1552 5229 1612 5284 sitis
1640 5226 1708 5282 mibi

86 5329 313 5399 promissionibus
327 5330 462 5387 credendo
473 5330 501 5383 iu
512 5331 616 5384 uerbum
639 5340 713 5385 tanin
736 5346 871 5400 superspe-
922 5328 1092 5383 obstaculum
1107 5325 1207 5381 tolerati
1222 5324 1364 5396 diiigenter
1374 5322 1489 5377 senatori
1508 5318 1634 5373 materiato
1646 5317 1707 5384 Dei,

85 5421 155 5487 saei,
169 5420 257 5477 sciens
270 5422 342 5492 qurod
352 5421 606 5491 superabundanter
629 5436 711 5490 quam
739 5429 802 5490 peto
825 5429 872 5475 ant
922 5422 985 5492 quiin
1004 5418 1183 5490 malignitatis
1196 5426 1292 5472 vestan
1305 5410 1505 5483 importunitas,
1518 5409 1569 5465 etsi
1583 5408 1617 5464 ad
1629 5422 1707 5463 ιιιιιιι·

86 5511 217 5584 intolligo,
235 5523 333 5585 potens
345 5529 375 5570 es
390 5514 518 5584 perlicere
531 5513 623 5570 omnia
636 5506 700 5584 oum
721 5512 870 5583 prornisisti
921 5514 986 5567 detta
1001 5512 1050 5566 bei
1067 5508 1189 5565 iacienda
1209 5512 1344 5572 exerceat,
1360 5512 1451 5559 tarusn
1465 5501 1501 5556 ab
1513 5499 1613 5556 eisdem
1629 5513 1707 5554 scru-

86 5603 264 5677 seuucutibus
281 5613 317 5673 tc,
337 5606 437 5676 quibus
452 5616 561 5679 propter
573 5615 640 5663 tcae
652 5613 761 5677 proptor
783 5601 871 5659 Etau·
925 5605 1014 5663 taudis
1026 5609 1122 5662 auocat
1140 5600 1222 5659 modo
1247 5595 1445 5674 persequendo,
1460 5592 1541 5653 modo
1565 5589 1707 5665 litigando,
