3892 6067
124 220 176 279 ⁵57
254 216 548 310 'conuenientes
567 211 601 277 ΙΝ
619 171 789 280 essuries.
809 254 844 263 -
855 221 948 281 PARS
963 221 1010 292 lx,
1028 219 1075 280 EX
1094 221 1259 282 dononio.
1279 252 1315 265 ·-
1333 221 1432 281 PSAL.
1452 220 1609 281 LXXXVII!
1710 222 1763 282 838

124 343 177 398 εει,
190 344 327 407 praecepta
341 334 410 393 llori
425 335 593 396 Testamenti
608 340 669 396 dedi
691 340 835 411 apostolis,
848 356 919 411 quos
933 344 956 400 Α
969 350 1062 395 natur.
1078 339 1167 395 uocas
1188 341 1320 412 nacturos
1332 348 1397 396 suan
1408 339 1575 397 tentationes
1589 340 1761 411 persecutio-

121 428 203 500 elegi.
223 426 258 483 Et
273 428 326 484 hoc
349 429 445 487 dixisti
466 450 473 487 :
492 430 588 488 taraci
613 431 699 488 David
722 449 796 487 scrro
814 448 880 497 orco,
892 430 919 487 id
970 448 1049 500 num,
1074 447 1147 504 quos
1161 429 1289 489 Christus
1305 433 1423 504 mitigat,
1454 448 1488 487 ne
1503 432 1619 488 satiens
1641 432 1762 502 procella

121 530 163 577 est
177 518 298 575 tirmiter
321 522 435 592 promisi
449 521 563 580 Christo
581 524 616 580 de
629 523 715 581 liavid
733 524 826 595 gestito
850 521 918 577 mibi
970 540 1065 581 serras
1075 539 1142 579 suos
1157 523 1269 591 obruat,
1285 539 1338 579 non
1351 539 1385 580 cs
1400 531 1457 579 toto
1474 522 1573 589 aulert,
1589 537 1623 578 ne
1635 523 1763 594 martyri-

120 630 170 686 ρει
182 613 277 670 omnia
292 612 441 671 obedienti.
970 615 1022 671 bns
1032 628 1163 670 ceronam
1176 614 1290 670 adimat.

159 704 243 762 naas.
255 705 283 762 5.
295 703 417 776 Usqueirr
428 707 722 778 aternumpreparoho
736 715 917 770 remeaturum,
1006 705 1090 763 Vsus.
1106 707 1149 762 ll.
1165 706 1204 762 Tu
1219 707 1369 763 humiliasti
1393 708 1462 763 sicut
1481 707 1648 764 uulneratum
1668 725 1761 780 supcr-

120 791 146 855 i'd
164 807 209 854 est
219 797 406 865 Christianos,
422 807 485 854 tuos
499 813 631 870 εεριιιιεεε
642 797 740 854 iaciam
751 798 779 852 io
791 807 918 853 eternum
969 799 1042 862 hum,
1054 800 1082 853 io
1096 798 1205 853 brachio
1218 799 1384 854 uirtutistuoe
1395 798 1545 870 dispersisti
1555 800 1678 854 inimicos
1689 810 1759 856 tuos.

119 889 234 946 durare.
251 888 287 944 Et
301 890 441 959 edificabo
452 891 481 944 in
499 890 668 959 gerrcrotiorre
679 898 704 944 ct
723 888 917 961 generationem
968 886 1027 944 llne
1041 896 1158 944 tractum
1178 896 1221 943 εει
1235 888 1269 943 de
1280 887 1434 955 Pharaone,
1445 903 1526 959 quem
1542 888 1690 959 superbum
1702 905 1762 944 ntu-

119 983 309 1048 scdcrrrtuoru,
325 983 378 1038 hoc
396 991 447 1048 εει,
467 980 618 1037 Ecclesiam
640 996 674 1035 ex
695 981 765 1035 riuis
780 980 917 1051 lapidibus
966 984 1034 1048 seis,
1060 982 1136 1037 ranis
1151 990 1179 1036 ct
1200 980 1261 1037 aliis
1287 979 1428 1036 rermibus
1449 981 1614 1049 volneratis,
1630 983 1760 1040 humilia·

119 1072 277 1140 aetlillcabo,
296 1074 324 1129 in
335 1088 390 1142 qna
405 1083 471 1129 tunc
485 1070 542 1128 liert
555 1072 664 1128 sedebis
680 1072 707 1126 in
719 1081 862 1129 eternum.
966 1074 1022 1140 nit;
1038 1074 1165 1130 inimicos
1188 1087 1255 1131 suos
1269 1072 1414 1145 ,Egyptios
1432 1073 1573 1144 dispersit,
1587 1075 1653 1131 dum
1669 1077 1760 1133 tincti-

155 1165 330 1238 Diapsolora.
344 1164 454 1238 Regalis
467 1164 586 1236 potentia
597 1164 699 1220 Christi
710 1167 844 1236 seqrtitor,
856 1183 917 1238 qua
967 1166 1019 1221 bns
1033 1167 1117 1222 maris
1131 1165 1275 1221 irntnersit.
1288 1164 1429 1235 Superbus
1440 1172 1483 1221 est
1492 1166 1629 1235 diabolus,
1643 1170 1689 1240 qui
1704 1171 1761 1225 cla-
1777 1181 1780 1186 ⁴

119 1258 217 1314 multis
238 1258 367 1314 laudibus
383 1257 527 1314 attollitur.
550 1256 735 1314 Praecedeutia
749 1256 783 1313 ad
796 1258 915 1327 Patrem,
966 1258 1009 1314 ris
1023 1259 1113 1314 crucis
1129 1257 1231 1313 Christi
1249 1257 1390 1313 sauciatus
1409 1257 1436 1312 in
1451 1259 1546 1329 spoliis
1567 1266 1609 1315 est
1628 1260 1758 1317 humilia-

118 1350 266 1422 seqnentia
283 1349 439 1405 referuntur
449 1350 484 1406 ad
501 1348 613 1404 Filium.
966 1357 1022 1405 tus.
1044 1347 1106 1406 ldeo
1122 1347 1212 1404 dixit:
1229 1345 1305 1403 Sicut
1328 1347 1506 1415 incineratum,
1527 1349 1593 1420 quia
1610 1366 1758 1421 percussus

155 1440 241 1498 Vsus.
253 1440 281 1497 6.
294 1440 496 1510 Confitchuntur
506 1441 565 1495 coti
576 1440 712 1496 mirabilia
724 1450 780 1510 tuo,
793 1440 914 1498 Domine.
965 1451 1009 1497 est
1032 1442 1127 1497 dolore
1144 1441 1169 1495 in
1187 1448 1288 1506 mente,
1303 1456 1357 1493 non
1379 1455 1472 1507 carne,
1487 1457 1569 1511 otram
1596 1458 1651 1496 rton
1665 1443 1757 1500 habet.

117 1535 196 1602 Coela,
220 1535 248 1590 id
271 1544 315 1590 est
336 1533 464 1605 apostoli,
485 1535 512 1589 in
534 1534 635 1604 quihus
651 1534 841 1591 misericordia
867 1550 916 1605 per
965 1530 1018 1598 Qui
1032 1546 1098 1600 crgo
1116 1531 1251 1600 superbus
1266 1529 1300 1584 ab
1312 1530 1440 1585 omnibns
1454 1531 1563 1601 popnlis
1575 1542 1605 1588 ut
1617 1533 1690 1590 lleus
1704 1537 1757 1591 coli

15 1645 16 1648 ¹
116 1625 299 1698 Evangelium
314 1624 416 1683 Christi
440 1626 841 1698 estaedissrata,etinquibus
866 1642 915 1697 per
965 1623 1063 1689 soluit,
1079 1639 1128 1694 per
1150 1623 1290 1679 Christum
1305 1623 1468 1679 humiliatus
1488 1636 1542 1692 est,
1571 1629 1681 1699 qnando
1697 1644 1756 1695 eos,

117 1716 254 1790 Spiritum
276 1728 402 1774 sanctum
420 1727 462 1774 εει
476 1728 638 1789 preparata,
654 1720 706 1790 ipsi
719 1721 913 1789 confitebuntur
964 1717 1011 1788 qui
1036 1733 1149 1789 regnum
1165 1717 1225 1787 ejus
1248 1726 1336 1784 crant,
1353 1719 1455 1775 amisit.
1470 1718 1502 1773 lu
1517 1719 1625 1776 brachio
1650 1722 1757 1778 uirtutis

116 1811 256 1867 mirabilia
277 1821 334 1877 tuo,
347 1809 469 1878 homine,
483 1810 510 1866 id
526 1821 568 1866 cst
582 1810 732 1866 laudabunt
749 1810 836 1882 signa,
852 1826 914 1882 quae
965 1819 1020 1864 turc
1032 1808 1183 1879 dispersisti
1198 1809 1321 1863 inimicos
1337 1818 1406 1875 tuos,
1424 1810 1450 1865 id
1466 1818 1508 1866 est
1527 1808 1638 1868 ledeos
1653 1828 1701 1880 per
1715 1823 1759 1869 to·

115 1902 247 1960 facturus
259 1918 300 1972 es,
312 1902 433 1960 Christe.
449 1902 556 1958 Etenim
579 1905 715 1958 acritatem
733 1912 806 1957 tuam
818 1904 846 1957 in
857 1902 912 1959 Ec·
964 1908 1022 1955 urm
1035 1900 1129 1955 orbcm
1146 1898 1173 1953 in
1190 1899 1293 1970 potenti
1309 1900 1409 1958 uirtute
1425 1912 1481 1958 tua.

115 1997 202 2052 ciceia
214 2005 377 2064 sanctorum,
400 1996 426 2051 id
444 2006 485 2053 est
496 1997 696 2067 promissiones
709 2006 770 2052 tuas
788 2012 868 2053 veras
885 2003 913 2052 ct
1000 1988 1081 2045 Vens.
1103 1989 1147 2058 lh,
1162 1989 1206 2055 ld,
1220 1988 1265 2045 ll.
1287 1988 1338 2044 Tui
1351 2000 1414 2046 suut
1433 1993 1600 2059 sadiattes
1616 2007 1655 2050 est
1669 2006 1754 2060 terra.

115 2091 195 2161 signa
213 2089 403 2160 praedicnbnnt
427 2089 454 2144 in
470 2088 681 2161 congregatione
701 2097 871 2155 sanctornm,
885 2097 912 2143 et
962 2080 1050 2135 ornent
1065 2089 1142 2136 ietrw
1158 2091 1183 2135 el
1195 2081 1383 2153 plenitudinem
1399 2084 1455 2154 ejus
1470 2086 1641 2155 infundatis,
1653 2087 1756 2159 agello·

116 2177 647 2251 1100annuntiabuntquonnnssusripi
663 2179 763 2235 similis
776 2179 821 2233 sit,
962 2190 1020 2227 nem
1040 2183 1066 2228 ct
1084 2189 1156 2227 marc
1175 2184 1204 2228 tu
1216 2176 1323 2230 creasti.
1344 2174 1407 2232 llaec
1422 2177 1503 2233 verba
1525 2187 1610 2236 tracta
1636 2191 1701 2237 sunt
1722 2183 1756 2239 tle

151 2267 237 2324 Vsus.
251 2268 277 2325 7.
300 2268 433 2335 eroniam
453 2271 513 2341 ouis
528 2271 555 2323 irr
567 2252 679 2324 nutibus
694 2268 909 2340 equabitarDo-
961 2264 1100 2320 creatione
1110 2265 1216 2333 mutrdi,
1230 2266 1294 2336 qnia
1311 2266 1338 2322 in
1352 2266 1462 2324 Christo
1474 2280 1540 2325 snnt
1553 2273 1645 2328 omnia
1661 2276 1755 2331 condi-

113 2362 207 2417 mino?
228 2359 280 2416 llic
297 2359 418 2418 Trinitas
439 2361 588 2429 inducitur,
612 2371 643 2417 ut
658 2370 714 2417 tota
740 2362 790 2417 ista
805 2362 866 2418 laus
877 2361 910 2418 dc
961 2365 999 2421 ln.
1014 2371 1075 2426 <1¹1ae
1086 2357 1113 2410 ln
1131 2356 1208 2412 toelit
1220 2355 1260 2411 t'tl
1272 2356 1300 2411 in
1319 2366 1391 2413 tetra
1405 2368 1480 2426 stunt,
1495 2361 1611 2418 risibilia
1622 2373 1649 2420 ct
1661 2365 1756 2423 inrisi-

114 2450 254 2508 Trinitate
265 2451 440 2522 intelligatur.
459 2449 550 2506 Nubes
564 2461 628 2508 sunt
639 2451 788 2523 propheta,
799 2451 833 2507 de
844 2452 906 2522 qui·
960 2447 1037 2503 bilia.
1053 2446 1118 2503 Cocli
1140 2457 1205 2505 sunt
1215 2449 1344 2519 apostoli,
1356 2450 1403 2521 qui
1427 2461 1491 2507 sunt
1504 2451 1618 2522 Christi,
1630 2458 1666 2513 ab
1679 2473 1712 2514 eo
1726 2460 1754 2515 ia

113 2543 167 2599 bns
191 2542 311 2598 tittxerat
332 2542 423 2613 pluria
445 2542 518 2598 ritae.
542 2541 611 2610 Quis
627 2543 655 2597 in
676 2543 720 2599 his
732 2540 846 2613 aequalis
858 2540 910 2596 luit
961 2539 1109 2596 virtutibus
1124 2541 1258 2611 splendidi
1278 2541 1352 2597 iacti.
1370 2541 1451 2598 Terra
1471 2553 1512 2600 est
1524 2524 1644 2603 Ecclesia
1657 2549 1691 2605 de
1703 2548 1754 2605 ln·
1798 2555 1809 2566 '

11 2683 12 2686 ,
113 2633 232 2689 Domino
247 2632 465 2690 Patriillnllus.
478 2634 533 2690 hut
546 2636 609 2706 quis
624 2634 720 2689 sinaitis
735 2634 785 2689 erit
796 2632 909 2687 Donriao
959 2636 1025 2692 daeis
1040 2652 1183 2701 conversa,
1196 2646 1289 2692 aratro
1307 2635 1447 2710 Evangelii
1463 2640 1582 2696 exculta.
1598 2640 1664 2708 Quae
1681 2659 1755 2700 nrtuc

113 2726 185 2783 l‘ilio
200 2728 229 2782 in
240 2725 305 2797 filiis
319 2726 377 2793 ltei,
394 2727 421 2781 in
434 2734 477 2783 est
492 2727 519 2783 in
535 2728 679 2797 apostolis,
706 2728 753 2799 qni
771 2737 836 2784 sunt
858 2727 908 2783 ad·
959 2738 1002 2785 est
1016 2728 1129 2796 Christi,
1141 2729 1204 2800 nuria
1216 2746 1278 2785 cnm
1294 2730 1369 2796 colit,
1383 2738 1411 2785 et
1429 2731 1525 2803 legalia
1547 2733 1574 2787 in
1587 2733 1754 2790 sacrificium

114 2821 204 2891 optiri
222 2820 270 2875 lilii
286 2819 345 2886 lici,
360 2820 516 2877 colrmredcs
528 2822 604 2891 regni
617 2821 697 2892 ejusi
710 2820 818 2878 Nullus.
959 2820 1085 2875 maurit.
1109 2820 1187 2875 Ornis
1211 2830 1341 2873 terrorum
1365 2828 1407 2875 est
1423 2821 1554 2877 circuitus
1570 2822 1753 2880 Ecclesiarum

148 2911 907 2982 lensii.Dcas,quiglorificaturiuconcilioranctoruru,
959 2910 993 2965 de
1010 2909 1139 2965 orrtnibus
1159 2909 1284 2979 gentibus
1302 2924 1508 2976 conversarum,
1524 2913 1603 2983 errius
1616 2914 1753 2984 plectitudo

112 3006 221 3064 scilicet
240 3004 360 3077 Spiritus
378 3015 491 3062 sanctus
502 3003 671 3071 Paracletus,
688 3005 734 3077 qui
750 3006 778 3062 in
790 3019 942 3078 congre-g
959 3012 1024 3058 sunt
1045 3018 1141 3058 omnes
1164 3002 1242 3057 electi
1271 3002 1298 3056 itt
1323 3000 1475 3058 Ecclesiam
1499 3005 1620 3075 genitium
1635 3006 1752 3065 collecti.

111 3096 388 3174 pfloucspnstolica
403 3097 570 3164 adorandus
586 3095 660 3152 Patri
677 3113 709 3154 ae
729 3097 801 3153 Filio
815 3113 908 3169 arqua-
958 3094 1034 3151 llanc
1053 3097 1111 3165 ipse
1126 3094 1153 3148 in
1171 3095 1260 3148 litlect
1273 3094 1409 3164 baptismo
1430 3087 1561 3164 fundarit,
1574 3114 1656 3168 quarm
1683 3100 1753 3156 dile-

77 3171 97 3244 .'
109 3187 405 3268 Bessepwdicatur.
418 3188 486 3244 Nam
500 3197 527 3244 ει
543 3189 676 3246 Dominus
689 3188 769 3245 iesus
780 3191 907 3246 Christus
958 3189 1049 3243 ctione
1060 3196 1087 3242 ει
1105 3185 1265 3257 operatione
1276 3201 1305 3241 se
1318 3184 1404 3255 ipsam
1417 3187 1514 3242 turrim
1529 3189 1562 3243 ad
1576 3191 1677 3246 eoelam
1688 3193 1754 3249 aedi·

18 3309 22 3320 ·
88 3293 179 3339 mum
195 3277 315 3336 Putreet
339 3280 441 3351 Spiritu
461 3288 557 3335 sancto
572 3295 625 3335 una
644 3280 768 3335 subsistit
783 3281 907 3352 omnipo
958 3279 1034 3337 licari
1048 3279 1152 3335 docuit.
1166 3276 1316 3350 Aquilaest
1328 3276 1416 3333 durus
1431 3287 1538 3344 neritus,
1552 3290 1579 3336 et
1595 3281 1754 3354 inteliigitnr

83 3369 212 3440 'afilia
239 3389 351 3444 magnas
369 3383 395 3427 ct
420 3372 547 3428 terribilis
563 3373 605 3428 rel
629 3374 793 3440 metuendus,
812 3374 907 3429 utalia
957 3371 1153 3437 Antichristus,
1169 3385 1242 3424 orare
1254 3383 1319 3424 rcro
1334 3370 1489 3426 turbulenta
1512 3372 1573 3441 ejus
1587 3376 1751 3443 persecutio.

29 3487 34 3496 ·
49 3505 57 3522 .
91 3445 96 3456 ⁸
112 3464 262 3524 ffislatiu
283 3466 377 3531 babet,
394 3482 473 3535 super
498 3481 587 3519 omncs
606 3465 651 3535 grui
675 3466 702 3519 iu
721 3467 835 3521 circuitu
850 3467 907 3537 ejus
958 3460 1022 3518 llaec
1033 3471 1061 3516 tu
1074 3461 1180 3525 creasti,
1194 3459 1219 3512 ltl
1230 3467 1273 3513 tsi
1287 3459 1381 3515 electis
1392 3460 1447 3516 iuis
1459 3461 1491 3515 ιι]
1505 3477 1636 3518 colonum
1649 3480 1754 3536 pracpa-

10 3593 11 3600 ι
116 3569 188 3614 cunt.
206 3555 235 3612 ln
246 3556 340 3612 Jndaea
359 3558 538 3612 csthristns
552 3568 738 3626 conversatus,
751 3560 779 3614 tr
794 3561 908 3615 circuita
959 3550 1092 3609 rastillcl
1104 3570 1111 3605 ι
1121 3549 1308 3621 Aquilonem!
1323 3567 1395 3603 utute
1407 3561 1435 3605 tu
1449 3554 1555 3618 credili,
1569 3554 1594 3608 id
1610 3564 1652 3609 ⁰81
1662 3557 1755 3612 (liubin

116 3650 172 3720 ejua
188 3648 301 3705 fueraut
311 3664 408 3705 omnes
422 3658 525 3720 gentes.
544 3648 615 3721 Ergo
626 3666 802 3720 superamare
814 3664 908 3723 gentes
958 3649 1015 3701 lum
1029 3634 1056 3702 εὶ
1075 3645 1135 3715 eJus
1153 3645 1276 3699 tuenthtu
1299 3652 1327 3698 tn
1344 3643 1516 3715 disposuisti,
1529 3648 1593 3717 qnia
1606 3664 1688 3719 opera
1704 3667 1753 3706 co·

117 3739 234 3812 etipse
259 3740 652 3812 potensetmetuendus.lel
668 3742 908 3811 potctrrestinsi-
958 3736 1209 3794 cumsanctistuis
1231 3735 1373 3792 fructuosa
1399 3736 1498 3792 iecisti.
1514 3737 1650 3810 Quidquid
1679 3743 1752 3798 enim

117 3833 188 3905 gnis,
212 3833 341 3888 terribilis
355 3834 382 3888 in
396 3834 508 3903 tudiciis
532 3851 610 3905 saper
624 3835 764 3904 apostolos
780 3843 806 3891 ει
819 3853 908 3891 omncs
958 3829 1085 3886 diabolus
1100 3843 1148 3900 per
1162 3842 1192 3883 sc
1206 3838 1234 3882 et
1246 3844 1294 3899 per
1310 3842 1376 3883 snos
1393 3838 1533 3898 operatur,
1553 3840 1639 3886 totum
1667 3833 1696 3888 tit
1719 3835 1754 3890 ad

115 3931 229 4002 auctos
250 3925 296 3997 gui
312 3927 338 3980 in
355 3927 469 3981 circuitu
481 3942 538 3996 epus
548 3935 622 3985 sunt.
637 3925 665 3981 id
688 3925 788 3997 estqui
803 3926 831 3981 in
846 3942 909 3997 pro-
959 3921 1103 3976 utilitatem
1115 3926 1284 3986 sanctorum,
1297 3919 1406 3974 undeet
1420 3919 1477 3991 ipse
1488 3928 1515 3975 et
1528 3922 1590 3976 mali
1604 3926 1752 3981 necessarii

116 4013 221 4088 pingam
235 4017 295 4086 cjus
309 4033 356 4088 per
368 4018 552 4074 innocentiam
572 4013 704 4072 existunt.
958 4011 1180 4081 comprobantur.

151 4105 180 4160 ln
196 4104 313 4161 llehraeo
324 4107 441 4162 liabetur
456 4126 462 4161 τ
478 4106 548 4161 Deus
564 4105 679 4177 inrigtus
694 4106 722 4159 itt
733 4120 831 4160 arcano
846 4122 909 4160 scn-
995 4101 1029 4157 Et
1050 4102 1114 4172 quia
1130 4104 1223 4154 omnia
1245 4099 1344 4167 iecisti,
1359 4098 1463 4155 Thabor
1476 4114 1500 4157 ct
1519 4102 1636 4159 Hermon
1657 4108 1684 4159 in
1707 4124 1754 4160 uo·

117 4203 229 4259 storum,
239 4196 322 4249 triario
334 4204 359 4250 et
371 4196 498 4251 terribilis
509 4196 677 4266 cunctisqui
690 4196 840 4249 incircuitu
852 4195 908 4265 ejus
958 4195 1029 4247 mirre
1043 4202 1088 4247 tuo
1100 4191 1281 4245 exsultabunt.
1299 4189 1404 4244 Tirahor
1425 4202 1466 4247 εει
1494 4210 1575 4250 mons
1601 4196 1627 4249 in
1643 4195 1753 4254 Galilaea

116 4298 189 4344 rant.
202 4288 313 4343 Sanctis
328 4297 434 4344 tantum
448 4299 510 4345 ιιοιε
528 4298 570 4344 εει
594 4288 696 4344 Christi
712 4288 844 4359 potentia,
861 4291 908 4360 qul
957 4287 1035 4357 justa
1058 4281 1205 4348 Nazareth,
1222 4281 1250 4335 in
1265 4296 1321 4352 qno
1342 4279 1470 4336 Christus
1489 4294 1552 4339 octo
1569 4284 1754 4344 beatitudines

113 4389 253 4439 nonerunt
274 4381 379 4452 judicia
395 4382 456 4450 ejus
477 4381 628 4450 terribilia,
653 4382 697 4438 cui
724 4382 845 4438 clamant
865 4382 908 4438 di·
923 4378 946 4432 b
959 4377 1063 4434 docuit.
1079 4373 1196 4430 llarmorr
1214 4378 1257 4427 est
1270 4370 1438 4428 monticulos
1451 4373 1476 4428 ir·
1487 4371 1581 4430 iudaea
1595 4375 1674 4446 jutta
1691 4375 1754 4432 lor-

112 4483 210 4530 centcs
228 4491 235 4529 :
958 4471 1067 4534 danem,
1079 4468 1107 4523 in
1120 4481 1201 4539 quem
1215 4464 1347 4521 hominus
1358 4464 1538 4544 dehaptismo
1551 4467 1753 4535 aseentlit,cntn

148 4565 235 4622 Vsus.
248 4567 275 4622 9.
290 4565 401 4620 Dorcinc
415 4565 484 4621 Deus
498 4568 637 4635 virtutum,
651 4568 710 4639 quis
730 4567 827 4622 similis
841 4567 909 4622 tihi?
960 4562 1080 4635 Spiritus
1094 4569 1205 4616 sanctus
1222 4558 1249 4613 in
1265 4558 1356 4628 specie
1377 4558 1513 4614 columbae
1533 4574 1616 4629 super
1628 4574 1690 4616 eum
1705 4561 1754 4617 de·

113 4658 166 4726 Qui
179 4675 211 4714 es
230 4658 359 4712 Dominus
382 4658 506 4713 omniunt
521 4668 548 4714 cl
571 4657 642 4713 Deus
661 4660 833 4731 angelorum,
847 4660 906 4731 puis
958 4654 1073 4712 scendit.
1084 4649 1300 4708 Thuhcrdicitur
1311 4650 1415 4705 ueniens
1432 4649 1535 4716 iumeu,·
1548 4648 1675 4719 llcrnrou,
1687 4668 1752 4707 ana·

113 4750 142 4806 in
156 4751 264 4823 angelis
278 4750 320 4805 vel
334 4750 493 4807 hominibus
506 4758 548 4807 est
557 4750 662 4821 :similis
681 4750 730 4805 tihi
744 4752 866 4822 potentia
880 4760 908 4808 ει
959 4747 1046 4801 thema
1065 4745 1133 4816 cius.
1145 4743 1197 4801 Per
1214 4742 1320 4798 Thabor
1335 4739 1495 4813 intelligitur
1512 4740 1634 4798 Ecclesia
1648 4743 1682 4799 do
1701 4742 1747 4800 ln·

10 4831 11 4854 ³
113 4842 235 4898 virtute?
256 4840 353 4896 Potens
375 4859 413 4908 cs,
433 4841 554 4909 Domine,
571 4842 598 4896 in
620 4842 706 4915 signis
719 4852 747 4898 ct
760 4843 906 4914 prodigiis,
958 4840 1034 4904 tlaeis,
1047 4840 1074 4895 in
1087 4853 1169 4911 qttam
1181 4835 1256 4892 venit
1270 4849 1334 4890 sera
1347 4833 1395 4889 lux
1404 4832 1438 4889 de
1451 4833 1539 4904 coelis,
1553 4851 1602 4907 per
1616 4853 1698 4908 quam
1717 4838 1752 4894 il·

114 4933 250 4990 ctacritas
262 4942 308 4987 tua
320 4932 471 4987 incircuitu
485 4941 541 4997 tao,
556 4932 635 4988 idest
647 4930 779 4998 Ecclesia,
792 4931 907 5000 inertius
957 4933 1092 4989 luminata
1108 4939 1150 4988 est
1164 4929 1222 5001 ipsa
1238 4929 1341 4982 acuiens
1356 4927 1445 4982 tumen
1456 4929 1557 5000 populo
1567 4930 1754 5002 gentium,'qui

115 5026 207 5082 medio
224 5010 333 5094 cristis,
345 5025 389 5082 cui
404 5025 495 5080 omnia
512 5041 577 5081 aera
591 5041 640 5096 per
656 5025 752 5091 coelos,
768 5026 907 5095 apostolos
959 5025 1072 5083 sedebat
1085 5023 1243 5080 intenebris
1262 5020 1429 5078 inlidelitatis
1442 5028 1469 5077 ει
1483 5024 1581 5079 umbra
1595 5024 1702 5079 mortis.
1717 5022 1754 5078 lle

115 5113 275 5181 exhibuisti,
288 5132 350 5187 qrtae
360 5131 408 5187 per
422 5116 518 5182 nubes,
534 5115 682 5188 propbetas
696 5115 859 5187 promisisti.
874 5115 908 5172 Et
957 5116 1096 5189 primitiva
1110 5115 1210 5187 quippe
1222 5113 1344 5171 Ecclesia
1358 5113 1432 5170 venit
1445 5114 1538 5170 lumen
1549 5114 1672 5170 veritatis
1686 5129 1754 5184 gen·

116 5223 176 5278 quae
189 5207 268 5280 signa
283 5215 407 5280 potenter
420 5207 512 5275 iaciat,
527 5207 612 5263 dicit:
844 5193 846 5196 ¹
958 5211 1043 5266 tibus.
1059 5208 1112 5264 Per
1124 5207 1241 5263 Hermon
1254 5206 1413 5280 designatur
1431 5205 1553 5263 Ecclesia
1564 5207 1599 5263 de
1614 5205 1752 5278 gentibus,

151 5295 234 5356 Vens.
249 5298 295 5354 lh.
316 5298 355 5353 Tu
371 5299 519 5354 destineris
542 5299 666 5370 potestati
688 5300 780 5365 maris,
806 5309 907 5354 motum
958 5317 1020 5375 quae
1034 5299 1321 5358 estunathematlzans
1338 5297 1506 5369 aquilonem,
1521 5297 1547 5353 id
1562 5296 1753 5353 cstdiabnlum

117 5397 205 5445 aetem
217 5393 348 5462 pactarum
361 5391 418 5462 eins
434 5401 462 5446 tu
483 5391 601 5463 mitigas.
618 5387 676 5446 lloc
691 5398 807 5447 tractum
822 5399 864 5448 εει
874 5391 908 5447 de
957 5403 986 5450 et
996 5408 1078 5465 opera
1092 5392 1161 5463 eins.
1177 5390 1282 5445 Thabor
1296 5404 1362 5461 ergo
1374 5398 1400 5444 ct
1413 5387 1542 5456 llcrmon,
1560 5387 1587 5444 id
1602 5398 1644 5444 cst
1661 5388 1754 5445 lidelcs

116 5482 241 5552 historia,
257 5483 304 5539 uhi
316 5500 393 5540 mare
412 5481 535 5539 Rubrum
549 5483 583 5539 ad
595 5482 740 5540 transitum
759 5485 851 5554 populi
863 5483 906 5540 sui
957 5486 992 5542 de
1001 5483 1103 5541 Judaeis
1116 5492 1143 5539 ct
1156 5481 1293 5554 gentibus,
1303 5481 1332 5534 iu
1343 5481 1448 5535 nomine
1460 5479 1618 5536 Christiano
1632 5480 1753 5537 exsulta·

116 5575 312 5647 tranquillavit.
331 5573 406 5629 liare
428 5573 563 5645 significat
575 5575 707 5631 seculum
721 5575 816 5633 multis
830 5590 907 5633 erro·
958 5576 1033 5644 butu,
1048 5575 1169 5649 eoquod
1192 5572 1347 5645 aquilonem
1363 5581 1391 5628 et
1408 5588 1494 5638 marc,
1508 5572 1534 5628 id
1552 5581 1595 5629 cst
1611 5573 1751 5629 diabolum

117 5666 191 5722 ribos
206 5667 359 5737 turbidum,
373 5665 453 5738 errius
471 5666 653 5739 potestatibus
674 5667 803 5726 Christus
819 5668 905 5723 domi·
959 5676 988 5724 ct
1001 5665 1199 5725 Antichristnm
1221 5673 1248 5723 et
1268 5662 1484 5735 persecutionem
1499 5663 1634 5721 malorum
1659 5678 1750 5722 crase-
