3892 6067
117 244 169 299 bib
387 240 564 298 COMMENT.
587 240 619 297 tu
638 240 808 297 essenon.
828 272 862 281 -
881 240 972 297 nettts
991 243 1036 313 tx,
1057 242 1101 299 EX
1122 245 1284 304 inondum.
1304 281 1339 290 —
1358 250 1455 310 PSAL.
1476 254 1530 312 et.
1700 264 1753 324 ott

152 355 237 411 Vens.
264 355 309 410 ii:
330 354 438 426 Dirupit
451 370 554 429 petrem
571 373 634 415 rum
655 358 741 431 uirga,
755 373 808 414 non
826 361 909 424 terro,
925 370 947 427 ,t
963 362 1073 418 cordiae.
1090 361 1123 417 iit
1138 363 1199 418 ideo
1214 365 1265 420 ista
1284 366 1377 422 omnia
1401 368 1459 424 suis
1474 370 1600 428 cuntulit.
1621 373 1752 441 Quoniam

113 461 140 514 et
154 450 292 522 [iuuerunt
316 464 401 519 uque,
414 465 485 521 quas
499 450 561 521 ipsi,
582 460 609 507 ιι
624 452 748 522 jumenta
770 451 906 507 biberunt.
960 470 1060 509 uremur
1074 453 1126 523 fuit
1143 455 1214 510 uerbi
1228 459 1315 512 arreti
1325 460 1378 524 sui,
1394 459 1476 516 idest
1491 459 1577 518 tirmae
1590 468 1753 535 promissio-

114 542 248 597 Abierant
258 542 286 595 in
300 543 371 595 sicco
381 542 505 611 flumine,
521 543 602 599 idest
615 560 663 615 per
683 553 768 601 totam
787 560 909 602 eremum
959 543 1014 610 nis,
1026 544 1096 614 quad
1109 545 1202 599 babuit
1216 547 1250 600 ad
1264 548 1399 604 Abrabam
1419 569 1529 623 puerum
1546 570 1635 625 saure,
1650 559 1755 618 seilicet

115 645 206 706 usque
230 633 263 690 ad
287 642 387 689 terram
411 635 632 705 repromissionis
656 651 750 692 recum
776 637 862 701 ibant,
881 645 910 691 ιιι
960 635 1033 704 quod
1045 636 1172 705 promisit
1193 636 1379 696 imitatoribus
1395 641 1512 701 Abrahae
1524 655 1655 705 aternam
1668 650 1757 710 huro-

115 724 267 781 scribitur:
282 722 433 779 ebibebant
446 725 480 780 de
492 724 795 797 spiritaiieonscquente
806 725 833 789 (i
845 727 907 782 dar.
960 724 1071 780 ditatem
1084 741 1114 781 se
1128 726 1267 783 daturum.

116 831 145 880 x,
162 814 224 885 i),›
242 813 268 868 id
284 822 328 869 est
341 815 583 884 comitantepetrr,
594 815 646 869 boe
656 824 697 870 est
709 831 779 886 aqua
791 816 824 871 tie
833 826 909 888 petra
997 813 1099 872 Littera
1116 827 1158 874 cst
1171 818 1269 874 iterum
1286 823 1442 893 repetentia.
1460 824 1511 883 iiic
1533 827 1599 884 dicit
1615 833 1755 903 quomodo

114 908 227 963 educta
244 905 308 961 ideo
324 907 376 962 ista
389 905 521 961 beneiicia
533 907 574 963 eis
587 908 711 974 contulit,
960 920 1054 962 semen
1067 908 1184 966 Abrahae
1198 911 1226 965 in
1239 912 1403 982 promissam
1417 923 1516 972 terram
1529 919 1689 978 introdusit.
1703 923 1757 981 iie-

152 995 236 1053 Vens.
255 997 300 1052 di.
322 994 455 1062 Quoniam
468 1013 568 1051 recreor
587 999 639 1069 [uit
652 997 723 1053 uerbi
743 997 836 1054 Sancti
856 1002 908 1068 sai,
961 996 1051 1052 brteos
1064 999 1138 1067 parit
1150 998 1284 1057 Dominus
1296 1003 1323 1057 ir
1336 1004 1445 1062 deserto
1460 1009 1563 1064 coeiesti
1579 1010 1719 1067 alimonia.

114 1088 144 1144 id
159 1097 201 1145 cst
220 1098 303 1144 eertae
318 1097 346 1144 ct
364 1088 449 1144 iirnnae
462 1089 664 1159 promissionis,
681 1091 751 1161 quod
764 1091 855 1146 trinit
874 1093 910 1147 ad
997 1086 1081 1145 Vsus.
1095 1089 1140 1144 ib.
1162 1089 1198 1144 Et
1212 1092 1247 1148 de
1260 1093 1306 1149 illo
1319 1096 1426 1152 deserto
1441 1100 1534 1154 eduxit
1543 1103 1669 1173 papatum
1679 1120 1757 1161 rrurr

113 1179 254 1234 Abrabam
269 1178 396 1250 loquens,
418 1195 529 1250 puerum
551 1196 641 1248 suum,
665 1180 692 1236 id
712 1189 755 1238 cst
768 1182 820 1238 sibi
843 1182 909 1237 obe·
961 1177 1013 1234 stri
1028 1178 1202 1237 obedientem
1226 1184 1254 1237 ir
1276 1186 1453 1244 exsultatione
1470 1191 1609 1260 exteriori,
1631 1192 1758 1252 otiosae

113 1271 249 1339 dicrum,
274 1272 339 1327 dum
363 1271 432 1325 dixit
455 1290 462 1325 :
484 1270 614 1327 «Semini
637 1281 686 1328 tuo
710 1272 783 1329 dabo
811 1282 909 1329 terram
961 1271 1598 1354 etCaieb,eteiectarsuas,seiiieetdigniorcs
1616 1287 1757 1343 iniustitia

114 1361 346 1433 interciderunt,
362 1360 400 1431 7).
416 1381 426 1414 ι
441 1361 511 1419 iiine
524 1372 599 1434 patet
612 1364 687 1435 quod
699 1363 747 1419 tilii
762 1363 846 1422 israel
857 1380 910 1421 non
962 1362 1099 1432 interiori,
1124 1375 1152 1420 ot
1174 1367 1328 1425 introduxit
1350 1386 1399 1428 eos
1416 1373 1443 1427 in
1464 1382 1576 1443 terram,
1593 1392 1676 1448 quam
1692 1377 1758 1435 oiim

113 1468 169 1524 pro
189 1455 248 1511 suis
270 1453 387 1522 meritis,
410 1455 457 1511 sed
479 1470 528 1525 pro
550 1456 710 1526 complenda
729 1456 912 1527 promissione
963 1455 1129 1526 patriarchis
1143 1459 1280 1529 promisit.

113 1543 167 1602 Dei
188 1554 290 1603 terram
316 1547 391 1602 iiiarn
405 1547 596 1618 possederunt,
614 1549 682 1618 quin
703 1548 796 1620 patius
815 1564 911 1604 omnes
999 1542 1082 1602 iras.
1097 1548 1142 1602 ii.
1162 1547 1198 1602 Et
1221 1550 1294 1604 dedit
1309 1551 1365 1606 iiiia
1386 1555 1504 1623 regiones
1521 1557 1647 1627 gerrtiurr,
1662 1567 1688 1613 et
1703 1575 1757 1615 nna

110 1652 186 1707 pere
199 1651 250 1709 pro
270 1639 380 1695 meritis
399 1639 458 1696 suis
474 1639 502 1694 in
514 1639 622 1697 deserto
635 1639 764 1709 prostrati
776 1650 850 1696 sunt.
869 1638 910 1696 Ad
962 1655 1075 1707 uacuas,
1088 1642 1135 1697 sed
1148 1641 1251 1698 iabores
1264 1646 1420 1713 paratarum
1433 1648 1614 1713 possederant,
1629 1650 1694 1720 quia
1704 1649 1759 1705 sic-

111 1729 274 1801 aiiegoriarn
288 1737 467 1786 reuertamur.
927 1706 949 1762 Β
964 1740 994 1787 ιιι
1007 1731 1084 1802 prius
1096 1731 1241 1804 AEggptios
1254 1735 1486 1807 despoliaverunt,
1500 1740 1537 1797 ita
1555 1741 1617 1798 istis
1631 1743 1759 1813 gentibus

4 1891 5 1900 ἵ
153 1818 329 1890 Prascriptas
344 1821 533 1878 tribulationes
542 1818 663 1893 :immisit
674 1820 747 1878 beun
757 1831 914 1893 perseeuto-
964 1838 1062 1878 aurum
1077 1833 1102 1879 et
1117 1833 1260 1896 argentum
1272 1834 1300 1881 et
1314 1834 1404 1883 uestes
1421 1828 1602 1886 abstulerunt.
1624 1829 1676 1886 Pro
1689 1831 1759 1889 dura

4 1933 5 1942 ι
112 1909 199 1967 ribus
214 1910 343 1977 iideiium,
359 1919 385 1965 et
397 1911 489 1965 edurit
509 1925 575 1967 suos
585 1911 620 1968 de
632 1911 743 1966 cierunt
754 1920 873 1981 argento,
885 1910 913 1967 id
965 1929 1083 1986 namque
1107 1914 1239 1971 seruitute
1266 1915 1341 1971 dedit
1372 1915 1414 1971 eis
1441 1932 1539 1974 aurum
1566 1929 1594 1976 ιι
1616 1933 1759 1993 argentum

109 2014 160 2058 est
174 2017 236 2057 cum
251 2003 340 2059 nitore
352 2002 467 2074 eloquii,
480 2013 507 2059 ct
527 2019 594 2058 aura
612 2003 694 2059 idest
706 2018 770 2059 cum
787 2001 912 2059 scientia.
964 2005 1168 2078 AEggptiorurn,
1190 2024 1240 2080 pro
1260 2008 1366 2066 diutina
1392 2011 1611 2084 peregrinatione
1633 2016 1759 2086 regiones

111 2095 167 2154 Vei
179 2097 425 2168 pereussomundo
439 2099 534 2155 multis
548 2098 637 2154 modis
648 2098 804 2155 educunnn
814 2099 914 2154 animae
964 2099 1097 2170 gentium,
1115 2116 1165 2171 pro
1179 2101 1261 2172 longo
1275 2101 1372 2160 itinere
1389 2103 1497 2161 iabores
1514 2106 1689 2177 populorum.
1717 2106 1759 2162 tu

108 2190 254 2264 justorum
269 2192 298 2245 t'r
323 2200 433 2263 urgento
455 2191 638 2249 confessionis
663 2191 771 2260 iucidee,
796 2201 822 2246 et
847 2206 913 2246 aura
964 2191 1032 2260 quid
1048 2190 1177 2248 dediscis
1193 2193 1243 2249 ista
1260 2202 1367 2249 terrena
1385 2194 1475 2250 bonai

111 2281 245 2353 puritatis
264 2282 413 2353 splendidae
425 2283 532 2339 sublata
543 2283 617 2339 omri
629 2284 787 2340 indemitate
799 2283 915 2355 peccati.
956 2307 960 2314 ν
1004 2278 1085 2337 Vens.
1101 2283 1147 2338 tu.
1168 2281 1368 2339 iitcastadiant
1385 2285 1668 2358 iustificationetejur,
1683 2288 1762 2346 idest

78 2439 82 2444 .
112 2371 195 2430 Unde
209 2374 336 2430 subditur
350 2395 356 2431 :
369 2374 404 2429 iit
417 2385 470 2432 ιιοιι
480 2385 536 2431 eret
551 2378 579 2430 ir
594 2376 714 2434 tribuous
730 2392 822 2431 eoram
838 2377 916 2447 infir·
965 2371 1105 2443 mandata,
1120 2390 1182 2446 qtrae
1192 2376 1361 2446 justiiican13
1374 2387 1399 2433 et
1409 2378 1492 2449 tepere
1503 2380 1561 2449 ejus
1576 2357 1770 2450 requirerent

111 2483 186 2521 mar.
202 2466 272 2521 Cum
289 2467 362 2522 enim
380 2467 500 2539 migrant
511 2468 599 2526 sancti
611 2468 645 2525 nb
660 2468 712 2525 hae
726 2468 792 2536 rita,
804 2482 915 2523 onrnem
966 2465 1127 2536 spiritaliter
1140 2467 1304 2541 inteiiigant.
1319 2468 1382 2524 ideo
1394 2470 1441 2525 dat
1454 2469 1586 2528 Dominus
1597 2472 1761 2529 sanctisista

115 2557 238 2614 dolorem
250 2570 277 2616 ιι
288 2558 448 2632 languorem
455 2557 589 2616 Dominus
600 2559 691 2615 aufert
700 2559 735 2615 ab
749 2559 800 2627 eis,
812 2568 839 2614 ιι
850 2573 914 2614 cum
965 2557 1049 2625 bona,
1066 2568 1097 2615 ut
1108 2574 1164 2616 non
1185 2560 1310 2632 impediti
1331 2561 1360 2616 in
1373 2562 1418 2618 his
1432 2562 1598 2620 necessariis
1613 2565 1761 2635 acquiren-

4 2693 6 2714 ,
111 2650 211 2707 laetitia
228 2666 327 2722 magna
341 2652 496 2708 discedunt·
513 2650 548 2706 Et
560 2652 772 2723 inperfectione,
789 2651 816 2706 id
831 2650 913 2707 estin
965 2647 1009 2707 dis
1023 2662 1121 2708 uacent
1134 2653 1252 2709 orationi
1267 2662 1294 2709 ιι
1309 2653 1440 2710 iectioni:
1457 2654 1499 2709 uel
1516 2663 1545 2709 ut
1555 2656 1707 2709 custodiant
1714 2657 1761 2727 jn·

111 2742 361 2814 transmigratione
375 2758 471 2799 eorunm
483 2745 518 2800 ab
528 2745 580 2800 bac
594 2743 660 2811 rita,
672 2743 766 2799 tutata
778 2751 818 2798 ert
828 2741 915 2813 Aipu-
964 2741 1138 2808 etimatiores
1153 2742 1222 2809 eius,
1237 2754 1262 2797 et
1276 2741 1358 2811 tepent
1372 2741 1428 2811 ejus
1443 2742 1588 2813 requirant,
1604 2740 1688 2797 Deum
1705 2758 1762 2799 non

113 2844 189 2906 ptus,
206 2835 233 2890 id
246 2844 288 2891 est
300 2835 544 2900 tenehrae,seilioet
557 2835 695 2891 tenebrosi
710 2835 792 2892 iaetati
805 2843 870 2890 suut
880 2834 915 2890 de
964 2846 1026 2888 esse
1041 2833 1185 2888 colentium
1202 2849 1252 2904 pro
1267 2833 1397 2897 terrenis,
1411 2834 1459 2889 sed
1475 2848 1525 2904 pro
1541 2835 1611 2905 ipso.
1633 2832 1687 2888 Pro
1707 2843 1762 2890 ter·

114 2928 249 2984 abscessu
268 2927 337 2984 ineis
351 2927 422 2994 ideo,
440 2928 571 2998 quianon
583 2933 625 2981 est
639 2926 698 2993 iux,
711 2942 773 2997 quae
792 2926 915 2996 increpet
965 2924 1040 2980 renis
1063 2924 1123 2980 istis
1142 2940 1157 2979 n
1173 2923 1229 2979 lico
1248 2924 1319 2980 datis
1341 2924 1444 2997 gratias
1469 2940 1551 2997 agere
1574 2925 1716 2993 debemus,
1734 2934 1762 2981 ιι

115 3021 256 3076 tenebras.
280 3038 290 3071 t
305 3015 402 3074 Omnis
416 3017 500 3084 enim,
513 3017 560 3089 qui
576 3018 646 3072 maie
662 3018 728 3086 agit,
744 3016 801 3073 odit
821 3015 910 3071 iurem
964 3032 1027 3073 eum
1042 3032 1093 3088 pro
1104 3031 1133 3072 se
1148 3017 1207 3087 ipso
1220 3015 1344 3072 babendo
1358 3016 1482 3073 adorare.
1495 3015 1632 3088 Aiiegoria
1643 3025 1685 3073 est
1695 3032 1762 3074 con-

115 3113 210 3184 (Jeatt.
234 3111 372 3183 tunitii.»
394 3108 531 3181 Erpnredit
551 3112 655 3177 nubem,
680 3108 708 3164 id
726 3121 769 3165 cst
785 3107 947 3166 mncrnmc
964 3108 1088 3165 sulenoa.

116 3222 220 3278 carpus
236 3205 422 3271 Dominieum,
434 3200 640 3274 refrigerantem
653 3202 682 3256 ir
696 3201 910 3272 protectionem·
950 3189 956 3203 ’
1001 3199 1137 3256 barrinas
1159 3200 1286 3271 promisit
1309 3200 1436 3257 iidciibus
1461 3198 1546 3256 uitam
1571 3210 1715 3273 ueternum,
1736 3209 1762 3258 et

116 3317 188 3366 rure,
214 3307 239 3354 et
262 3300 359 3369 ignem,
382 3296 508 3352 videlieet
528 3293 660 3366 Spiritum
673 3291 914 3351 sauctnmiiiumi·

117 3402 230 3445 ruentem
244 3403 303 3453 eos,
313 3398 342 3442 ut
351 3387 449 3442 iuraret
462 3387 499 3441 eit
510 3402 556 3456 per
567 3394 679 3454 nortem,
690 3384 744 3442 boc
755 3393 798 3440 est
813 3383 915 3439 illumi-

117 3488 198 3538 tranet
219 3487 267 3536 ιιι
288 3496 336 3551 per
356 3485 440 3536 totam
461 3478 534 3533 hanc
549 3478 644 3545 uitam,
663 3491 725 3549 quae
747 3475 821 3533 noeti
839 3489 916 3531 com-

118 3581 242 3643 paratur.
257 3570 407 3636 Pett'erunt,
429 3578 453 3623 et
468 3568 536 3623 uenit
553 3569 687 3637 coturnis,
704 3567 758 3623 boe
776 3564 913 3637 estpctie·

117 3672 184 3720 ιιιιιι
205 3663 331 3730 uirtutes,
354 3660 497 3731 quaesierit
507 3674 603 3731 penuae
615 3659 719 3714 eieuant
734 3658 768 3713 ad
781 3656 914 3723 coeinstia,

118 3767 146 3810 ιι
163 3764 282 3809 ιιιιιιιιιιι
302 3752 414 3817 satiant,
435 3760 463 3808 et
476 3757 610 3808 uenerunt
623 3750 674 3817 eis,
689 3758 714 3804 ιι
725 3764 793 3820 pure
803 3747 873 3812 cuii,
887 3746 914 3802 id

117 3855 161 3901 est
174 3859 290 3915 corpore
306 3858 358 3900 suo
383 3843 427 3899 uei
449 3842 574 3900 doctrina
589 3841 693 3899 caelesti
708 3841 842 3897 saturavit
855 3855 913 3896 eos.

116 3938 230 4007 Dirupit
239 3946 352 4007 petram,
366 3936 418 3993 boc
428 3945 472 3992 est
485 3936 550 3992 iecit
560 3950 608 3991 eos
621 3934 770 4005 intelligere
786 3947 848 3989 esse
869 3949 916 3987 ru·

118 4040 194 4103 ptam
209 4041 325 4102 petram,
336 4031 441 4088 scilicet
457 4029 597 4088 Christum
611 4029 638 4084 in
653 4027 782 4099 passirao
795 4040 844 4096 per
853 4025 915 4079 lar·

118 4138 209 4190 ceam,
225 4134 253 4180 et
267 4123 302 4180 ab
316 4124 361 4179 iiia
378 4123 503 4194 ruptione
515 4122 650 4191 iterarunt
662 4134 747 4191 aare,
759 4119 785 4174 id
797 4125 839 4174 est
848 4115 916 4172 mul·

119 4217 204 4288 tipiex
218 4216 316 4296 gratia,
329 4214 490 4288 baptismus,
502 4213 663 4283 redemptio,
676 4227 754 4268 sacra
763 4209 914 4282 Scriptura.

119 4310 223 4378 Aperta
235 4307 336 4378 quippe
355 4304 458 4362 Christi
469 4304 644 4361 interueniunt
662 4302 774 4374 sanguis
796 4312 914 4373 ctaqna.

122 4395 158 4458 Et
170 4405 236 4453 tune
251 4395 372 4451 abierunt
383 4397 412 4450 ir
420 4395 490 4450 sicea
501 4394 623 4464 piamina,
638 4394 664 4449 id
677 4402 717 4449 est
724 4391 916 4463 praedicatores

122 4489 303 4561 ingentibus,
318 4505 380 4561 quae
398 4501 478 4546 eram
492 4487 573 4544 siceae
583 4487 618 4543 ab
633 4488 708 4543 onrui
731 4500 795 4543 rore
808 4485 916 4542 miseri·

965 3292 1058 3347 educit
1067 3292 1102 3348 de
1117 3293 1221 3348 mundo
1233 3291 1359 3363 poputum
1371 3308 1460 3361 snum,
1473 3294 1500 3350 id
1514 3301 1557 3350 est
1568 3292 1620 3349 sibi
1633 3292 1763 3349 abedien-

966 3393 1032 3452 tem,
1048 3394 1078 3440 ιιι
1101 3385 1219 3441 ensuitet
1243 3385 1276 3441 de
1291 3385 1365 3442 bono
1388 3401 1481 3457 apere,
1501 3393 1527 3441 et
1550 3385 1657 3449 eiectos,
1673 3384 1701 3440 id
1719 3394 1762 3441 est

965 3476 1141 3550 perfectiores
1160 3487 1190 3533 ut
1211 3476 1361 3533 bertinum
1378 3488 1406 3535 et
1421 3476 1609 3543 Benedictum,
1625 3477 1652 3531 ir
1665 3476 1762 3544 tatitia

965 3583 1064 3640 inagna
1079 3568 1112 3623 de
1126 3568 1199 3623 bona
1214 3567 1395 3623 eoruscicntia.
1416 3565 1571 3623 Ersuitatio
1591 3566 1625 3622 ad
1639 3581 1760 3637 corpns;

966 3659 1059 3715 letitia
1076 3659 1194 3730 pertinet
1208 3658 1242 3714 ad
1256 3659 1389 3713 animam.
1406 3656 1459 3715 Sed
1475 3658 1553 3729 prius
1564 3656 1639 3711 dedit
1657 3656 1698 3711 itii
1718 3672 1760 3710 re-

965 3750 1055 3823 giones
1067 3751 1194 3823 gentium,
1214 3758 1244 3805 ut
1262 3765 1310 3805 eas
1321 3750 1497 3821 acquirerent
1512 3749 1570 3806 suis
1588 3748 1760 3820 pradicatio·

966 3844 1058 3911 nibus,
1071 3854 1096 3898 et
1110 3842 1212 3897 iabores
1224 3842 1383 3912 popuiorart
1392 3843 1573 3912 possederunt,
1585 3842 1611 3897 id
1622 3850 1665 3897 est
1678 3840 1761 3897 disei-

965 3937 1046 4007 pulos
1063 3935 1292 4006 pbilosophorum
1305 3934 1333 3989 in
1349 3948 1428 3990 suam
1452 3943 1555 3991 sectam
1579 3942 1760 3990 attraxerunt.

965 4028 1006 4083 Ad
1021 4027 1110 4098 quidi
1138 4025 1172 4081 Ut
1192 4027 1344 4081 custodiant
1359 4025 1569 4096 justificationes
1589 4026 1657 4095 ejus,
1679 4023 1762 4080 idest

965 4117 1095 4173 marrdnta
1110 4133 1171 4187 quae
1181 4117 1344 4187 justificant,
1356 4127 1380 4172 et
1391 4115 1473 4188 legem
1483 4116 1542 4187 ejus
1557 4116 1695 4187 requirant
1703 4113 1762 4184 spi·

966 4207 1094 4263 ritaliter.
1114 4204 1141 4261 Ιιι
1157 4207 1211 4262 stne
1226 4206 1310 4277 buius
1322 4206 1421 4277 psaimi
1442 4205 1559 4260 Atieiuia
1577 4205 1698 4276 panitur,
1713 4218 1762 4273 per

966 4297 1042 4370 quod
1057 4297 1120 4354 laus
1129 4295 1231 4353 latitia
1242 4295 1416 4366 exprimitur,
1431 4294 1551 4367 quiaqni
1565 4293 1693 4350 mandata
1706 4291 1761 4347 iio·

966 4390 1035 4448 mini
1048 4388 1163 4457 iaciunt,
1177 4388 1341 4460 promissam
1353 4386 1463 4443 Domini
1477 4386 1662 4443 hereditatem
1676 4384 1762 4441 intru-

967 4483 1046 4551 bunt,
1061 4482 1107 4537 ubi
1121 4481 1254 4553 gaudium
1272 4489 1299 4537 et
1311 4478 1435 4538 laetitiam
1448 4477 1637 4551 possidebunt.

1554 4639 1756 4672 ----η

127 4653 253 4677 Ἀ
1046 4654 1250 4669 ι--

748 4814 1015 4907 PSALMUS
1049 4812 1141 4906 CV.

657 5124 704 5186 Pe
721 5120 817 5185 leude
829 5119 982 5185 Ecclesite
995 5118 1036 5183 tle
1052 5114 1215 5196 gentinus.

165 5293 332 5369 Certamini
346 5291 469 5360 bomine,
487 5287 613 5361 quamam
628 5288 722 5357 barrus,
745 5290 871 5362 guoriart
891 5286 921 5342 ir
935 5288 958 5346 b
972 5284 1072 5352 stituit,
1088 5280 1164 5340 verbi
1177 5276 1275 5352 gratia,
1286 5293 1350 5335 cum
1360 5275 1487 5333 nominas
1502 5286 1598 5340 uuum,
1611 5270 1646 5327 da
1657 5282 1759 5341 arunte

130 5386 253 5443 secuturo
272 5383 456 5440 misericordia
470 5381 538 5452 ejus,
554 5387 607 5435 ete.
622 5375 673 5435 iiic
688 5379 811 5452 psalmus
823 5387 916 5436 cente·
968 5391 1032 5433 cum
1044 5371 1170 5430 nominas
1182 5371 1248 5437 duo,
1264 5369 1298 5425 da
1311 5368 1377 5433 duo,
1390 5375 1417 5422 et
1424 5373 1507 5423 erunt
1517 5364 1654 5431 talamum
1668 5359 1760 5417 norri-

129 5480 229 5536 simum
241 5479 367 5551 quintum
381 5475 472 5532 iocum
484 5471 608 5540 dedicat;
619 5469 667 5542 qui
684 5486 816 5529 numerus
830 5483 918 5527 amo-
968 5483 1020 5524 nas
1042 5464 1107 5533 tria,
1119 5462 1154 5520 da
1172 5461 1235 5531 tria,
1255 5469 1282 5517 et
1296 5466 1456 5525 urraisei,
1470 5470 1533 5512 cum
1549 5454 1677 5510 nominas
1691 5466 1761 5525 qua·

129 5570 198 5626 rarle
221 5584 349 5642 surgens,
363 5576 390 5624 ιι
404 5581 453 5639 per
476 5563 606 5623 decadem
621 5578 780 5622 accrescens
801 5564 835 5620 ad
852 5576 918 5635 qua·
968 5568 1041 5627 tuor,
1052 5556 1087 5614 da
1102 5560 1263 5627 ructuaret
1276 5560 1357 5608 erunt
1367 5552 1508 5619 deremet
1523 5549 1563 5605 sie
1577 5546 1761 5617 inciesusaue

129 5659 281 5717 tuondecim
297 5657 429 5729 peruenit,
446 5665 473 5713 ιι
487 5669 623 5714 summanr
640 5654 722 5728 hujus
734 5655 840 5714 numeri
850 5669 917 5714 eon·
968 5649 1003 5707 at
1017 5647 1237 5721 quatuordecim,
1250 5654 1278 5704 ιι
1289 5655 1370 5704 crunt
1383 5650 1492 5701 centum
1502 5642 1632 5715 quinque.
1642 5639 1760 5710 Οιιιιιι·
