3892 6067
184 224 238 286 nn
701 203 1067 265 oeuuoutrnnrostri
1085 194 1360 262 mitescerent.
1761 196 1818 259 sti

185 332 319 405 emperi.,-
335 327 458 399 exponit,
470 332 499 382 et
513 322 631 396 qualiter
656 321 801 378 attendens
815 322 898 388 mala,
914 335 975 390 quae
990 324 1014 382 Α
1063 316 1145 373 Vens.
1163 317 1206 371 ll.
1228 311 1563 381 documentumque
1578 309 1603 365 si
1612 319 1651 365 ert
1666 310 1820 369 scientiole

178 427 299 497 depaee
321 415 497 492 peccatorum
515 416 639 484 ueniunt,
656 414 812 486 resipuerit.
839 412 914 483 ideo,
928 415 975 469 iu·
1027 407 1313 464 Ecceltofficiendurn
1326 420 1391 461 uero
1412 404 1497 475 quod,
1511 401 1583 459 sicut
1595 402 1683 458 vicina
1701 403 1822 459 sanitate

174 510 255 586 quit,
265 519 430 567 concertetur
438 507 552 580 populus
564 523 637 562 nteut
647 507 700 561 itio.
710 504 828 575 Populus
840 519 912 559 meur
925 519 977 559 nu·
1025 501 1113 572 magis
1133 506 1296 557 metuentes
1315 497 1416 554 sudant
1435 493 1518 567 aegri,
1540 494 1581 551 sic
1604 494 1696 550 anima
1711 503 1819 565 quanto

186 604 261 663 minc
273 615 346 669 meo,
360 601 435 677 quod
450 607 500 663 est
511 598 611 668 nupt,
624 595 724 668 diguus
735 597 794 650 ideo
813 603 977 650 conuertctur
1027 592 1208 663 impetuosius
1219 589 1335 658 alicttjus
1346 587 1507 660 quaestionis
1521 586 1635 642 fluctuat
1646 595 1819 657 tempestate,

185 694 239 757 itia,
252 693 279 748 id
289 700 334 750 est
344 693 373 749 iu
390 691 518 763 praesenti
528 689 595 755 rita,
611 686 745 759 quianon
762 687 838 744 estei
848 702 902 757 pax
914 701 977 758 pee-
1029 692 1106 739 ttrite
1121 684 1205 741 eitius
1220 683 1254 739 ad
1270 681 1451 754 intelligendae
1466 679 1589 736 ueritatis
1600 679 1734 748 'pertenit
1756 693 1821 748 ppr-

185 791 324 850 crlorum,
350 783 398 839 sed
424 781 576 853 flagellatur
600 778 710 835 assidue
734 787 845 849 propter
864 784 978 849 peecata
1027 774 1190 848 tutubrgo,
1204 768 1824 846 quamtispericuloseacpeneblaspltenran·

186 888 261 930 sua:
283 871 322 926 illi
344 885 410 927 tero
431 886 491 925 runt
510 868 660 927 bominibus
685 884 738 925 nort
759 866 976 938 deprimeretur.
1027 876 1080 933 tes,
1102 876 1205 934 tamem
1226 874 1257 922 ut
1280 864 1314 920 ad
1328 865 1469 920 ueritatem
1494 861 1655 926 transirent,
1668 860 1822 915 dixerunt:

185 960 251 1017 ideo
265 975 322 1017 uon
338 968 370 1023 ut
396 960 522 1027 homines
533 966 721 1014 conuertuntur
741 958 795 1023 nic,
814 957 862 1015 sed
882 965 913 1012 ut
923 957 979 1011 dae-
1029 958 1059 1014 Si
1072 967 1111 1014 est
1121 958 1231 1014 scientia
1244 959 1272 1013 in
1289 956 1419 1012 Exciso?
1435 953 1495 1010 Non
1506 953 1634 1009 dixerunt
1645 950 1823 1014 albennatiuet

187 1066 285 1111 11101100
305 1051 512 1115 damnabuntur
523 1051 592 1118 iilic.
613 1049 661 1106 libi
684 1047 808 1105 110001ἰι
830 1046 979 1105 0003100·
1029 1050 1102 1117 Deus
1126 1051 1195 1107 nihii
1208 1051 1270 1117 scit,
1285 1058 1312 1105 et
1326 1063 1382 1104 non
1397 1054 1440 1103 est
1459 1044 1573 1101 scicntia
1589 1044 1617 1099 iu
1630 1041 1756 1107 Excelsa,
1774 1040 1826 1098 sed

187 1152 292 1205 01110110
303 1141 481 1213 (1101111θηὶ101.
1030 1151 1161 1213 tanquam
1181 1143 1209 1197 in
1232 1157 1263 1197 re
1283 1142 1400 1198 obscura
1424 1137 1576 1195 baesitnndo
1598 1137 1714 1193 dicunt:
1731 1134 1762 1191 st
1784 1143 1827 1190 est

222 1235 331 1291 Aliter:
346 1234 412 1290 ideo
432 1242 597 1289 conuerteret
606 1230 720 1303 popalus
734 1246 806 1286 tutus
820 1231 882 1296 but,
897 1229 980 1286 idest
1029 1234 1140 1290 inentia
1158 1235 1187 1291 in
1198 1231 1322 1299 Estote,
1337 1232 1364 1287 id
1378 1239 1421 1287 cst
1435 1245 1469 1286 an
1485 1237 1528 1286 est
1542 1228 1657 1284 scicntia
1680 1230 1715 1301 in·
1726 1224 1828 1282 Excel-

188 1327 223 1385 td
237 1327 291 1385 boc
313 1325 458 1397 diligenter
471 1323 712 1390 considerandum,
726 1322 800 1393 quod
824 1320 870 1377 bic
882 1327 981 1377 tracta-
1030 1326 1083 1383 nn?
1096 1326 1130 1383 lit
1142 1327 1194 1382 tnnc
1212 1333 1323 1395 recepto
1341 1322 1414 1395 quod
1436 1335 1501 1377 rere
1517 1320 1630 1382 arbritio
1656 1329 1696 1374 ιιι
1722 1319 1751 1373 in
1766 1316 1827 1371 Es·

187 1429 243 1479 tur.
259 1417 328 1474 Nam
341 1417 408 1488 quia
422 1417 456 1474 de
471 1416 683 1488 pacemalorum
695 1416 774 1486 plura
787 1414 860 1469 mdo
871 1411 981 1469 evenire
1030 1419 1110 1487 celse,
1127 1426 1212 1474 restat
1237 1418 1327 1473 adbuc
1341 1416 1395 1471 alia
1411 1413 1538 1486 qttmstio,
1556 1411 1681 1472 titlelicct
1692 1409 1828 1486 momoria

187 1520 347 1577 cernuntur,
361 1509 421 1565 ideo
435 1516 599 1564 contrectetur
614 1506 726 1578 populus
740 1520 814 1560 meus
827 1504 927 1560 burnel
937 1503 980 1559 die
1030 1510 1099 1567 erim
1126 1508 1207 1565 Dens.
1227 1507 1303 1564 lianc
1328 1514 1520 1579 preoccupant
1536 1502 1671 1560 dicendo:
1686 1501 1828 1569 Quomodo

188 1601 223 1659 ad
238 1599 461 1673 prospiciendum
485 1596 740 1665 sibieteanendnn
753 1610 769 1651 a
784 1594 868 1651 tantis
887 1594 978 1651 malis
1031 1602 1080 1657 rcit
1107 1599 1200 1655 Deris?
1221 1609 1314 1656 utrum
1342 1613 1391 1670 per
1414 1595 1592 1667 semetipsum
1618 1610 1718 1665 anper
1738 1609 1827 1665 ange-

126 1722 135 1739 ο
224 1691 359 1750 Hebraico
383 1691 536 1748 roriosita
552 1705 582 1754 se
596 1689 678 1746 nabet
695 1687 981 1759 :Propterenconser-
995 1658 1017 1713 Β
1031 1693 1074 1751 los
1100 1691 1307 1748 internuntios?
1334 1689 1414 1746 Absit
1438 1696 1529 1744 autem
1562 1696 1594 1744 nt
1626 1684 1700 1742 Dens
1730 1686 1829 1742 eninis

188 1766 258 1839 tetur
269 1780 446 1853 populusque
458 1778 572 1835 iric.Scd
586 1780 712 1850 quaedam
724 1778 919 1849 translationes
930 1777 981 1833 lra-
1031 1787 1178 1858 praeterita,
1200 1784 1344 1855 prasentia
1369 1790 1397 1839 et
1416 1781 1509 1838 lutura
1535 1779 1625 1837 sciens
1651 1779 1752 1851 aliquid
1776 1788 1831 1848 per

188 1867 750 1943 bentlnucetqnaedamlntc.Sensnsidem
764 1878 816 1925 est.
828 1867 981 1927 Possumus
1032 1880 1144 1951 angelos
1171 1878 1269 1945 disent,
1292 1876 1372 1948 qnasi
1399 1874 1477 1947 prins
1501 1872 1670 1945 incognitum
1691 1870 1755 1927 sibi.
1769 1867 1829 1925 iio-

188 1959 591 2031 0110111010οῑ00101Ρο0οῙ01
612 1975 685 2015 meur
708 1960 761 2028 ¹³5⁶,
781 1960 809 2016 ill
828 1962 913 2016 001ίο
934 1974 983 2016 00·
1031 1971 1071 2027 rit
1095 1970 1179 2042 igitur
1199 1970 1293 2025 omnia
1317 1969 1346 2023 in
1371 1967 1519 2038 semetipso
1531 1974 1558 2022 ct
1569 1981 1619 2037 per
1633 1964 1827 2035 semetipsum,

188 2053 252 2109 dem
271 2052 330 2111 zelo
347 2067 455 2108 meeum
481 2064 599 2111 cerneus
615 2051 687 2107 mab
712 2052 747 2108 de
764 2050 900 2107 malorum
918 2066 982 2123 pro-
1033 2056 1574 2133 qnanqnnmtelitlrabercmiuistcrium
1587 2054 1829 2127 angelorumque

188 2145 320 2216 speritate
330 2144 477 2211 uenientia,
492 2153 656 2200 conomtetur
666 2142 700 2199 ad
713 2142 855 2200 ueritatem
870 2143 983 2214 perqui·
1033 2149 1086 2207 nini
1098 2150 1146 2206 sed
1159 2148 1318 2204 {nonninibns
1330 2145 1533 2217 praedestinatis
1546 2144 1581 2201 ad
1596 2145 1713 2201 salutem
1727 2158 1829 2207 neces·

188 2236 314 2294 relidam.
330 2235 361 2294 iit
377 2250 441 2291 cum
458 2236 580 2293 ueritatis
595 2235 751 2292 desertores
769 2250 825 2291 non
839 2235 983 2292 dimidient
1032 2241 1148 2309 sarium,
1161 2242 1237 2312 quia,
1253 2249 1285 2295 ut
1303 2239 1451 2311 Apostolus
1466 2238 1526 2293 ait:
1544 2233 1672 2292 tdtnncs
1693 2243 1760 2292 sunt
1778 2236 1832 2291 ad-

189 2325 405 2400 dissertamus
426 2327 498 2398 pleni
510 2328 676 2399 irttettieqtur
690 2328 718 2386 in
743 2328 792 2399 eit,
802 2328 849 2398 qui
864 2342 926 2383 eam
941 2326 983 2381 di-
1032 2333 1222 2390 ministralorii
1247 2331 1361 2402 spiritus
1375 2329 1452 2387 missi
1467 2336 1579 2401 proptor
1596 2342 1657 2401 eos,
1673 2327 1721 2397 qui
1740 2326 1830 2391 inspre-

188 2417 279 2490 liquot
293 2425 320 2475 et
332 2416 486 2488 inquirunt.
505 2415 651 2473 Plenitudo
668 2417 801 2489 temporis
813 2417 856 2473 uei
879 2417 983 2474 dietam
1032 2426 1145 2482 dilatent
1177 2425 1290 2497 capiunt
1320 2421 1419 2479 salinis
1447 2419 1542 2492 (licit.
1563 2436 1583 2486 ι,
1608 2419 1688 2490 lli.»
1712 2417 1832 2489 Propter

189 2522 300 2580 temper
313 2508 342 2563 in
356 2508 428 2565 bono
441 2510 575 2581 accipitur
588 2510 615 2564 in
638 2525 718 2566 sacra
736 2508 888 2580 Scriptura.
906 2507 984 2566 Unde
1033 2532 1093 2586 eos,
1107 2537 1118 2571 r
1134 2517 1233 2589 inquit,
1247 2531 1302 2571 uon
1317 2522 1428 2586 propter
1443 2528 1523 2568 eunt:
1538 2529 1548 2563 t
1563 2510 1676 2583 Propter
1686 2525 1735 2567 eos
1751 2510 1831 2566 title-

194 2618 204 2669 ι
222 2615 285 2669 cuttu
301 2601 375 2657 uenit
396 2601 537 2672 plenitudo
553 2602 694 2673 temporis,
705 2601 781 2657 misit
798 2600 871 2675 Deus
882 2599 984 2664 lilium
1034 2609 1108 2682 licet,
1119 2623 1189 2681 quos
1200 2607 1329 2678 adiuuant
1344 2605 1396 2663 sibi
1412 2603 1630 2668 commendatos,
1646 2619 1700 2659 nou
1714 2612 1831 2674 propter

189 2708 273 2753 tuum
288 2692 391 2766 (Goloi-
404 2710 443 2758 tv,
455 2694 495 2766 d).
511 2713 522 2749 r
539 2695 572 2750 Et
584 2694 767 2751 tie-&brabant
777 2693 835 2765 site
849 2696 904 2763 alio
915 2710 985 2767 quo-
1033 2715 1108 2767 eum,
1122 2700 1169 2771 qui
1188 2699 1263 2755 misit
1279 2698 1351 2753 illos.
1365 2694 1434 2751 Nam
1449 2695 1508 2752 sine
1528 2694 1583 2751 iliis
1598 2695 1656 2766 ipse
1670 2694 1762 2751 otnuia
1777 2708 1831 2749 no·

189 2786 258 2845 libet
272 2794 369 2842 sancto
385 2786 445 2841 viro
456 2786 597 2854 scribitur,
609 2786 685 2858 quod
699 2795 826 2844 mortuus
837 2796 880 2844 est
893 2806 903 2843 t
924 2788 983 2858 pie·
1034 2791 1073 2865 tit
1085 2801 1113 2848 ct
1125 2799 1215 2862 potest
1227 2790 1319 2845 onrutia
1333 2803 1394 2859 quae
1403 2787 1471 2842 vult.

190 2894 245 2953 nus
257 2878 365 2934 dierum
390 2876 468 2954 (Gerr.v
483 2894 549 2951 ur,
565 2877 604 2949 8).
623 2898 634 2933 t
656 2877 689 2934 tit
708 2897 715 2934 z
734 2897 745 2931 t
764 2877 903 2935 Elisabeth
929 2878 983 2943 im·
1070 2881 1168 2938 Adbuc
1193 2889 1284 2937 tannen
1300 2879 1400 2951 quaerit
1420 2877 1510 2949 leupo
1534 2885 1563 2933 et
1580 2877 1648 2934 dicit
1666 2896 1672 2931 :
1690 2875 1831 2943 Qttuntcde

190 2970 295 3043 pletum
321 2978 364 3027 est
383 2979 491 3042 tempus
518 2971 643 3043 pariendi
669 2970 747 3043 (Luc.
774 2988 793 3039 ι,
816 2971 873 3048 57),Ι
897 2971 982 3028 ›Etz
1036 2974 1192 3051 scindenti
1211 2971 1307 3033 Utrum
1323 2972 1363 3032 sic
1378 2970 1546 3034 tritomum,
1571 2977 1602 3026 ut
1624 2967 1707 3025 ctiam
1722 2967 1756 3024 de
1769 2982 1831 3023 om·

194 3079 205 3123 t
223 3060 356 3130 Contpleti
374 3069 438 3116 sunt
453 3060 538 3123 diest
561 3059 665 3128 Mariae,
683 3079 693 3112 t
710 3069 741 3116 nt
760 3069 869 3132 pareret
883 3061 984 3116 Filium
1037 3067 1130 3134 nibus,
1147 3080 1209 3137 qum
1223 3065 1284 3130 scit,
1298 3064 1334 3119 sit
1349 3063 1387 3118 illi
1401 3078 1479 3131 eura,
1494 3078 1557 3119 eum
1578 3061 1654 3117 dieat
1675 3061 1736 3131 ejus
1755 3066 1831 3130 lipo-

193 3167 274 3209 ruum
290 3150 503 3223 primogenitum
519 3150 596 3221 (Lus.
611 3166 644 3225 n,
660 3150 731 3221 ti-7).
750 3149 917 3223 »Ereqione
929 3153 985 3208 dies
1036 3159 1142 3222 emitis:
1162 3175 1173 3209 ι
1190 3154 1318 3225 Nnnqnid
1331 3155 1363 3216 ue
1378 3153 1459 3210 totto
1474 3170 1539 3209 curn
1561 3164 1599 3209 eet
1614 3153 1693 3222 beot
1716 3150 1744 3223 (l
1764 3150 1829 3211 cet.

192 3242 285 3310 vacui,
308 3242 364 3296 dier
390 3243 487 3299 inanes
500 3242 544 3299 rel
568 3241 675 3299 dimidii
690 3243 749 3301 site
766 3244 907 3314 semipleni
928 3243 985 3298 diet
1037 3267 1076 3318 pn,
1091 3249 1159 3320 9.)s
1180 3263 1216 3305 an
1231 3247 1269 3307 ita
1282 3248 1334 3313 trit
1351 3247 1444 3313 onrtria
1463 3253 1494 3300 ut
1514 3245 1549 3302 de
1565 3244 1729 3321 quibusdam
1754 3242 1830 3314 nttlla

193 3334 258 3390 mali
272 3342 347 3389 strut.
361 3330 391 3387 Si
405 3332 478 3387 enim
489 3347 537 3389 rex
548 3332 680 3389 Ezechias
694 3334 765 3390 dixit
781 3352 788 3389 ι
803 3353 813 3387 ι
826 3333 856 3389 Ιιι
870 3334 986 3395 dimidio
1036 3343 1073 3398 sit
1085 3340 1109 3398 ei
1123 3339 1207 3396 entra?
1222 3337 1414 3409 iiespondetttr
1428 3336 1462 3391 ad
1478 3337 1553 3393 ltaec:
1565 3334 1637 3391 Deus
1654 3334 1693 3399 ita
1708 3335 1758 3390 trit
1768 3348 1832 3395 om·

192 3424 300 3489 01010111
310 3422 538 3480 11100101010011111
547 3422 772 3493 idwfiislssstil
781 3422 852 3497 ihi·
863 3440 985 3492 millis
1037 3434 1094 3500 nia,
1117 3440 1149 3488 ut
1164 3430 1246 3487 etiam
1259 3430 1294 3486 de
1319 3428 1447 3484 omnibus
1467 3427 1493 3483 ci
1518 3428 1554 3483 sit
1573 3442 1651 3484 eitra.
1674 3424 1742 3480 Nam
1756 3423 1830 3496 qund

194 3517 250 3586 td).
268 3536 278 3569 s
296 3515 325 3572 Si
341 3517 464 3587 illituum,
478 3517 507 3589 (0
527 3515 641 3571 dimidio
655 3514 758 3573 dierum
779 3517 908 3579 1110011001
922 3508 988 3573 sunt
1037 3521 1185 3594 Apostolus
1199 3528 1281 3592 negat
1295 3519 1320 3593 ci
1334 3533 1430 3575 curam
1451 3518 1485 3574 de
1504 3517 1593 3573 bobus
1607 3515 1839 3588 quadrupedibus,

194 3606 818 3681 001101οΓ011,θθίψθΜῐθὸΰῑωΜῑῑῊῙΰῑὶ
839 3608 987 3680 0010ῑο10οῑ
1036 3629 1114 3681 esse;
1139 3623 1295 3683 numenque
1318 3611 1402 3666 boum
1426 3608 1558 3679 transient
1577 3610 1612 3666 ad
1637 3608 1831 3679 praedicatores

194 3698 419 3761 remuneratione
439 3698 618 3756 beatitudinis
633 3714 690 3754 non
708 3698 820 3758 inerunt
844 3700 930 3772 digni,
954 3716 988 3756 ao
1038 3707 1207 3764 tinnientem
1221 3702 1298 3760 nerii
1318 3703 1490 3770 triturantes,
1509 3701 1546 3757 ita
1564 3710 1606 3758 est
1629 3698 1830 3770 accipiendum,

193 3790 373 3860 proluderet
394 3789 516 3860 prodens
527 3790 611 3859 derit,
622 3790 742 3861 sscluque
755 3805 806 3847 suo
816 3806 849 3857 ac
858 3791 987 3863 precibus
1037 3796 1147 3865 nt,1)eo
1161 3810 1227 3853 cura
1243 3810 1297 3851 non
1311 3794 1393 3851 luerit
1406 3803 1518 3865 propter
1531 3794 1616 3850 bores
1630 3789 1832 3848 irrationabiles

195 3882 256 3955 dies
271 3883 367 3953 plenos
381 3881 511 3938 obtinuit.
524 3882 596 3953 Quid
604 3882 638 3938 de
648 3882 741 3938 dicbus
755 3884 868 3939 omnuino
880 3884 985 3950 vacuis,
1039 3888 1093 3944 boc
1107 3887 1134 3942 in
1150 3887 1208 3958 lege
1220 3887 1286 3957 poni
1303 3894 1331 3942 ct
1350 3885 1472 3959 praecipi,
1487 3893 1518 3939 ut
1541 3899 1597 3939 non
1618 3883 1775 3955 alligaretur
1796 3898 1831 3939 os

194 3975 283 4047 otiose
295 3977 338 4031 vel
353 3976 436 4031 etiam
449 3976 583 4031 damnose
602 3973 734 4051 traductis
750 3976 917 4031 censendum
933 3983 987 4043 est,
1039 3978 1103 4034 boni
1116 3977 1271 4044 trituranti;
1285 3976 1332 4034 sed
1345 3982 1455 4047 propter
1467 3974 1552 4036 boves
1564 3974 1750 4051 rationabiles,
1761 3987 1831 4044 quo-

195 4068 249 4141 nisi
265 4068 339 4138 quod
354 4083 408 4123 non
423 4067 512 4123 solum
534 4066 569 4124 ad
592 4075 686 4138 portas
699 4065 780 4123 interi
804 4066 926 4134 mittunt,
938 4068 987 4124 sed
1038 4084 1100 4126 rum
1116 4086 1189 4126 unus
1201 4068 1254 4123 iuit
1269 4069 1328 4139 ipse
1343 4067 1496 4138 apostolus,
1522 4067 1634 4125 undeet
1648 4064 1717 4122 dixit
1732 4084 1739 4121 :
1763 4083 1773 4117 t
1787 4066 1831 4123 An

195 4168 224 4227 et
235 4160 262 4216 in
278 4159 447 4231 profundum
473 4157 574 4216 irtierni
597 4159 751 4230 sepeliunt?
764 4157 842 4223 Unde
854 4160 900 4216 ille
910 4161 987 4218 diues
1038 4168 1150 4233 propter
1163 4174 1213 4217 nos
1228 4158 1286 4214 baec
1302 4172 1357 4213 non
1373 4156 1458 4213 uicini
1484 4157 1557 4214 Sane
1574 4157 1714 4229 igiturest
1731 4156 1832 4213 intelli·

195 4250 296 4323 iegitur
313 4270 323 4304 t
340 4252 464 4324 sepultus
478 4251 506 4307 in
519 4249 658 4306 infernum
673 4250 752 4318 (buc.
764 4267 820 4319 tut,
831 4251 889 4323 22),
911 4271 921 4306 r
939 4268 988 4308 cu·
1039 4252 1157 4323 gendum
1171 4265 1227 4308 non
1243 4251 1314 4307 banc
1326 4248 1412 4309 inisse
1427 4263 1523 4305 curam
1541 4247 1597 4304 lico
1611 4248 1646 4317 de
1660 4248 1749 4305 bobus
1762 4263 1833 4318 qua·

194 4343 241 4414 lus
255 4341 311 4398 diet
326 4345 405 4400 uacui
428 4358 444 4398 a
467 4342 541 4399 bono
564 4342 656 4398 fructu
677 4341 799 4409 fuerunt,
813 4351 861 4398 aut
881 4343 905 4397 sl
920 4343 987 4413 quid
1002 4361 1026 4417 p
1039 4343 1218 4412 drupcdibus,
1233 4350 1264 4397 ut
1277 4350 1388 4413 propter
1401 4355 1448 4399 eus
1463 4341 1491 4395 in
1510 4341 1569 4411 lege
1583 4355 1637 4397 nou
1658 4339 1831 4412 preceperit,

196 4433 264 4490 boni
278 4433 444 4500 habuerunt,
457 4448 512 4489 non
526 4432 560 4488 ad
574 4432 772 4504 plenitudinem
788 4432 986 4504 perduxerunt,
1039 4450 1094 4491 non
1108 4434 1214 4506 alligari
1230 4448 1262 4490 os
1274 4433 1336 4489 buti
1359 4432 1511 4500 trituranti,
1526 4430 1573 4488 scd
1584 4432 1635 4488 sub
1652 4434 1771 4512 tegmine
1784 4433 1832 4502 Ιίι-Δ

196 4523 309 4599 imobie
326 4525 493 4583 remunerati
516 4524 678 4591 amiserunt,
699 4522 840 4593 judicante
858 4523 916 4592 ilio,
939 4525 988 4596 qui
1040 4536 1106 4583 tera
1125 4524 1245 4596 prouidit
1263 4525 1445 4596 inposterum,
1465 4509 1642 4580 ne‘debitnm
1664 4525 1831 4596 stipendium

195 4614 265 4671 tlirit
280 4636 288 4672 :
304 4634 313 4667 t
329 4616 397 4683 iiii,
412 4616 573 4686 recordare,
587 4615 653 4689 quia
666 4614 793 4686 recepisti
804 4614 877 4671 bona
892 4616 919 4672 in
931 4617 988 4671 rita
1038 4616 1194 4687 rreqandum
1210 4624 1353 4688 putaretur
1367 4615 1619 4689 evangelizantibus
1630 4616 1755 4683 terbum,
1767 4631 1830 4687 cum

197 4715 255 4773 tua,
268 4716 296 4761 et
309 4706 430 4765 Lazarus
441 4710 569 4768 similiter
584 4712 656 4767 mola
674 4709 751 4782 (Luc.
766 4725 822 4777 xri,
833 4694 922 4774 ibis»
939 4709 988 4766 lile
1038 4708 1131 4780 potius
1159 4708 1195 4776 is,
1215 4708 1262 4779 qui
1286 4708 1488 4780 evangelizatur
1509 4706 1602 4774 verbo,
1627 4708 1832 4781 communicare

197 4796 298 4867 quippe
315 4798 372 4853 dica
397 4798 486 4870 plenos
501 4802 608 4872 babuit,
624 4817 674 4859 nec
689 4802 724 4858 de
747 4799 917 4874 plenitudine
930 4801 988 4856 dic·
1039 4800 1137 4857 debeat
1154 4801 1190 4868 ei,
1204 4800 1251 4871 qui
1267 4816 1297 4870 se
1310 4800 1462 4859 catechizat
1478 4799 1506 4855 in
1517 4800 1648 4856 omnibus
1667 4799 1758 4875 benis.
1782 4797 1831 4854 bi-

199 4902 260 4942 runt
287 4887 437 4958 quidquam
455 4893 573 4965 perdidit
596 4894 770 4961 adluentibus
796 4893 821 4950 ei
835 4894 986 4964 prosperis,
1039 4908 1110 4965 gntus
1131 4901 1174 4948 est
1199 4891 1273 4947 enim
1290 4892 1433 4961 operarius
1456 4891 1519 4948 cibo
1544 4905 1606 4946 suo.
1629 4890 1706 4955 Alias
1726 4899 1829 4967 autem,

199 4978 247 5033 sed
262 4977 334 5034 inter
345 4978 461 5036 aduersa
472 4981 507 5037 de
528 4982 572 5039 die
588 4984 617 5038 in
631 4985 704 5040 diere
718 4984 835 5059 proiecit
849 4999 937 5055 nsque
953 4985 987 5041 ad
1039 4994 1173 5057 quantum
1191 4985 1289 5041 attinet
1302 4985 1336 5049 ad
1351 4984 1531 5041 universalem
1548 4984 1596 5040 liei
1620 4982 1827 5054 prouidentiam,

197 5067 394 5142 plenitudinem
421 5071 536 5128 dierum.
551 5070 640 5140 Quam
661 5075 859 5145 plenitudinem
884 5091 920 5133 ue
946 5076 989 5134 di·
1039 5092 1105 5133 cura
1129 5075 1185 5133 lieo
1206 5083 1318 5132 nonest
1332 5076 1422 5133 solum
1437 5075 1592 5147 demagnis
1612 5074 1709 5139 bobus,
1733 5088 1827 5129 vuum

198 5160 353 5218 minuerent
376 5173 488 5235 peccata
511 5163 628 5221 tertiatio
649 5175 677 5222 et
690 5168 861 5239 quotidiana,
885 5170 989 5242 recepit
1039 5170 1121 5225 etiarn
1138 5169 1173 5224 de
1185 5168 1277 5240 partis
1289 5168 1458 5237 passeribus,
1470 5181 1589 5238 quorum
1604 5180 1676 5221 unus
1690 5179 1743 5218 non
1756 5163 1830 5218 cadit

197 5270 248 5329 pro
258 5258 300 5315 eis
311 5260 381 5314 mala
394 5258 424 5315 in
436 5260 493 5316 vita
505 5274 565 5317 sua.
579 5258 625 5318 Sic
634 5260 690 5316 diet
701 5260 772 5333 pleni
785 5262 950 5317 itinenientur
961 5263 989 5318 in
1039 5278 1123 5333 super
1136 5270 1239 5317 terram
1254 5261 1313 5316 sine
1325 5260 1416 5328 Patre,
1430 5261 1534 5327 omnia,
1547 5274 1610 5331 qua.
1621 5260 1690 5312 liunt
1704 5262 1829 5328 patrante

198 5348 247 5417 eit,
258 5350 306 5422 qni
317 5349 433 5424 flagellis
450 5352 537 5409 attriti
552 5362 748 5411 convertuntur
762 5354 815 5423 liic,
826 5365 853 5408 ct
866 5368 987 5425 purgan·
1041 5363 1122 5425 atque
1136 5352 1291 5421 ordinante,
1314 5354 1361 5424 qui
1378 5362 1406 5409 et
1427 5352 1500 5408 bona
1525 5361 1635 5424 patrare
1656 5360 1739 5422 atquc
1758 5346 1829 5405 mala

198 5449 245 5498 tur
258 5442 287 5499 in
300 5443 418 5501 hacuita
430 5460 479 5515 per
493 5446 618 5504 aduersa.
633 5444 720 5518 Cuius
733 5446 773 5502 rei
789 5445 914 5501 notitioni
937 5462 983 5501 an·
1040 5448 1169 5504 ordinare
1183 5446 1221 5501 ita
1235 5445 1393 5513 consucvit;
1422 5452 1453 5499 ut
1475 5444 1503 5500 iu
1520 5453 1576 5500 tota
1595 5459 1653 5500 suar
1667 5441 1829 5501 dominatio·

200 5541 309 5604 tequam
335 5537 414 5607 plene
440 5540 716 5611 comprehenderent,
743 5540 937 5596 bmsitarerunt
962 5548 989 5601 et
1041 5539 1085 5595 nis
1099 5537 1237 5609 republica
1252 5553 1268 5593 a
1282 5536 1398 5594 summis
1418 5536 1553 5594 etelorum
1566 5551 1654 5607 usque
1667 5534 1702 5591 ad
1714 5532 1826 5589 fundum

198 5627 271 5694 apud
285 5641 315 5682 sc
328 5627 536 5699 cogitaverunt:
1041 5643 1132 5686 rerum
1144 5626 1302 5689 indutarum
1323 5626 1392 5683 nibil
1407 5626 1464 5699 liat,
1483 5626 1628 5699 quod'uou
1649 5624 1685 5681 ab
1701 5623 1762 5695 ipso
1783 5624 1829 5673 aul
