3892 6067
18 225 20 228 ’
116 222 154 277 te
362 220 453 280 PARS
472 222 518 280 tt.
537 222 636 280 rsat.
657 221 750 290 ιλιι.
772 221 839 280 stt]
858 222 924 279 ttn.
943 221 989 278 nt
1007 222 1197 282 conuento
1217 225 1358 284 ECClAES.
1380 226 1504 286 statu.
1709 229 1746 286 tu

115 335 908 406 sacerdotaliadebeteolribsre,neaerldpaturmortibut
922 345 945 401 lt
959 350 1124 415 urgerentur,
1149 358 1184 399 ne
1204 343 1348 401 bomicidao
1366 348 1533 402 riderentur.
1554 344 1629 403 lium
1653 355 1745 403 autem

115 428 200 484 etiam
216 427 339 484 bostium
350 427 548 494 commiscerer
570 429 643 485 sicut
655 429 690 485 de
710 429 790 490 beato
804 429 908 500 Grego·
958 432 1023 502 qrria
1040 432 1161 502 episcopi
1172 433 1284 502 orridam
1300 434 1341 490 sie
1362 437 1544 505 tyrannizant,
1558 445 1589 491 ut
1602 438 1684 493 edam
1699 438 1743 494 ln-

116 525 161 580 rio
182 523 324 594 legimus,
338 522 398 594 gul,
413 538 477 580 eam
500 522 641 582 ιιιιιιιιιιι
659 524 909 582 milltesindeleu·
959 531 1090 578 nocentes
1115 537 1248 593 personas
1266 534 1293 578 ιι
1313 525 1462 595 spiritales,
1490 526 1607 582 militum
1631 543 1746 592 suorum

116 610 396 671 simetlruiseoutra
407 611 605 686 Longobardos
617 615 730 685 pecunia
742 613 908 671 ecclesiasti·
959 612 1057 683 gladiis
1077 612 1215 669 interdurn
1237 624 1396 684 exponant;
1422 618 1562 674 esurimus
1589 626 1617 672 et
1637 618 1747 673 sitimus

116 721 149 762 ca
162 705 237 762 vetat
252 705 414 762 sacebarius
430 706 549 775 juraret,
570 714 654 779 augus
673 707 797 763 domnina
818 709 910 764 meer-
960 703 1031 757 bane
1041 702 1186 771 iustitiam,
1203 712 1232 759 ut
1250 704 1353 774 judicia
1367 713 1395 762 et
1405 705 1513 776 negotia
1541 706 1675 776 spiritalia
1699 722 1748 776 por

116 795 205 853 dotali
215 808 348 867 taquam
363 796 480 867 justitie
490 796 603 867 siguiler
618 798 768 864 animaret;
784 796 909 852 amorti-
960 793 1108 864 spiritales,
1127 802 1155 849 ιι
1170 794 1312 851 saecularia
1332 810 1382 865 per
1395 794 1542 851 seerdures
1559 796 1595 850 ita
1615 811 1749 865 peragan-

117 886 173 943 bus
187 895 279 942 huten
295 886 419 958 ipsomrm
431 886 674 959 Langobardorum
685 888 790 945 studuit
800 888 852 943 sibi
862 902 910 943 ea·
959 895 1014 950 tur,
1028 900 1064 941 ne
1081 886 1192 942 termini
1215 904 1230 942 a
1252 886 1376 958 patribus
1396 886 1541 942 constituti
1563 886 1747 957 negligantur.

116 991 195 1041 aera,
212 976 279 1047 ipsis
293 991 406 1046 quoque
418 977 546 1034 nostibus
558 978 708 1048 parcendo,
725 994 775 1034 nec
785 978 856 1034 bella
868 978 910 1034 ιιι·
960 974 1073 1032 Talibus
1092 975 1205 1046 iudiciis
1230 976 1257 1032 iu
1276 975 1396 1033 Ecclesia
1410 976 1514 1032 cbristi
1527 975 1657 1033 distincte
1671 975 1748 1030 ordi·

119 1067 236 1123 leuando
247 1068 290 1123 rel
303 1066 401 1122 inlerri
416 1068 612 1139 precipiendo,
629 1067 684 1123 nisi
698 1074 831 1137 quantum
844 1081 909 1123 exe·
959 1065 1042 1130 natis,
1062 1064 1278 1121 oorrlunderetur
1301 1073 1329 1120 et
1350 1065 1542 1121 excluderetur
1565 1063 1678 1120 omnino
1700 1077 1748 1119 rex

117 1158 159 1229 git
168 1156 323 1212 musitae
332 1156 440 1226 injurie
450 1155 652 1226 propulsandae,
662 1155 706 1212 rel
723 1156 800 1212 urbia
818 1169 911 1227 aepa-
960 1157 1118 1229 babylonia,
1135 1159 1262 1229 princeps
1277 1157 1451 1213 tenebrarum
1465 1164 1492 1211 et
1505 1155 1688 1221 conlusiouis,
1700 1154 1749 1225 qni

118 1246 376 1304 biardelensandre.
391 1246 461 1302 ilinc
475 1247 850 1318 estquodboatibusrersua
864 1261 912 1300 ur·
960 1262 1035 1303 nuuc
1059 1247 1142 1302 rebus
1163 1247 1235 1302 male
1261 1246 1351 1302 mistis
1367 1255 1395 1300 et
1416 1245 1541 1301 conlutis
1563 1245 1699 1317 gloriatur
1718 1259 1749 1301 sc

117 1339 181 1396 bem
201 1338 415 1409 properantibus
432 1346 558 1394 moneta
581 1348 658 1411 tergo
680 1338 848 1404 instandum,
869 1337 910 1393 ιιι
960 1336 1101 1392 abundare
1114 1335 1217 1392 liliiset
1228 1336 1337 1391 filiabus
1352 1335 1541 1405 multiplicatis
1557 1350 1640 1404 super
1653 1348 1750 1388 nume-

116 1443 152 1484 ιι
167 1427 288 1484 adverso
296 1426 480 1483 resistendum
490 1445 498 1482 s
510 1427 611 1498 quibus
624 1428 735 1499 inpane
745 1425 911 1498 qrriescenti·
960 1441 1021 1482 rum
1033 1425 1150 1482 iliorum
1163 1435 1191 1481 et
1204 1427 1321 1480 tiliarum
1334 1424 1500 1480 ierusalem.

115 1518 185 1583 bus,
208 1525 238 1572 ιι
261 1515 411 1574 Ecclesiam
432 1532 488 1573 non
509 1517 671 1574 latentibus
696 1517 810 1572 minime
831 1516 911 1573 docet
994 1513 1105 1570 XXXV.
1124 1513 1256 1570 Misereor
1269 1530 1352 1584 super
1367 1514 1438 1570 ullas
1453 1513 1609 1592 babylonia,
1634 1512 1750 1568 miseras

116 1608 189 1664 bella
205 1606 359 1675 inierenda,
374 1623 531 1679 quanquam
553 1617 617 1664 uota
636 1608 719 1664 luerit
738 1608 845 1664 bostilia
863 1623 912 1664 eo-
961 1605 1022 1661 illas
1035 1604 1105 1661 lalso
1114 1605 1336 1661 sanctimoniales
1349 1605 1447 1669 dietas,
1463 1620 1524 1674 ιιι
1538 1604 1562 1657 si
1575 1612 1624 1657 aut
1638 1603 1749 1657 Christo

117 1716 180 1755 rum
193 1701 326 1771 nequitia.
338 1698 403 1756 lude
410 1708 453 1757 rat
460 1700 534 1771 guod
545 1715 629 1771 penes
636 1700 827 1771 imperatorem
833 1698 910 1753 blau-
924 1690 945 1745 Β
959 1709 1008 1766 per
1022 1703 1115 1750 notum
1132 1693 1307 1750 continentiae
1326 1694 1485 1765 spiritaliter
1503 1702 1603 1764 nuptae,
1612 1694 1656 1747 ιιι
1674 1700 1739 1747 anm

117 1792 214 1848 ritium
239 1791 292 1848 sibi
313 1805 428 1863 prorsus
454 1790 605 1855 inleuaum,
632 1790 736 1846 dudum
763 1798 911 1847 aecusatus
960 1797 1055 1844 uotum
1089 1786 1257 1845 seculariter
1276 1786 1429 1857 conjugatae
1456 1783 1589 1850 luissent,
1622 1788 1749 1853 poterant

118 1881 197 1953 quod
214 1881 353 1938 llalcbum
371 1882 531 1954 episcopam
547 1880 590 1939 sui
606 1883 764 1953 patrimonii
784 1881 912 1953 proriso-
959 1893 1021 1934 esse
1042 1879 1104 1935 bliae
1125 1877 1288 1942 ierusalem,
1312 1874 1354 1931 vel
1374 1876 1445 1930 iuter
1460 1873 1602 1945 sexaginta
1625 1873 1745 1944 reginas,

117 1989 189 2036 nm,
204 1987 259 2043 pro
273 1973 419 2030 reddendis
429 1973 612 2044 pensionibus
627 1974 721 2028 tandiu
736 1974 765 2029 in
778 1972 912 2030 custodiis
960 1970 1032 2026 inter
1052 1970 1210 2042 octuaginta
1228 1967 1397 2025 concubinas
1421 1964 1637 2035 contemplantes
1660 1979 1751 2035 regom

118 2062 275 2124 alllisiaaet,
293 2063 576 2134 quousquespirltum
589 2062 741 2131 erlralaret,
762 2063 912 2119 Sabiniano
962 2058 1137 2116 Salomonem
1158 2061 1185 2114 in
1201 2059 1355 2115 diademate
1371 2072 1434 2123 auo,
1450 2071 1507 2126 quo
1526 2056 1667 2111 coronarit
1686 2070 1750 2109 eunt

118 2167 172 2208 suo
196 2149 506 2222 Constantinopolitano
537 2153 656 2208 diacono
681 2153 823 2221 scribens,
848 2155 909 2210 ait:
962 2159 1050 2209 mater
1067 2166 1117 2208 sua
1131 2152 1159 2207 in
1172 2151 1217 2207 dle
1231 2148 1454 2221 desponsatiouls
1474 2162 1542 2203 stre.
1559 2144 1638 2203 Nunc
1657 2155 1749 2201 autem

119 2239 243 2300 alinum
269 2252 313 2299 est
335 2244 408 2314 guod
434 2244 555 2300 breviter
572 2260 704 2317 suggeras
725 2246 912 2302 serenissimis
961 2242 1171 2299 sanctimoniam
1185 2240 1325 2314 prodesse,
1341 2239 1447 2295 mundo
1466 2246 1557 2293 autem
1579 2237 1664 2293 nimis
1681 2236 1752 2292 ami·

116 2333 241 2390 ιιιιιιίιιιι
252 2335 439 2407 assumptis
449 2336 473 2391 si
483 2350 535 2408 ego
545 2351 642 2393 serrum
651 2350 746 2392 comm
755 2335 784 2391 ln
794 2346 911 2394 mortem
961 2351 1011 2401 ιι,
1028 2335 1092 2390 tilire
1111 2333 1259 2407 Babylonis
1278 2341 1306 2389 et
1323 2329 1496 2388 eorrlusionia
1517 2338 1591 2386 reete
1608 2319 1749 2395 dicuntur,

116 2426 161 2482 ιιι
176 2424 425 2497 longobardorum
444 2442 489 2482 ιιιι
512 2426 629 2482 miseere
650 2425 809 2489 noluissem,
830 2426 911 2484 bodie
962 2434 989 2481 et
1004 2440 1020 2479 a
1035 2423 1145 2481 tiliabus
1159 2422 1322 2490 Jerusalem,
1346 2436 1401 2477 non
1422 2428 1553 2491 tanquam
1569 2419 1650 2474 lature
1668 2419 1753 2490 virgi-

118 2514 364 2590 langobardorum
385 2530 453 2587 gens
476 2531 528 2572 nec
544 2530 649 2585 regem,
673 2531 724 2573 nec
742 2516 838 2584 duces,
861 2532 913 2574 trec
962 2531 1025 2578 nea,
1050 2516 1079 2572 in
1100 2516 1199 2573 ultimo
1220 2526 1326 2573 tautum
1345 2514 1441 2586 sponsi
1457 2514 1565 2570 adventi
1578 2511 1754 2571 secernendo

118 2604 237 2663 centius
252 2605 375 2673 baberet,
387 2615 469 2677 atque
482 2606 510 2662 in
523 2623 632 2664 summa
649 2607 914 2677 conlusiouadlgisa
962 2607 1144 2680 suutffledet
1155 2603 1425 2680 punciuiuteritum
1436 2603 1528 2661 carnis
1548 2603 1687 2659 tradendas
1701 2599 1754 2659 Sa·

119 2705 202 2754 ιιιιι
215 2695 283 2765 Sul,
292 2696 357 2768 outa
369 2696 455 2753 ileum
467 2697 561 2764 timeo,
568 2699 595 2754 in
605 2708 694 2755 morte
704 2697 918 2775 cujuslitretffltpfl⁰
934 2677 1220 2768 trasimenum
1232 2696 1435 2754 emuromlrus
1451 2698 1508 2762 llat,
1532 2694 1603 2750 sieut
1622 2710 1709 2764 nuper
1723 2694 1753 2749 lu

119 2781 205 2845 ιιιιιιι
220 2801 267 2844 nte
280 2787 399 2846 mbcere
413 2785 542 2844 formido.
567 2787 692 2845 llalebus
711 2798 802 2845 autern
824 2789 911 2846 isdem
963 2791 1081 2846 concilio
1093 2790 1226 2846 ilemense
1242 2798 1283 2855 lu,
1299 2804 1368 2860 papa
1380 2788 1494 2865 Eugeni,
1506 2786 1540 2842 de
1553 2786 1658 2842 talibus
1671 2801 1751 2841 man·

119 2879 268 2950 susceptu
284 2892 374 2948 neque
391 2879 420 2934 in
440 2878 567 2935 custodia
582 2878 644 2945 luit,
664 2880 932 2954 necopinatum-4
943 2895 951 2935 2
962 2880 1047 2960 bapti,
1064 2881 1099 2936 iu
1118 2871 1281 2950 fibristta‘err‘
1298 2861 1537 2952 etipni'iepultora
1556 2885 1680 2941 careant,
1698 2874 1753 2930 ulai

118 2968 285 3036 afflictione3
301 2968 350 3025 aed
361 2968 408 3025 die
418 2985 472 3041 quo
484 2970 675 3026 eausamdixit
685 2959 917 3042 etaddio'pdaiemss
964 2951 1154 3026 uiumeuam·
1162 2955 1199 3025 bu
1207 2966 1471 3039 congregationibus
1495 2967 1645 3023 securmum
1663 2965 1755 3038 Regu·

118 3058 262 3114 ιιιιιιιιιι
275 3073 319 3115 me
334 3072 350 3113 a
366 3056 507 3116 bonifacio
522 3060 630 3115 notario
643 3060 671 3115 in
682 3059 794 3115 domum
812 3058 912 3117 duetus
926 3017 1019 3116 claro
1031 3060 1103 3116 beati
1120 3058 1268 3125 berredicti,
1280 3058 1324 3114 ιιι
1334 3057 1423 3114 saneti
1436 3053 1584 3127 Augustini
1596 3056 1753 3124 emertdent,

117 3156 173 3216 est,
194 3147 290 3218 ibique
314 3146 453 3219 prandidit
467 3159 495 3203 et
519 3149 669 3206 bonoratur
690 3157 733 3207 eat
757 3148 862 3216 abeo,
885 3157 913 3205 ιι
962 3158 991 3206 ιι
1004 3149 1109 3207 relictis
1124 3149 1258 3220 propriis,
1268 3147 1452 3204 communiter
1467 3147 1570 3204 ritant.
1584 3145 1612 3202 ln
1623 3162 1681 3218 quo
1694 3156 1752 3204 sta·

118 3247 202 3294 ιιωιι
216 3238 311 3295 subito
326 3248 453 3295 mortuus
465 3248 508 3295 est
519 3230 659 3296 luaentu'a.
678 3258 689 3293 ι
901 3269 904 3274 ·
962 3250 1022 3299 tuto
1036 3238 1210 3311 exsequendo
1221 3239 1343 3310 episcopi
1354 3238 1466 3309 qudam
1481 3253 1536 3295 uon
1547 3237 1617 3293 bone
1628 3238 1752 3309 vigilant.

153 3327 279 3384 mill.
304 3327 394 3396 Quam
419 3344 485 3385 rero
506 3330 618 3390 crudele
638 3330 728 3386 risum
745 3328 829 3387 luerit
847 3331 913 3389 bule
965 3331 1019 3390 Sed
1039 3342 1066 3389 et
1087 3332 1227 3404 ipsaellliae
1241 3330 1389 3403 Babylonis
1402 3337 1609 3386 remurmurant
1626 3329 1698 3386 inter
1723 3345 1754 3388 aa

117 3419 311 3476 wattssmo
325 3416 442 3485 doctori,
455 3428 487 3475 ιιι
499 3417 628 3490 episcopo
639 3420 752 3490 iubente
763 3421 863 3492 aliquis
875 3423 912 3479 ita
963 3425 1106 3480 dicentes:
1126 3421 1199 3490 Quid
1212 3430 1256 3478 est
1275 3421 1393 3478 rationis
1408 3421 1483 3491 quod
1498 3420 1580 3478 nobis
1593 3419 1705 3479 leminis
1725 3422 1753 3477 ia

118 3511 315 3582 castigantur,
331 3520 362 3565 ιιι
379 3524 413 3565 ιι
429 3509 488 3580 ipsa
501 3511 682 3583 castigatione
707 3512 806 3569 mortis
829 3527 912 3568 causa
962 3519 1084 3576 claustro
1096 3516 1219 3588 quolibet
1230 3515 1360 3573 stabilitis
1371 3523 1399 3571 ιι
1413 3514 1535 3583 nutritis,
1555 3529 1644 3585 neque
1662 3523 1754 3570 umen

120 3601 281 3668 inferretur,
306 3600 371 3658 inde
393 3601 543 3673 colligitur,
568 3600 761 3673 quodiuanui
783 3602 913 3673 episeopo
962 3609 1063 3683 regulae
1082 3597 1278 3678 alimiusroto
1296 3606 1387 3662 albue
1404 3605 1542 3677 obligatis,
1566 3587 1631 3676 quia
1654 3613 1750 3662 totum

119 3690 334 3762 calliopolitano
347 3691 419 3748 inter
437 3691 491 3748 alia
505 3691 640 3760 scribens,
655 3692 694 3748 ait
707 3710 743 3768 ιι
757 3691 910 3760 blatrieula,

118 3798 206 3852 guam
217 3780 304 3838 lrater
315 3790 344 3838 ιι
357 3783 536 3853 eoepiscopus
548 3790 642 3839 noster
654 3781 778 3841 Andreas
788 3782 913 3840 'larenti-
927 3803 932 3811 ⁴

119 3873 335 3944 suscpiscopus
346 3871 411 3929 lecit
422 3872 690 3944 lustibuseastigari,
701 3873 914 3944 quamvlsexiu·

118 3967 156 4022 de
174 3976 240 4036 post
262 3973 330 4029 octo¹
346 3979 456 4022 menses
476 3965 662 4034 baneobllsse
685 3981 739 4020 nou
751 3966 911 4034 credamus,

119 4068 215 4112 tamen
234 4055 298 4127 goia
312 4070 374 4112 eam
392 4064 488 4111 conus
504 4040 635 4128 prbpositi
655 4055 699 4111 sui
718 4044 843 4112 ordinem
858 4055 912 4110 lru·

116 4146 242 4218 jusmodi
259 4144 323 4203 lecit
335 4146 430 4218 allligi,
449 4147 560 4204 duobus
574 4148 647 4203 buno
662 4146 830 4204 montibusa
844 4147 913 4203 mis-

962 3702 1062 3778 regule
1078 3699 1199 3756 solemus
1216 3697 1327 3755 differre
1343 3712 1429 3767 usqrte
1441 3696 1477 3752 ad
1497 3695 1686 3753 lassitudinem
1709 3711 1753 3752 se-

962 3790 1098 3857 nectutis;
1117 3804 1191 3845 nune
1213 3786 1363 3857 imponitur
1374 3786 1469 3843 inritis
1481 3784 1656 3842 observantia
1669 3798 1752 3854 regu·

961 3879 1045 3938 laris?
1059 3877 1165 3946 Quibus
1178 3894 1242 3935 cum
1256 3878 1421 3949 respondeo,
1439 3876 1505 3947 quia
1520 3876 1588 3933 estis
1606 3876 1633 3930 in
1656 3890 1753 3932 mona·

963 3971 1047 4029 sterio
1068 3979 1097 4027 et
1117 3969 1227 4026 utimini
1251 3968 1391 4041 stipendio
1415 3966 1579 4038 regulariter
1598 3965 1754 4024 strenuius

963 4061 1125 4129 constituto,
1138 4061 1327 4133 respondent:
1341 4057 1439 4116 Nonne
1450 4058 1578 4115 similiter
1591 4066 1619 4114 et
1628 4056 1753 4113 canonlei

962 4153 1162 4225 episcopellum
1177 4151 1358 4207 ecclesiarum
1379 4150 1474 4205 rirunt
1493 4149 1528 4205 de
1551 4147 1688 4217 stipendio
1706 4161 1752 4201 re·

119 4254 218 4295 aarum
232 4238 405 4297 solemnitate
418 4239 566 4310 suspende,
580 4247 610 4294 ut
624 4238 666 4296 ιιι
678 4239 737 4297 baec
749 4254 813 4295 eum
833 4253 912 4295 vere·
962 4241 1262 4316 gularitertirentibus
1276 4239 1439 4304 constituto,
1457 4246 1486 4293 ιι
1504 4236 1556 4306 ipsi
1580 4235 1684 4290 nubam
1704 4248 1773 4308 po-¹

118 4328 225 4384 modia
241 4329 353 4400 quatem
368 4343 399 4386 se
414 4329 449 4385 de
467 4336 567 4385 caum
582 4328 712 4386 exbibete
725 4329 821 4401 possit,
833 4327 913 4385 tosti·
927 4346 951 4402 p
964 4338 1039 4394 ιιιιιιι
1055 4338 1202 4394 oberrant
1216 4334 1450 4407 reputemusque
1464 4328 1755 4387 ntumuum'dtsro·

119 4430 192 4476 imi.
211 4440 223 4473 a

154 4497 281 4566 xxxii.
300 4509 423 4568 Audiam
433 4510 491 4568 broc
503 4509 634 4582 episcopi,
649 4510 697 4582 qut
718 4510 791 4566 ultro
805 4517 834 4565 ιι
846 4523 912 4588 eon·

120 4612 165 4660 tra
174 4602 312 4673 iustitiam
325 4602 486 4674 plerumque
497 4601 567 4658 bella
580 4609 701 4670 monent,
715 4615 827 4673 guerras
838 4599 913 4656 etei·

120 4702 192 4759 tant,
207 4704 237 4748 ιι
249 4692 412 4763 plerumque
423 4675 584 4749 innocentes
596 4694 678 4749 etlam
690 4707 822 4764 personas
835 4699 913 4746 trun-

120 4784 180 4840 cari
202 4795 230 4840 et
246 4793 335 4841 morte
351 4795 432 4842 mnus
449 4786 521 4845 male
544 4789 655 4845 tractari
669 4788 841 4858 precipiunt,
854 4784 912 4841 obi·

119 4877 252 4946 eiumqoe
266 4876 362 4932 militis
375 4887 402 4933 et
420 4878 572 4934 sacerdotis
592 4879 620 4933 in
639 4894 694 4934 ιιιιι
709 4892 825 4949 persona
847 4892 913 4933 con·

118 4968 253 5034 tundunt,
267 4969 378 5025 mmitis
391 4977 419 5026 ιι
435 4971 572 5040 pontilicis
585 4970 745 5042 dignitatem
761 4968 843 5025 simul
862 4969 912 5024 ad-

962 4428 1059 4494 iutam,
1080 4442 1164 4498 quam
1188 4425 1240 4482 sibi
1264 4440 1280 4480 ι
1303 4423 1443 4480 Ludovieo
1466 4422 1563 4477 dicunt
1583 4418 1753 4490 propositam

962 4518 1020 4574 sire
1038 4517 1195 4588 impositam
1209 4535 1216 4571 ι
1230 4531 1304 4587 quse,
1319 4529 1381 4573 eum
1401 4527 1450 4569 eos
1469 4511 1565 4582 jubeat
1580 4511 1607 4565 in
1622 4508 1752 4565 claustris

962 4608 1022 4665 suis
1034 4607 1146 4665 insimul
1160 4607 1296 4672 habitare,
1311 4619 1361 4660 nec
1372 4602 1513 4674 permittat
1526 4600 1581 4656 illis
1593 4607 1670 4655 extra
1686 4598 1754 4655 dor-

963 4695 1073 4752 mitoria
1086 4711 1137 4752 sua
1151 4695 1272 4752 dormire
1292 4693 1397 4762 absque
1417 4688 1568 4746 ineuitabili
1585 4704 1680 4756 eausa,
1691 4703 1752 4752 non

963 4788 1000 4845 ita
1024 4789 1070 4856 ιιις
1093 4788 1141 4845 aed
1160 4784 1350 4856 unusquisque
1370 4781 1511 4850 discurrit,
1532 4792 1560 4837 et
1581 4780 1683 4836 dormit
1702 4778 1773 4833 ulri-

964 4882 1032 4937 uult.
1053 4880 1144 4949 Quare
1157 4880 1249 4950 itaque
1262 4878 1343 4932 nobis
1352 4873 1462 4933 leminis
1478 4873 1545 4931 illud
1557 4872 1751 4944 prohibeatur,

964 4972 1038 5045 quod
1052 4974 1081 5028 in
1099 4972 1167 5026 siris
1181 4972 1237 5026 lieo
1252 4968 1368 5026 sacratis
1388 4968 1531 5033 toleratur,
1550 4983 1613 5022 eum
1631 4980 1682 5020 noc
1695 4964 1753 5019 sal·

119 5059 292 5126 ministrant,
308 5060 498 5134 bostlbusnon
512 5063 757 5134 tyrannizantibus,
772 5075 867 5116 rerum
880 5075 913 5116 eu
964 5074 1019 5119 tem
1041 5064 1068 5119 in
1089 5076 1139 5119 sua
1155 5061 1270 5132 illa'jam
1286 5060 1359 5116 diota
1379 5058 1471 5128 regula
1493 5057 1548 5113 illis
1568 5057 1620 5111 bor
1638 5055 1754 5126 penult-

118 5150 277 5220 quaepacis
300 5159 367 5205 sunt
389 5159 419 5206 et
441 5153 537 5222 gratim
560 5152 700 5208 buntiliter
717 5151 913 5223 qrrtcrentlbus,
965 5155 1057 5211 taturi

118 5237 232 5311 gladius
252 5240 389 5306 internam
412 5250 442 5297 et
459 5257 509 5299 eos
527 5244 616 5300 occidi
629 5243 671 5298 rel
686 5243 808 5314 truncari
823 5241 915 5313 praeci·
999 5243 1120 5300 xxxii.
1141 5241 1187 5301 Sie
1204 5250 1379 5300 murmurent
1398 5242 1461 5298 litiae
1478 5236 1624 5310 Babylonis
1645 5235 1754 5292 misere

119 5329 225 5397 ιιιιιιι
237 5345 319 5400 nuos
338 5332 444 5389 utinam
463 5334 541 5392 risos
560 5334 622 5405 cupi
643 5334 830 5405 praeciperent,
853 5341 882 5388 ιι
898 5348 914 5389 a
964 5347 1060 5392 eontra
1072 5336 1195 5406 ciusdem
1207 5334 1356 5407 Babylonis
1372 5334 1453 5398 ilios,
1465 5332 1570 5387 utinam
1585 5337 1640 5384 ιιιιι
1653 5342 1754 5399 parru-

118 5415 263 5478 mortllt'as
274 5437 381 5480 eorum.
394 5424 446 5481 sibl
465 5427 608 5482 ratereutl
626 5425 674 5497 qrri
691 5425 726 5491 ai,
738 5424 799 5494 capi
817 5436 914 5480 senon
966 5429 1009 5484 los
1023 5437 1053 5484 ut
1072 5436 1185 5498 possent
1207 5428 1304 5492 teneri,
1328 5436 1355 5480 rt
1381 5424 1454 5480 allidi
1478 5421 1512 5477 atl
1538 5421 1659 5492 petmrn!
1684 5418 1754 5478 Nam

117 5512 325 5581 permittentes,
337 5529 352 5570 a
364 5515 497 5576 militibus
508 5518 702 5588 episcoporum
715 5515 913 5580 occiderentur,
966 5527 1050 5588 petrre
1066 5518 1232 5574 iulraerentes
1245 5517 1318 5574 Petri
1334 5529 1509 5573 successores
1525 5513 1610 5569 multa
1623 5511 1755 5570 sollicitu-

118 5602 314 5676 qualicunque
325 5605 408 5677 pallio
427 5608 615 5666 excusationis
636 5606 913 5678 reserundapauom
967 5610 1032 5690 dirue
1053 5607 1121 5665 tales
1141 5606 1329 5679 constringere
1343 5604 1559 5676 ‘laboraverunt
1571 5603 1648 5662 uerbi
1667 5602 1755 5673 gratia
1816 5615 1825 5625 ·
