3892 6067
222 340 276 402 ιιι
701 325 853 386 contioni
870 314 1068 382 nnntosttt
1086 307 1363 378 neteltnnsltnittt.
1798 309 1857 368 diti

223 474 239 513 a
254 449 397 514 memoria,
409 445 443 503 de
453 456 508 517 qua
524 441 681 499 dictumest
695 460 701 495 ε
721 459 730 493 a
747 438 907 495 ilcmoriam
922 435 1011 492 abnn-
1026 437 1049 496 Α
1063 433 1271 488 millemortuus
1283 436 1431 501 peccatores
1442 434 1468 482 ct
1479 416 1695 483 contradictores
1711 438 1796 495 mque
1814 424 1855 478 att

222 545 323 604 dantiae
337 538 481 599 suavitatis
500 544 554 591 tuse
571 534 734 590 eructabunt
751 530 839 603 (Psoi.
856 544 931 595 carn,
945 527 1009 595 il.»
1065 535 1163 581 terrem
1179 523 1255 591 iacit,
1268 522 1324 579 imo
1345 519 1478 593 permittit
1495 532 1544 575 eos
1566 518 1594 573 in
1619 516 1711 573 serbis
1730 513 1856 573 coelmti·

225 636 357 693 Nnmcrot
369 648 436 704 ergo
448 628 550 695 stelles,
562 636 587 682 et
602 626 723 681 omnious
741 627 780 680 eis
802 623 910 677 aomina
924 628 1015 686 coeat,
1063 617 1128 684 leus,
1142 615 1254 673 nonnisi
1276 623 1377 670 terram
1393 626 1489 683 sapere
1500 621 1531 665 nt
1548 607 1636 664 Judaei
1650 619 1679 664 et
1698 606 1856 676 nantensi,

223 727 288 800 quia
308 725 335 781 in
354 724 415 795 ejus
436 719 569 777 memoria
596 716 698 788 scripta
713 722 778 771 stant
799 714 948 770 electurum
966 724 1015 765 no·
1064 710 1112 783 qui
1126 709 1268 781 persenia
1291 707 1358 779 tegis
1375 703 1554 768 irumentum,
1572 702 1677 768 uinum,
1693 701 1797 767 oleam,
1812 699 1859 755 lac

224 820 308 878 mino.
324 816 395 887 Quid
409 815 507 887 plura?
530 812 608 868 Sicut
622 809 767 866 laudabitis
779 817 822 863 est
834 808 870 863 de
884 805 1014 863 ineffabili
1065 812 1094 859 et
1106 801 1159 858 mel
1171 799 1355 871 promittentis
1371 806 1480 854 terrena
1504 794 1677 851 solummodo
1693 792 1816 863 sapiunt,
1829 800 1860 848 et

225 911 352 978 seientia,
371 909 412 965 sic
435 904 581 962 laudabilis
593 912 637 957 est
654 902 737 956 etiam
756 899 790 955 de
808 899 940 956 ineffabili
956 912 1016 953 ma·
1066 892 1094 948 in
1109 899 1282 947 terrenorum
1294 889 1430 944 bonorum
1443 884 1780 942 vocabulisnonsentinnt
1792 897 1860 955 prn-

226 1003 395 1078 pniliocntia.
426 996 496 1054 Nam
531 995 592 1062 illi,
618 993 666 1064 qui
696 990 927 1063 magnideentiam
955 988 1016 1061 glo·
1067 981 1140 1038 mitti
1154 980 1277 1038 celerata
1291 977 1474 1050 etspiritalia.
1489 973 1861 1047 llnmtliantnritaqnetaics

226 1094 440 1153 riaesanetitatis
454 1091 515 1162 elus
538 1089 700 1158 loquuntur,
718 1081 853 1139 dicuntia
879 1080 1015 1136 veritates
1066 1088 1148 1144 usque
1172 1072 1207 1127 ott
1221 1080 1331 1139 mom,
1356 1068 1422 1125 dum
1443 1076 1498 1125 oron
1523 1068 1634 1138 sapiunt
1663 1066 1716 1122 nisi
1742 1076 1859 1122 terreto.

266 1186 347 1243 lens.
358 1186 386 1240 5.
403 1182 516 1254 llopans
531 1177 670 1244 llomiaos,
685 1184 710 1230 et
723 1188 821 1245 raupta
843 1172 924 1226 uirtus
948 1170 1017 1240 sias,
1067 1160 1137 1231 Quia
1164 1176 1230 1233 ergo
1254 1172 1385 1232 magnum
1413 1170 1465 1225 est,
1482 1169 1509 1214 ct
1522 1158 1610 1214 solius
1627 1157 1713 1213 divini
1734 1156 1861 1215 mtrncris

203 1292 207 1299 ·
227 1288 253 1335 et
265 1275 403 1348 sapientise
427 1272 484 1343 ejas
497 1285 549 1324 non
569 1278 759 1323 montonem.
788 1260 920 1328 Quamvis
942 1258 1016 1313 enim
1067 1254 1202 1322 prodesse
1218 1251 1253 1309 ad
1268 1251 1476 1323 intelligendum
1493 1258 1521 1307 et
1541 1248 1702 1320 sapiendum
1722 1248 1861 1320 spiritalia

229 1369 302 1425 Deris
315 1364 411 1423 lecerit
429 1362 522 1418 omnia
536 1361 564 1415 in
582 1364 755 1414 mensurant
778 1366 894 1409 rtumero
908 1359 936 1405 et
950 1362 1020 1421 pon·
1068 1346 1140 1402 intra
1159 1344 1347 1403 sancrnarimu
1369 1342 1416 1398 oet
1441 1341 1612 1405 somnum,
1640 1354 1696 1397 non
1720 1341 1862 1412 irrumpa·

229 1460 305 1527 dere,
321 1470 411 1513 tantm
423 1455 511 1526 ipsam
530 1464 688 1507 mensnram
706 1456 733 1502 et
746 1457 892 1501 numerum
907 1451 936 1497 et
950 1455 1020 1511 pon·
1069 1437 1236 1507 mnslpsnm
1260 1434 1448 1491 sanctuarium
1470 1431 1598 1503 supernis
1613 1441 1642 1488 et
1667 1431 1863 1487 immansuetis

230 1552 294 1619 dns,
309 1547 357 1604 ulti
369 1546 444 1602 Deus
457 1544 551 1600 omnia
563 1539 710 1612 disposuit,
725 1548 808 1591 nemo
822 1539 912 1604 potest
927 1528 1019 1585 metiri
1069 1529 1212 1596 elsasnm;
1241 1527 1287 1584 sed
1320 1525 1457 1582 mansueti
1482 1524 1622 1580 humiliter
1656 1526 1798 1594 pulsantes
1825 1524 1862 1580 ad

230 1643 275 1700 rei
287 1654 434 1699 numerare
449 1636 491 1693 rei
504 1635 668 1706 appendere,
693 1629 757 1701 quia
785 1620 1021 1694 itrcompcchcnsi·
1069 1620 1171 1676 ostiens
1185 1619 1266 1675 amici
1281 1618 1425 1684 laniamus,
1435 1619 1509 1689 nand
1521 1619 1667 1687 sequitur:

230 1739 296 1796 bilia
309 1742 374 1792 sunt
386 1732 456 1787 lraec.
471 1727 559 1783 Nemo
574 1727 657 1797 igitur
671 1738 701 1779 se
712 1720 746 1776 ad
769 1719 823 1774 ltoc
837 1715 976 1782 extendat,
989 1720 1022 1769 nt
1107 1708 1191 1767 Veis.
1205 1710 1231 1766 l.
1244 1708 1388 1767 Praciaite
1404 1710 1553 1766 mminoia
1567 1710 1740 1780 consessione.
1757 1709 1865 1766 Procri·

231 1824 446 1900 comprehendat
464 1812 773 1887 imcomprehensibilis.
789 1809 909 1865 Possunt
918 1807 977 1862 iraee
992 1813 1023 1860 ιιι
1037 1789 1058 1844 Β
1073 1804 1138 1869 nito,
1149 1803 1191 1858 nel
1209 1802 1281 1859 sicut
1291 1803 1361 1859 alius
1377 1804 1464 1859 codex
1490 1802 1573 1858 lanbet
1588 1819 1596 1856 ε
1611 1799 1727 1872 incipite
1747 1800 1866 1857 {rumino

232 1919 291 1977 irasc
299 1931 347 1987 per
358 1913 438 1968 tidem
450 1905 627 1981 apprehendi,
641 1919 696 1959 non
708 1918 757 1973 per
768 1899 935 1955 intellectum
946 1910 1023 1952 com·
1073 1897 1101 1949 in
1129 1894 1293 1965 consessione
1317 1893 1408 1965 primo
1429 1892 1586 1950 conitendo
1614 1903 1738 1963 peecata,
1761 1892 1865 1962 quibus

231 2005 375 2081 prehendi.
390 1999 470 2057 Unde
490 2007 518 2054 et
537 2012 637 2067 sponsa
653 1993 744 2050 dicit:
763 2009 772 2042 r
791 1988 894 2044 Dilecto
912 1986 962 2053 mi,
975 2000 1024 2056 ap·
1073 1986 1250 2044 obscuratum
1264 1996 1307 2042 est
1317 2001 1366 2042 cor
1376 1994 1510 2051 restrum,
1524 1999 1559 2040 ne
1572 1984 1599 2039 in
1614 1982 1763 2054 Seriptnris
1773 1982 1866 2038 rideat

232 2096 400 2172 prehendam
414 2102 440 2148 te
455 2089 546 2162 (Cant.
561 2102 621 2154 arur,
635 2086 676 2157 ι),
694 2103 705 2137 ι
721 2097 776 2139 non
790 2079 858 2137 dicit
874 2096 880 2132 :
899 2090 1025 2146 compre·
1073 2078 1168 2133 lumen
1192 2092 1287 2132 nerum
1309 2093 1317 2132 a
1339 2075 1438 2132 deinde
1459 2090 1569 2147 quoque
1590 2074 1754 2144 consument
1774 2072 1866 2128 landis

234 2190 364 2254 hendam,
378 2187 443 2258 quia
459 2184 498 2238 illi
510 2197 573 2239 eum
587 2177 807 2251 apprehendunt,
820 2173 869 2244 qui
881 2171 942 2243 ejus
957 2185 1022 2240 par·
1075 2169 1226 2242 glorificate
1236 2169 1374 2241 justitiam
1399 2177 1498 2224 cuneta
1519 2175 1593 2223 recte
1611 2165 1778 2221 ordinantis.
1790 2162 1867 2219 Tali·

234 2285 333 2354 ticipes
346 2281 417 2336 liunt
429 2279 456 2334 in
475 2277 522 2332 ilia
539 2274 659 2340 civitate,
674 2272 708 2327 de
730 2285 784 2341 qna
803 2267 904 2323 dicitur
929 2264 1023 2320 elias:
1076 2270 1118 2318 tcr
1131 2260 1205 2318 enim
1231 2261 1389 2333 peruenitur
1413 2260 1448 2316 ad
1476 2258 1682 2331 intelligentiam
1709 2256 1867 2314 coelestiam

237 2370 428 2435 «ierusalem,
444 2381 506 2438 quas
520 2359 831 2428 aedificaturutciritas,
848 2355 1027 2428 oujnsparti·
1075 2363 1192 2427 purgato
1213 2354 1304 2411 cordis
1331 2354 1412 2409 oculo
1438 2353 1473 2409 ad
1498 2351 1646 2409 ridendum
1673 2350 1771 2419 ileum,
1791 2351 1869 2407 sieut

238 2454 340 2535 cipatio
354 2459 415 2531 ejus
433 2458 463 2513 ln
485 2456 604 2528 idipsum
619 2452 708 2525 (Psoi.
725 2467 799 2518 esar,
813 2450 853 2521 5).
873 2468 883 2503 ι
910 2445 1027 2504 Partici·
1076 2447 1210 2517 scriptum
1222 2455 1285 2502 est:
1303 2444 1405 2501 «Beati
1431 2444 1536 2500 mundo
1553 2443 1645 2512 eorde,
1667 2444 1797 2514 quoniam
1812 2443 1871 2514 ipsi

235 2567 285 2626 pes
296 2551 379 2623 igitur
387 2549 459 2620 ejus,
472 2547 547 2618 qttod
560 2555 604 2601 est
615 2545 643 2600 id
669 2543 772 2614 ipsum,
788 2541 861 2609 eires
873 2536 1027 2594 Jerusalem
1077 2537 1163 2595 licum
1177 2537 1307 2594 ridebunt
1323 2536 1434 2608 (Mattio.
1456 2552 1483 2604 n,
1499 2536 1537 2605 8).
1556 2533 1619 2591 »Ne
1634 2544 1726 2591 autem
1736 2536 1871 2605 consumo

236 2646 327 2705 erunt,
340 2654 391 2695 neo
402 2640 490 2695 tot'nm
503 2637 623 2709 capient.
635 2633 706 2691 Cum
720 2642 811 2690 autem
828 2631 854 2687 id
870 2631 960 2702 ipsum
971 2642 1027 2684 non
1077 2638 1168 2686 nestra
1181 2629 1218 2686 sit
1227 2629 1328 2695 inanis,
1344 2637 1372 2684 et
1382 2640 1437 2684 non
1451 2628 1488 2685 sit
1498 2628 1620 2699 incunda
1635 2629 1787 2701 decoraque
1806 2629 1873 2684 lao-

237 2733 338 2789 habeat
350 2741 452 2802 partes,
467 2730 531 2801 quis
544 2729 673 2800 explicet,
685 2726 825 2798 quomodo
839 2724 895 2781 siut
914 2721 1028 2794 partici-
1078 2722 1154 2780 datio
1170 2723 1331 2793 deprompta
1347 2736 1396 2777 ore
1420 2721 1480 2778 solo
1495 2738 1502 2777 ;
1515 2720 1624 2792 partite
1649 2719 1702 2775 Deo
1722 2727 1813 2775 nostro
1841 2721 1873 2774 in

236 2841 286 2898 pes
301 2825 384 2881 unius
399 2824 502 2895 piures,
515 2822 589 2893 quod
607 2821 644 2877 ita
664 2829 707 2875 est
726 2833 824 2884 unum,
844 2824 875 2871 ut
900 2814 975 2869 nulla
992 2812 1030 2869 sit
1078 2814 1195 2882 maimo,
1209 2822 1313 2885 etpost
1324 2812 1524 2870 contessionem
1536 2816 1688 2882 moueantur·
1701 2820 1782 2883 opera
1793 2811 1875 2868 bona

238 2917 308 2973 ineo
319 2915 466 2973 diuersitas
478 2913 519 2969 sel
536 2912 654 2984 partium
672 2911 714 2966 rel
735 2909 900 2973 leomarum,
915 2920 978 2961 oum
994 2902 1030 2960 sit
1079 2915 1135 2963 tam
1149 2907 1177 2961 in
1188 2905 1304 2977 spiritali
1321 2905 1465 2979 exercitio,
1488 2914 1519 2962 nt
1531 2916 1575 2962 est
1587 2906 1713 2961 hbomre
1732 2905 1760 2959 ln
1781 2905 1877 2961 terito

238 3006 327 3078 ipsum
350 3006 439 3062 forma
464 3003 679 3076 simplicissima,
706 3001 741 3057 de
765 3015 819 3071 qna
843 3005 909 3055 sunt
936 2995 1030 3052 omnia
1080 2996 1280 3065 lleidlaecmlo,
1295 2996 1431 3065 docendo,
1453 2996 1609 3063 scribendo,
1630 2996 1744 3068 legendo
1758 3008 1879 3067 etquo-

238 3099 389 3168 composita
404 3097 464 3168 ipso
475 3104 652 3166 permanente
663 3094 690 3148 in
703 3091 878 3162 simplicitate
887 3088 956 3145 strat
967 3085 1027 3141 Non
1043 3116 1064 3174 C
1082 3088 1274 3160 modocanqoe
1288 3087 1449 3145 seminando
1467 3096 1550 3159 atque
1566 3088 1751 3144 anolucribus
1764 3097 1790 3144 et
1806 3088 1879 3146 aliis

216 3170 306 3261 ¹pnto
322 3188 389 3244 illud
410 3200 493 3258 posse
517 3184 726 3256 comprehendi,
748 3183 811 3239 lieet
828 3181 916 3252 possit
929 3193 1029 3250 appre·
1080 3179 1203 3237 amoinus
1214 3180 1394 3238 custodiendo
1402 3179 1475 3251 qued
1486 3188 1530 3236 est
1538 3180 1697 3253 psalterium
1704 3180 1880 3253 jucundam,

237 3278 323 3340 luendi
337 3294 413 3336 nunc
423 3293 473 3349 per
485 3277 578 3341 fldem,
591 3275 714 3346 posthac
734 3289 783 3345 per
795 3270 971 3329 manifestam
986 3267 1030 3324 ni·
1081 3287 1166 3344 quam
1188 3272 1217 3328 in
1235 3273 1372 3344 corporali
1392 3272 1534 3338 exercitio,
1558 3273 1640 3344 quale
1663 3271 1829 3345 intelligitur
1847 3274 1880 3329 in

239 3371 358 3437 sinonem,
373 3370 445 3427 sieut
457 3382 531 3424 nunc
545 3367 631 3423 solem
650 3365 786 3421 risibilem
800 3369 966 3435 pernoctem
979 3361 1031 3416 snb
1080 3378 1163 3436 opere
1172 3379 1304 3420 manuum
1316 3365 1359 3421 net
1374 3365 1402 3420 in
1414 3365 1567 3422 ministerio
1578 3365 1691 3422 Marones
1701 3372 1836 3422 „uim
1847 3367 1881 3422 ῑῃ

240 3470 314 3520 terra
329 3476 391 3518 esse
402 3459 554 3527 credimus,
569 3458 597 3514 in
611 3457 656 3514 die
671 3468 761 3513 summ
776 3470 859 3526 super
874 3462 976 3510 terram
990 3452 1033 3508 ri·
1082 3454 1175 3512 monis
1194 3470 1243 3527 per
1266 3456 1460 3514 abstinentiam
1476 3458 1665 3530 comisatione,
1676 3457 1748 3528 quod
1761 3464 1808 3514 cst
1833 3458 1882 3513 ci·

239 3554 340 3610 demus
353 3568 429 3621 eum,
442 3565 532 3621 neque
551 3559 642 3606 tamen
665 3549 839 3620 splendorem
866 3546 927 3618 elus
943 3554 1030 3602 totum
1083 3547 1170 3613 tiore,
1188 3547 1223 3604 tle
1240 3562 1295 3620 qtta
1308 3549 1411 3605 dicitur
1432 3568 1443 3603 o
1462 3550 1621 3621 psalterium
1636 3549 1786 3621 jucundum
1806 3565 1880 3607 cum

240 3646 376 3716 capimus,
386 3644 469 3700 etiam
484 3657 546 3699 eom
563 3641 625 3713 ejus
635 3640 870 3713 participationem
882 3638 924 3694 rel
940 3637 1031 3709 ipsum
1082 3641 1187 3697 citima
1208 3638 1295 3711 (Ptol.
1311 3655 1394 3708 nata,
1409 3641 1448 3712 d).
1468 3658 1478 3694 r
1501 3639 1615 3696 Psallite
1630 3641 1722 3712 itaque
1742 3638 1798 3695 oea
1827 3656 1882 3694 no-

240 3737 328 3793 soiem
339 3736 383 3792 asi
398 3744 497 3791 eaetera
521 3732 658 3789 ridemus.
680 3730 776 3789 Restat
792 3730 877 3803 igitur
895 3737 928 3787 nt
941 3740 1032 3800 quan·
1083 3741 1139 3787 stro
1150 3734 1178 3786 in
1193 3731 1307 3799 citiore,
1320 3732 1365 3788 eui
1381 3732 1464 3788 dieo:

239 3829 286 3885 diu
298 3828 459 3898 capitatione
476 3823 535 3892 Dei,
556 3824 637 3895 cujas
652 3837 709 3880 non
725 3835 768 3880 est
785 3838 922 3891 nomast,
940 3821 1033 3877 nidere
1118 3822 1202 3881 Vens.
1215 3825 1241 3880 8.
1255 3823 1307 3890 ons
1323 3825 1408 3895 operit
1417 3825 1510 3880 cotom
1523 3824 1647 3891 nonime,
1661 3833 1686 3881 et
1698 3835 1775 3895 parat
1792 3832 1883 3880 terro

241 3935 296 3974 non
312 3932 471 3989 possumus,
483 3915 681 3987 dispositiones
700 3915 762 3986 ejus
777 3928 832 3970 non
847 3912 1033 3984 reprehenda-
1082 3917 1212 3989 placium.
1222 3915 1275 3985 Qut
1291 3918 1410 3991 motteglt
1423 3930 1536 3974 sensum
1550 3917 1728 3979 coalescentia
1744 3915 1881 3987 Scripta.

240 4026 314 4078 mus,
328 4008 409 4080 quasi
421 4007 520 4064 melius
541 4005 602 4063 lieri
623 4006 744 4078 potnerit
761 4006 804 4062 nel
828 4004 925 4076 possit,
948 4018 1033 4074 quam
1083 4008 1123 4064 ris
1135 4022 1184 4079 pet
1196 4016 1369 4064 sacramenta
1385 4017 1413 4064 et
1425 4010 1539 4079 denras,
1560 4017 1592 4064 nt
1608 4006 1703 4064 incitet
1720 4006 1753 4061 ad
1773 4016 1881 4077 peten-

241 4102 301 4172 ipsa
324 4099 463 4171 disposuit
480 4108 508 4156 et
524 4098 655 4170 disponit,
676 4099 753 4171 quia,
776 4099 835 4170 ipsa
858 4097 1033 4169 disponente,
1083 4100 1160 4167 dum,
1174 4099 1363 4170 querendum,
1377 4099 1543 4171 pulsandum
1556 4101 1590 4157 ad
1615 4100 1716 4157 ostium
1727 4099 1829 4167 amici;
1843 4101 1881 4155 ti-

241 4196 282 4250 sic
297 4192 400 4249 oneum
417 4200 460 4249 en
477 4191 506 4248 m
520 4191 632 4258 creatis,
647 4198 674 4247 et
689 4191 731 4249 ste
742 4191 845 4247 oretum
860 4197 903 4245 est
915 4188 943 4244 m
955 4187 1033 4243 sen·
1084 4192 1191 4248 dertona
1205 4183 1297 4248 auen
1320 4191 1436 4249 anatim
1461 4193 1618 4264 petentibus
1642 4200 1670 4248 u
1695 4190 1880 4249 deensibus:

241 4285 340 4357 pluris,
355 4293 386 4339 nt
398 4281 457 4339 lieri
472 4290 500 4339 et
521 4281 576 4339 dici
591 4281 723 4353 oportuit.
747 4278 807 4336 Non
822 4280 944 4352 corrigat
961 4293 1034 4349 aeger
1088 4303 1097 4337 t
1118 4283 1231 4350 ilorate,
1244 4284 1318 4351 cccli,
1334 4280 1463 4356 desuper,
1491 4294 1520 4341 et
1544 4286 1632 4342 nultos
1649 4285 1743 4356 pluant
1762 4283 1882 4354 justum

241 4374 526 4444 credimusque
540 4371 664 4429 umacus
678 4371 942 4441 ammonentem
955 4383 1034 4425 erea-
1085 4376 1155 4450 (ιιι.
1172 4393 1235 4446 xcv,
1250 4378 1290 4450 s),
1305 4397 1315 4431 s
1331 4379 1484 4450 macetum
1506 4379 1617 4435 anastas
1637 4379 1681 4434 ret
1705 4378 1737 4433 ad
1752 4378 1882 4434 numm

239 4465 312 4531 turm
326 4463 442 4519 adversa
452 4463 597 4533 castigent,
613 4475 746 4532 prospera
764 4459 952 4525 consolentur,
963 4466 991 4514 et
1004 4458 1032 4513 in
1048 4449 1071 4504 D
1085 4468 1126 4522 vei
1136 4468 1251 4539 mystice
1264 4470 1383 4540 optmit,
1398 4469 1446 4540 qui
1459 4470 1554 4543 liguris
1567 4480 1595 4527 et
1615 4469 1794 4526 sacramentis
1806 4483 1879 4526 mn-

242 4554 394 4627 seripturis
420 4554 539 4610 obseura
563 4559 720 4617 exerceant,
743 4548 888 4606 maniiesta
909 4557 1034 4620 pascant.
1083 4563 1151 4630 tegit
1165 4558 1464 4632 scripturamipsede
1482 4563 1551 4633 ipsis
1575 4561 1690 4618 nabiles
1714 4570 1791 4633 parnt
1814 4561 1883 4631 pia·

242 4648 318 4715 Quos
329 4656 486 4731 exerceant,
498 4658 525 4702 et
540 4660 611 4718 quos
628 4643 762 4715 pascant?
782 4643 950 4709 iiansuetos,
963 4643 1034 4714 pius,
1082 4652 1152 4706 piam
1168 4652 1370 4723 perdocemus„
1385 4659 1412 4710 οι
1425 4650 1613 4725 „postcomm
1625 4653 1802 4721 mammam,
1813 4656 1884 4727 qua.

242 4739 334 4804 mites,
347 4752 401 4793 ¹¹⁰⁰
414 4739 603 4808 ⁰l>¹⁰l¹¹0¹¹10⁸t
616 4744 664 4799 111
675 4751 717 4803 111,
734 4750 795 4806 (11111
810 4750 864 4791 11011
880 4734 1036 4806 intellimus
1083 4744 1135 4799 bns
1145 4743 1487 4804 dilucidantilmsobscura
1500 4741 1703 4817 Scriptirarum
1714 4745 1883 4816 compluan-

245 4827 478 4899 reprehendentes
494 4839 606 4895 tamem,
621 4826 669 4884 sed
681 4825 709 4880 in
721 4825 931 4882 manassetodine
944 4825 1036 4881 susci·
1083 4846 1128 4892 rut
1138 4837 1221 4893 corda
1234 4837 1389 4906 hominum,
1402 4847 1432 4894 „p
1442 4836 1543 4895 swam
1553 4837 1673 4895 prmum
1683 4836 1882 4905 eguminum,

243 4917 348 4988 pientes
359 4917 473 4973 insitum
491 4920 617 4986 sernum,
632 4917 707 4988 quod
729 4924 820 4987 potest
843 4916 951 4973 salvare
971 4915 1033 4970 ani·
1085 4929 1297 5000 sexagesimum,
1313 4929 1495 4986 [feminum.
1508 4927 1565 4987 Nec
1577 4930 1690 4999 mmm,
1703 4930 1727 4988 ,ι
1741 4944 1790 5002 W
1804 4929 1883 4987 hm

243 5023 427 5075 messorum,
454 5007 561 5065 sivesit
581 5009 731 5065 obscurum
760 5009 817 5066 sire
842 5006 1032 5073 manilestum,
1084 5017 1454 5088 plantamlacltlrncameare
1467 5021 1731 5092 mmpneetvalles,
1741 5033 1884 5077 mansne·
1938 5012 1939 5027 ¹

217 5148 219 5155 Α
243 5102 302 5157 sive
314 5100 452 5171 percutiat
465 5100 532 5156 sitia
555 5100 678 5171 ipsorum
700 5101 758 5158 sire
780 5104 954 5158 commendet
976 5101 1034 5155 ric·
1086 5119 1130 5166 ως
1144 5111 1313 5180 0211„me
1327 5114 1372 5184 qur
1396 5115 1479 5169 epam
1499 5115 1622 5186 mmm
1642 5116 1671 5169 p„
1684 5113 1820 5169 mmm„
1842 5113 1885 5184 [ι.

243 5200 316 5247 tutes
333 5207 441 5260 corum,
464 5207 572 5264 10111911
598 5192 862 5250 11111111111111111111
882 5193 1035 5264 811111Ρ1111·
1086 5214 1186 5259 namet
1200 5203 1308 5259 indam
1318 5205 1439 5260 seruituti
1456 5205 1604 5274 nominem,
1621 5206 1687 5263 dnm
1702 5204 1840 5262 sublimes
1852 5204 1882 5260 ia

243 5285 320 5347 llum·
335 5286 399 5355 111111
1090 5294 1270 5351 saeculalaria
1284 5294 1479 5353 truceuososin
1494 5296 1676 5369 eleemosynis
1686 5308 1751 5371 erga
1764 5296 1881 5368 spirita·

281 5376 365 5434 Vetas.
379 5378 407 5435 6.
427 5378 580 5450 suscipiens
599 5386 751 5434 morosaetos
765 5376 894 5433 Dominus
912 5377 979 5434 tales
1006 5378 1034 5435 in
1086 5384 1129 5442 les
1142 5384 1198 5441 Dee
1208 5387 1369 5444 servientes,

245 5469 457 5525 mansuetudine
470 5469 596 5542 suscipit,
605 5470 652 5541 qni
663 5470 776 5526 verbnm
789 5470 850 5541 ejus
863 5469 891 5525 in
907 5484 1036 5525 merisne·
1125 5473 1213 5547 Snpet·
1234 5476 1309 5534 hunc
1335 5478 1426 5535 locum
1452 5478 1520 5536 dicit
1548 5478 1645 5539 beatns
1673 5477 1826 5550 (imponas
1852 5477 1882 5533 in

245 5559 340 5615 tudine
353 5561 517 5631 suscipiunt,
531 5562 593 5619 etei
616 5563 643 5616 in
660 5562 736 5618 trullo
749 5563 953 5620 contradicunt.
976 5562 1036 5619 ils·
1091 5565 1143 5624 tob
1157 5564 1215 5638 (76)
1236 5586 1243 5624 ε
1258 5570 1331 5637 onte
1349 5570 1397 5626 ιιι
1410 5571 1524 5643 insopor
1539 5570 1658 5641 neriam,
1676 5570 1730 5628 nisi
1746 5578 1884 5653 misatu-

283 5726 340 5800 (ιιι)
355 5729 417 5787 lib.
429 5746 493 5787 txtx
506 5732 603 5790 norat.
618 5749 679 5805 cap.
699 5734 746 5790 ιι.
