<?xml version="1.0" encoding="UTF-8"?>
<!DOCTYPE html PUBLIC "-//W3C//DTD XHTML 1.0 Transitional//EN"
    "http://www.w3.org/TR/xhtml1/DTD/xhtml1-transitional.dtd">
<html xmlns="http://www.w3.org/1999/xhtml" xml:lang="en" lang="en">
 <head>
  <title>
</title>
<meta http-equiv="Content-Type" content="text/html;charset=utf-8" />
  <meta name='ocr-system' content='tesseract 3.04.00' />
  <meta name='ocr-capabilities' content='ocr_page ocr_carea ocr_par ocr_line ocrx_word'/>
</head>
<body>
  <div class='ocr_page' id='page_1' title='image "./patrologiaecurs03berngoog_1003.png"; bbox 0 0 3892 6067; ppageno 0'>
   <div class='ocr_carea' id='block_1_1' title="bbox 121 196 1753 261">
    <p class='ocr_par' dir='ltr' id='par_1_1' title="bbox 121 196 1753 261">
     <span class='ocr_line' id='line_1_1' title="bbox 121 196 1753 261; baseline 0.005 -9"><span class='ocrx_word' id='word_1_1' title='bbox 121 196 192 252; x_wconf 88' lang='grc'><strong>1877</strong></span> <span class='ocrx_word' id='word_1_2' title='bbox 779 200 888 256; x_wconf 84' lang='lat' dir='ltr'><strong>EPlST.</strong></span> <span class='ocrx_word' id='word_1_3' title='bbox 911 202 955 256; x_wconf 75' lang='lat' dir='ltr'><strong>be</strong></span> <span class='ocrx_word' id='word_1_4' title='bbox 973 202 1093 258; x_wconf 72' lang='lat' dir='ltr'><strong>Ab&#39;llld.</strong></span> <span class='ocrx_word' id='word_1_5' title='bbox 1679 206 1753 261; x_wconf 71' lang='grc'><strong>1878</strong></span> 
     </span>
    </p>
   </div>
   <div class='ocr_carea' id='block_1_2' title="bbox 120 295 1768 3047">
    <p class='ocr_par' dir='ltr' id='par_1_2' title="bbox 120 295 1768 3047">
     <span class='ocr_line' id='line_1_2' title="bbox 120 295 1752 390; baseline 0.006 -23"><span class='ocrx_word' id='word_1_6' title='bbox 120 296 243 387; x_wconf 73' lang='lat' dir='ltr'><strong>qeuiu&#39;rn,</strong></span> <span class='ocrx_word' id='word_1_7' title='bbox 271 313 350 378; x_wconf 85' lang='lat' dir='ltr'><strong>ratio,</strong></span> <span class='ocrx_word' id='word_1_8' title='bbox 374 311 517 375; x_wconf 87' lang='lat' dir='ltr'><strong>nternoria,</strong></span> <span class='ocrx_word' id='word_1_9' title='bbox 534 319 561 366; x_wconf 90' lang='lat' dir='ltr'><strong>et</strong></span> <span class='ocrx_word' id='word_1_10' title='bbox 585 313 756 384; x_wconf 80' lang='lat' dir='ltr'><strong>hujusmodi,</strong></span> <span class='ocrx_word' id='word_1_11' title='bbox 784 332 834 372; x_wconf 92' lang='lat' dir='ltr'><strong>nec</strong></span> <span class='ocrx_word' id='word_1_12' title='bbox 854 317 910 371; x_wconf 87' lang='lat' dir='ltr'><strong>sint</strong></span> <span class='ocrx_word' id='word_1_13' title='bbox 924 322 946 378; x_wconf 73' lang='grc' dir='ltr'>Α</span> <span class='ocrx_word' id='word_1_14' title='bbox 961 334 1009 388; x_wconf 89' lang='lat' dir='ltr'><strong>per</strong></span> <span class='ocrx_word' id='word_1_15' title='bbox 1025 319 1158 390; x_wconf 89' lang='lat' dir='ltr'><strong>quidquid</strong></span> <span class='ocrx_word' id='word_1_16' title='bbox 1174 317 1222 375; x_wconf 74' lang='lat' dir='ltr'><strong>oei</strong></span> <span class='ocrx_word' id='word_1_17' title='bbox 1245 328 1299 386; x_wconf 87' lang='lat' dir='ltr'><strong>est,</strong></span> <span class='ocrx_word' id='word_1_18' title='bbox 1319 335 1391 376; x_wconf 84' lang='lat' dir='ltr'><strong>urtus</strong></span> <span class='ocrx_word' id='word_1_19' title='bbox 1413 295 1485 376; x_wconf 81' lang='lat' dir='ltr'><strong>bees</strong></span> <span class='ocrx_word' id='word_1_20' title='bbox 1499 329 1558 386; x_wconf 88' lang='lat' dir='ltr'><strong>est;</strong></span> <span class='ocrx_word' id='word_1_21' title='bbox 1580 322 1671 375; x_wconf 87' lang='lat' dir='ltr'><strong>anima</strong></span> <span class='ocrx_word' id='word_1_22' title='bbox 1685 338 1752 376; x_wconf 83' lang='lat' dir='ltr'><strong>uero</strong></span> 
     </span>
     <span class='ocr_line' id='line_1_3' title="bbox 121 406 1753 482; baseline 0.005 -23"><span class='ocrx_word' id='word_1_23' title='bbox 121 406 321 476; x_wconf 77' lang='lat' dir='ltr'><strong>quantitativae,</strong></span> <span class='ocrx_word' id='word_1_24' title='bbox 338 418 450 460; x_wconf 88' lang='lat' dir='ltr'><strong>neeesse</strong></span> <span class='ocrx_word' id='word_1_25' title='bbox 474 414 526 469; x_wconf 91' lang='grc' dir='ltr'>εει,</span> <span class='ocrx_word' id='word_1_26' title='bbox 539 419 602 460; x_wconf 88' lang='lat' dir='ltr'><strong>curn</strong></span> <span class='ocrx_word' id='word_1_27' title='bbox 618 421 657 461; x_wconf 71' lang='lat' dir='ltr'><strong>eae</strong></span> <span class='ocrx_word' id='word_1_28' title='bbox 676 407 733 462; x_wconf 90' lang='lat' dir='ltr'><strong>sint</strong></span> <span class='ocrx_word' id='word_1_29' title='bbox 748 408 819 463; x_wconf 88' lang='lat' dir='ltr'><strong>idem</strong></span> <span class='ocrx_word' id='word_1_30' title='bbox 836 409 909 479; x_wconf 90' lang='lat' dir='ltr'><strong>quod</strong></span> <span class='ocrx_word' id='word_1_31' title='bbox 962 411 1110 477; x_wconf 88' lang='lat' dir='ltr'><strong>naturalia,</strong></span> <span class='ocrx_word' id='word_1_32' title='bbox 1123 428 1185 482; x_wconf 81' lang='lat' dir='ltr'><strong>que</strong></span> <span class='ocrx_word' id='word_1_33' title='bbox 1203 427 1259 468; x_wconf 92' lang='lat' dir='ltr'><strong>non</strong></span> <span class='ocrx_word' id='word_1_34' title='bbox 1277 411 1424 468; x_wconf 76' lang='lat' dir='ltr'><strong>aliudesse</strong></span> <span class='ocrx_word' id='word_1_35' title='bbox 1448 420 1564 482; x_wconf 77' lang='lat' dir='ltr'><strong>possunt</strong></span> <span class='ocrx_word' id='word_1_36' title='bbox 1587 428 1669 481; x_wconf 87' lang='lat' dir='ltr'><strong>qrram</strong></span> <span class='ocrx_word' id='word_1_37' title='bbox 1691 411 1753 481; x_wconf 85' lang='lat' dir='ltr'><strong>ipsa</strong></span> 
     </span>
     <span class='ocr_line' id='line_1_4' title="bbox 123 495 1753 576; baseline 0.005 -25"><span class='ocrx_word' id='word_1_38' title='bbox 123 497 193 567; x_wconf 88' lang='lat' dir='ltr'><strong>ipsa,</strong></span> <span class='ocrx_word' id='word_1_39' title='bbox 204 497 299 551; x_wconf 84' lang='lat' dir='ltr'><strong>eadent</strong></span> <span class='ocrx_word' id='word_1_40' title='bbox 316 495 441 552; x_wconf 82' lang='lat' dir='ltr'><strong>videlieet</strong></span> <span class='ocrx_word' id='word_1_41' title='bbox 463 505 574 564; x_wconf 87' lang='lat' dir='ltr'><strong>natura,</strong></span> <span class='ocrx_word' id='word_1_42' title='bbox 588 499 684 553; x_wconf 89' lang='lat' dir='ltr'><strong>eadem</strong></span> <span class='ocrx_word' id='word_1_43' title='bbox 707 501 836 567; x_wconf 79' lang='lat' dir='ltr'>essentia,</span> <span class='ocrx_word' id='word_1_44' title='bbox 861 517 909 556; x_wconf 85' lang='lat' dir='ltr'><strong>ea·</strong></span> <span class='ocrx_word' id='word_1_45' title='bbox 961 504 1066 571; x_wconf 85' lang='lat' dir='ltr'><strong>arrima,</strong></span> <span class='ocrx_word' id='word_1_46' title='bbox 1077 513 1103 560; x_wconf 88' lang='lat' dir='ltr'><strong>et</strong></span> <span class='ocrx_word' id='word_1_47' title='bbox 1114 504 1291 560; x_wconf 87' lang='lat' dir='ltr'><strong>accidentalia</strong></span> <span class='ocrx_word' id='word_1_48' title='bbox 1307 520 1368 576; x_wconf 79' lang='lat' dir='ltr'><strong>quae</strong></span> <span class='ocrx_word' id='word_1_49' title='bbox 1382 505 1451 559; x_wconf 89' lang='lat' dir='ltr'><strong>nibil</strong></span> <span class='ocrx_word' id='word_1_50' title='bbox 1467 504 1615 560; x_wconf 87' lang='lat' dir='ltr'><strong>aliudesse</strong></span> <span class='ocrx_word' id='word_1_51' title='bbox 1635 514 1753 574; x_wconf 86' lang='lat' dir='ltr'><strong>possunt</strong></span> 
     </span>
     <span class='ocr_line' id='line_1_5' title="bbox 123 587 1753 667; baseline 0.004 -25"><span class='ocrx_word' id='word_1_52' title='bbox 123 590 185 642; x_wconf 83' lang='lat' dir='ltr'><strong>dem</strong></span> <span class='ocrx_word' id='word_1_53' title='bbox 199 588 312 643; x_wconf 81' lang='lat' dir='ltr'><strong>ornarino</strong></span> <span class='ocrx_word' id='word_1_54' title='bbox 328 589 430 643; x_wconf 82' lang='lat' dir='ltr'><strong>anima.</strong></span> <span class='ocrx_word' id='word_1_55' title='bbox 445 587 505 643; x_wconf 89' lang='lat' dir='ltr'><strong>Non</strong></span> <span class='ocrx_word' id='word_1_56' title='bbox 521 592 594 644; x_wconf 85' lang='lat' dir='ltr'><strong>enirn</strong></span> <span class='ocrx_word' id='word_1_57' title='bbox 608 592 679 647; x_wconf 90' lang='lat' dir='ltr'><strong>ratio</strong></span> <span class='ocrx_word' id='word_1_58' title='bbox 698 602 724 648; x_wconf 90' lang='grc' dir='ltr'><strong>ει</strong></span> <span class='ocrx_word' id='word_1_59' title='bbox 740 594 830 649; x_wconf 87' lang='lat' dir='ltr'><strong>anima</strong></span> <span class='ocrx_word' id='word_1_60' title='bbox 850 593 912 650; x_wconf 87' lang='lat' dir='ltr'><strong>duae</strong></span> <span class='ocrx_word' id='word_1_61' title='bbox 962 612 1045 667; x_wconf 90' lang='lat' dir='ltr'><strong>qnam</strong></span> <span class='ocrx_word' id='word_1_62' title='bbox 1060 597 1117 666; x_wconf 89' lang='lat' dir='ltr'><strong>ipsa</strong></span> <span class='ocrx_word' id='word_1_63' title='bbox 1133 597 1235 653; x_wconf 78' lang='lat' dir='ltr'><strong>aniana.</strong></span> <span class='ocrx_word' id='word_1_64' title='bbox 1250 596 1329 663; x_wconf 82' lang='lat' dir='ltr'><strong>Quod</strong></span> <span class='ocrx_word' id='word_1_65' title='bbox 1352 597 1374 653; x_wconf 90' lang='lat' dir='ltr'><strong>si</strong></span> <span class='ocrx_word' id='word_1_66' title='bbox 1399 597 1489 667; x_wconf 87' lang='lat' dir='ltr'><strong>putari</strong></span> <span class='ocrx_word' id='word_1_67' title='bbox 1512 596 1603 660; x_wconf 90' lang='lat' dir='ltr'><strong>debet,</strong></span> <span class='ocrx_word' id='word_1_68' title='bbox 1619 594 1668 650; x_wconf 82' lang='lat' dir='ltr'><strong>net</strong></span> <span class='ocrx_word' id='word_1_69' title='bbox 1682 610 1753 666; x_wconf 89' lang='lat' dir='ltr'><strong>qne-</strong></span> 
     </span>
     <span class='ocr_line' id='line_1_6' title="bbox 124 679 1753 761; baseline 0.004 -27"><span class='ocrx_word' id='word_1_70' title='bbox 124 689 190 734; x_wconf 90' lang='lat' dir='ltr'><strong>sunt</strong></span> <span class='ocrx_word' id='word_1_71' title='bbox 201 680 336 744; x_wconf 72' lang='lat' dir='ltr'><strong>essentiae,</strong></span> <span class='ocrx_word' id='word_1_72' title='bbox 349 680 397 734; x_wconf 90' lang='lat' dir='ltr'><strong>sed</strong></span> <span class='ocrx_word' id='word_1_73' title='bbox 410 696 474 734; x_wconf 87' lang='lat' dir='ltr'><strong>una.</strong></span> <span class='ocrx_word' id='word_1_74' title='bbox 491 679 676 751; x_wconf 86' lang='lat' dir='ltr'><strong>Proprietates</strong></span> <span class='ocrx_word' id='word_1_75' title='bbox 697 684 808 754; x_wconf 88' lang='lat' dir='ltr'><strong>quidem</strong></span> <span class='ocrx_word' id='word_1_76' title='bbox 822 685 912 740; x_wconf 83' lang='lat' dir='ltr'><strong>diver·</strong></span> <span class='ocrx_word' id='word_1_77' title='bbox 963 705 1018 759; x_wconf 87' lang='lat' dir='ltr'><strong>que</strong></span> <span class='ocrx_word' id='word_1_78' title='bbox 1036 704 1098 744; x_wconf 87' lang='lat' dir='ltr'><strong>esse</strong></span> <span class='ocrx_word' id='word_1_79' title='bbox 1116 689 1208 761; x_wconf 88' lang='lat' dir='ltr'><strong>aliqua</strong></span> <span class='ocrx_word' id='word_1_80' title='bbox 1227 688 1373 755; x_wconf 86' lang='lat' dir='ltr'><strong>naturalia,</strong></span> <span class='ocrx_word' id='word_1_81' title='bbox 1395 689 1525 759; x_wconf 74' lang='lat' dir='ltr'><strong>quioniam</strong></span> <span class='ocrx_word' id='word_1_82' title='bbox 1539 687 1619 743; x_wconf 86' lang='lat' dir='ltr'><strong>Pater</strong></span> <span class='ocrx_word' id='word_1_83' title='bbox 1637 696 1753 742; x_wconf 87' lang='lat' dir='ltr'><strong>natura·</strong></span> 
     </span>
     <span class='ocr_line' id='line_1_7' title="bbox 125 770 1755 847; baseline 0.006 -22"><span class='ocrx_word' id='word_1_84' title='bbox 125 787 173 837; x_wconf 76' lang='lat' dir='ltr'><strong>sae,</strong></span> <span class='ocrx_word' id='word_1_85' title='bbox 191 771 236 825; x_wconf 91' lang='lat' dir='ltr'><strong>sed</strong></span> <span class='ocrx_word' id='word_1_86' title='bbox 255 771 374 826; x_wconf 76' lang='lat' dir='ltr'><strong>essentia</strong></span> <span class='ocrx_word' id='word_1_87' title='bbox 390 787 455 825; x_wconf 90' lang='lat' dir='ltr'><strong>una.</strong></span> <span class='ocrx_word' id='word_1_88' title='bbox 471 770 573 841; x_wconf 88' lang='lat' dir='ltr'><strong>Nempe</strong></span> <span class='ocrx_word' id='word_1_89' title='bbox 596 775 747 829; x_wconf 86' lang='lat' dir='ltr'><strong>seeundum</strong></span> <span class='ocrx_word' id='word_1_90' title='bbox 762 776 914 846; x_wconf 78' lang='lat' dir='ltr'><strong>propriata·</strong></span> <span class='ocrx_word' id='word_1_91' title='bbox 964 782 1016 836; x_wconf 91' lang='lat' dir='ltr'><strong>lem</strong></span> <span class='ocrx_word' id='word_1_92' title='bbox 1030 782 1111 836; x_wconf 90' lang='lat' dir='ltr'><strong>babet</strong></span> <span class='ocrx_word' id='word_1_93' title='bbox 1121 780 1233 847; x_wconf 84' lang='lat' dir='ltr'><strong>Filium,</strong></span> <span class='ocrx_word' id='word_1_94' title='bbox 1244 782 1325 837; x_wconf 90' lang='lat' dir='ltr'><strong>etille</strong></span> <span class='ocrx_word' id='word_1_95' title='bbox 1340 783 1492 837; x_wconf 70' lang='lat' dir='ltr'>naturalem</span> <span class='ocrx_word' id='word_1_96' title='bbox 1506 780 1626 847; x_wconf 90' lang='lat' dir='ltr'><strong>Patrem,</strong></span> <span class='ocrx_word' id='word_1_97' title='bbox 1641 788 1669 835; x_wconf 88' lang='lat' dir='ltr'><strong>et</strong></span> <span class='ocrx_word' id='word_1_98' title='bbox 1680 788 1755 835; x_wconf 86' lang='lat' dir='ltr'><strong>uter·</strong></span> 
     </span>
     <span class='ocr_line' id='line_1_8' title="bbox 126 863 1753 943; baseline 0.004 -26"><span class='ocrx_word' id='word_1_99' title='bbox 126 874 191 928; x_wconf 89' lang='lat' dir='ltr'><strong>tem,</strong></span> <span class='ocrx_word' id='word_1_100' title='bbox 207 863 279 919; x_wconf 89' lang='lat' dir='ltr'><strong>sieut</strong></span> <span class='ocrx_word' id='word_1_101' title='bbox 290 863 329 918; x_wconf 89' lang='lat' dir='ltr'><strong>ait</strong></span> <span class='ocrx_word' id='word_1_102' title='bbox 343 864 440 919; x_wconf 88' lang='lat' dir='ltr'><strong>beatus</strong></span> <span class='ocrx_word' id='word_1_103' title='bbox 451 863 632 935; x_wconf 68' lang='lat' dir='ltr'><strong>Augustinus,</strong></span> <span class='ocrx_word' id='word_1_104' title='bbox 648 866 722 921; x_wconf 89' lang='lat' dir='ltr'><strong>aliud</strong></span> <span class='ocrx_word' id='word_1_105' title='bbox 739 878 783 923; x_wconf 89' lang='lat' dir='ltr'><strong>est</strong></span> <span class='ocrx_word' id='word_1_106' title='bbox 807 869 912 935; x_wconf 88' lang='lat' dir='ltr'><strong>anima,</strong></span> <span class='ocrx_word' id='word_1_107' title='bbox 964 887 1019 942; x_wconf 88' lang='lat' dir='ltr'><strong>qne</strong></span> <span class='ocrx_word' id='word_1_108' title='bbox 1033 871 1187 927; x_wconf 75' lang='lat' dir='ltr'><strong>naturalem</strong></span> <span class='ocrx_word' id='word_1_109' title='bbox 1199 872 1244 927; x_wconf 90' lang='lat' dir='ltr'><strong>ille</strong></span> <span class='ocrx_word' id='word_1_110' title='bbox 1258 871 1462 943; x_wconf 77' lang='lat' dir='ltr'><strong>paternitatem,</strong></span> <span class='ocrx_word' id='word_1_111' title='bbox 1475 880 1503 925; x_wconf 86' lang='lat' dir='ltr'><strong>et</strong></span> <span class='ocrx_word' id='word_1_112' title='bbox 1518 871 1562 926; x_wconf 91' lang='lat' dir='ltr'><strong>ille</strong></span> <span class='ocrx_word' id='word_1_113' title='bbox 1576 870 1753 934; x_wconf 81' lang='lat' dir='ltr'><strong>liliationem3</strong></span> 
     </span>
     <span class='ocr_line' id='line_1_9' title="bbox 126 956 1755 1030; baseline 0.003 -20"><span class='ocrx_word' id='word_1_114' title='bbox 126 965 154 1010; x_wconf 88' lang='grc' dir='ltr'><strong>ει</strong></span> <span class='ocrx_word' id='word_1_115' title='bbox 173 956 247 1011; x_wconf 88' lang='lat' dir='ltr'><strong>alind</strong></span> <span class='ocrx_word' id='word_1_116' title='bbox 261 964 303 1010; x_wconf 88' lang='lat' dir='ltr'><strong>est</strong></span> <span class='ocrx_word' id='word_1_117' title='bbox 318 956 409 1020; x_wconf 77' lang='lat' dir='ltr'><strong>rati03</strong></span> <span class='ocrx_word' id='word_1_118' title='bbox 425 966 453 1011; x_wconf 90' lang='grc' dir='ltr'><strong>ει</strong></span> <span class='ocrx_word' id='word_1_119' title='bbox 469 966 559 1011; x_wconf 79' lang='lat' dir='ltr'><strong>tannen</strong></span> <span class='ocrx_word' id='word_1_120' title='bbox 575 957 602 1011; x_wconf 95' lang='lat' dir='ltr'><strong>in</strong></span> <span class='ocrx_word' id='word_1_121' title='bbox 618 958 710 1013; x_wconf 89' lang='lat' dir='ltr'><strong>anima</strong></span> <span class='ocrx_word' id='word_1_122' title='bbox 726 969 768 1015; x_wconf 90' lang='lat' dir='ltr'><strong>est</strong></span> <span class='ocrx_word' id='word_1_123' title='bbox 788 961 870 1027; x_wconf 90' lang='lat' dir='ltr'><strong>ratio,</strong></span> <span class='ocrx_word' id='word_1_124' title='bbox 887 970 914 1015; x_wconf 89' lang='lat' dir='ltr'><strong>et</strong></span> <span class='ocrx_word' id='word_1_125' title='bbox 967 963 995 1018; x_wconf 88' lang='lat' dir='ltr'><strong>in</strong></span> <span class='ocrx_word' id='word_1_126' title='bbox 1020 963 1072 1019; x_wconf 93' lang='lat' dir='ltr'><strong>boe</strong></span> <span class='ocrx_word' id='word_1_127' title='bbox 1094 972 1185 1018; x_wconf 89' lang='lat' dir='ltr'><strong>tamen</strong></span> <span class='ocrx_word' id='word_1_128' title='bbox 1209 962 1301 1018; x_wconf 75' lang='lat' dir='ltr'><strong>didert</strong></span> <span class='ocrx_word' id='word_1_129' title='bbox 1326 962 1511 1018; x_wconf 88' lang='lat' dir='ltr'><strong>communiter</strong></span> <span class='ocrx_word' id='word_1_130' title='bbox 1534 962 1569 1016; x_wconf 89' lang='lat' dir='ltr'><strong>ab</strong></span> <span class='ocrx_word' id='word_1_131' title='bbox 1584 972 1711 1030; x_wconf 92' lang='lat' dir='ltr'><strong>utroque,</strong></span> <span class='ocrx_word' id='word_1_132' title='bbox 1727 960 1755 1015; x_wconf 92' lang='lat' dir='ltr'><strong>id</strong></span> 
     </span>
     <span class='ocr_line' id='line_1_10' title="bbox 127 1046 1754 1126; baseline 0.004 -26"><span class='ocrx_word' id='word_1_133' title='bbox 127 1060 183 1100; x_wconf 89' lang='lat' dir='ltr'><strong>una</strong></span> <span class='ocrx_word' id='word_1_134' title='bbox 201 1054 242 1100; x_wconf 90' lang='lat' dir='ltr'><strong>est</strong></span> <span class='ocrx_word' id='word_1_135' title='bbox 256 1046 359 1099; x_wconf 89' lang='lat' dir='ltr'><strong>anima.</strong></span> <span class='ocrx_word' id='word_1_136' title='bbox 375 1046 427 1101; x_wconf 88' lang='lat' dir='ltr'><strong>Sed</strong></span> <span class='ocrx_word' id='word_1_137' title='bbox 452 1047 527 1103; x_wconf 92' lang='lat' dir='ltr'><strong>aliud</strong></span> <span class='ocrx_word' id='word_1_138' title='bbox 541 1049 597 1119; x_wconf 76' lang='lat' dir='ltr'><strong>agit</strong></span> <span class='ocrx_word' id='word_1_139' title='bbox 619 1050 722 1117; x_wconf 91' lang='lat' dir='ltr'><strong>anima,</strong></span> <span class='ocrx_word' id='word_1_140' title='bbox 735 1053 810 1107; x_wconf 91' lang='lat' dir='ltr'><strong>aliud</strong></span> <span class='ocrx_word' id='word_1_141' title='bbox 832 1053 913 1108; x_wconf 87' lang='lat' dir='ltr'><strong>ratio.</strong></span> <span class='ocrx_word' id='word_1_142' title='bbox 966 1066 1009 1111; x_wconf 89' lang='lat' dir='ltr'><strong>est</strong></span> <span class='ocrx_word' id='word_1_143' title='bbox 1021 1055 1280 1126; x_wconf 85' lang='lat' dir='ltr'><strong>corporeetanima,</strong></span> <span class='ocrx_word' id='word_1_144' title='bbox 1294 1055 1366 1123; x_wconf 90' lang='lat' dir='ltr'><strong>quod</strong></span> <span class='ocrx_word' id='word_1_145' title='bbox 1380 1053 1558 1109; x_wconf 88' lang='lat' dir='ltr'><strong>accidentalia</strong></span> <span class='ocrx_word' id='word_1_146' title='bbox 1571 1053 1645 1108; x_wconf 91' lang='lat' dir='ltr'><strong>nulla</strong></span> <span class='ocrx_word' id='word_1_147' title='bbox 1658 1052 1754 1107; x_wconf 89' lang='lat' dir='ltr'><strong>babet:</strong></span> 
     </span>
     <span class='ocr_line' id='line_1_11' title="bbox 128 1136 1758 1215; baseline 0.003 -25"><span class='ocrx_word' id='word_1_148' title='bbox 128 1136 227 1190; x_wconf 80' lang='grc' dir='ltr'>Αιιὶιιιιι</span> <span class='ocrx_word' id='word_1_149' title='bbox 243 1137 327 1203; x_wconf 82' lang='lat' dir='ltr'><strong>ririt;</strong></span> <span class='ocrx_word' id='word_1_150' title='bbox 344 1139 415 1192; x_wconf 80' lang='lat' dir='ltr'><strong>ratio</strong></span> <span class='ocrx_word' id='word_1_151' title='bbox 437 1139 519 1208; x_wconf 88' lang='lat' dir='ltr'><strong>sapit.</strong></span> <span class='ocrx_word' id='word_1_152' title='bbox 537 1139 570 1193; x_wconf 83' lang='lat' dir='ltr'><strong>Et</strong></span> <span class='ocrx_word' id='word_1_153' title='bbox 591 1158 652 1196; x_wconf 90' lang='lat' dir='ltr'><strong>eum</strong></span> <span class='ocrx_word' id='word_1_154' title='bbox 677 1158 761 1197; x_wconf 89' lang='lat' dir='ltr'><strong>unum</strong></span> <span class='ocrx_word' id='word_1_155' title='bbox 778 1143 844 1211; x_wconf 91' lang='lat' dir='ltr'><strong>sint,</strong></span> <span class='ocrx_word' id='word_1_156' title='bbox 858 1145 916 1199; x_wconf 88' lang='lat' dir='ltr'><strong>sola</strong></span> <span class='ocrx_word' id='word_1_157' title='bbox 968 1159 1113 1215; x_wconf 87' lang='lat' dir='ltr'><strong>acorpore</strong></span> <span class='ocrx_word' id='word_1_158' title='bbox 1128 1160 1194 1200; x_wconf 82' lang='lat' dir='ltr'><strong>nero</strong></span> <span class='ocrx_word' id='word_1_159' title='bbox 1213 1145 1286 1214; x_wconf 88' lang='lat' dir='ltr'><strong>quod</strong></span> <span class='ocrx_word' id='word_1_160' title='bbox 1312 1143 1446 1199; x_wconf 88' lang='lat' dir='ltr'><strong>naturalia</strong></span> <span class='ocrx_word' id='word_1_161' title='bbox 1470 1159 1521 1200; x_wconf 88' lang='lat' dir='ltr'><strong>sua</strong></span> <span class='ocrx_word' id='word_1_162' title='bbox 1543 1154 1598 1210; x_wconf 90' lang='lat' dir='ltr'><strong>est;</strong></span> <span class='ocrx_word' id='word_1_163' title='bbox 1616 1142 1651 1198; x_wconf 87' lang='lat' dir='ltr'><strong>ab</strong></span> <span class='ocrx_word' id='word_1_164' title='bbox 1665 1141 1758 1197; x_wconf 89' lang='lat' dir='ltr'><strong>anima</strong></span> 
     </span>
     <span class='ocr_line' id='line_1_12' title="bbox 129 1230 1757 1307; baseline 0.001 -22"><span class='ocrx_word' id='word_1_165' title='bbox 129 1239 221 1285; x_wconf 84' lang='lat' dir='ltr'><strong>tamen</strong></span> <span class='ocrx_word' id='word_1_166' title='bbox 236 1230 329 1285; x_wconf 87' lang='lat' dir='ltr'><strong>anima</strong></span> <span class='ocrx_word' id='word_1_167' title='bbox 342 1231 458 1302; x_wconf 83' lang='lat' dir='ltr'><strong>suscipit</strong></span> <span class='ocrx_word' id='word_1_168' title='bbox 470 1234 570 1300; x_wconf 79' lang='lat' dir='ltr'><strong>ritam3</strong></span> <span class='ocrx_word' id='word_1_169' title='bbox 587 1235 644 1289; x_wconf 87' lang='lat' dir='ltr'><strong>sola</strong></span> <span class='ocrx_word' id='word_1_170' title='bbox 659 1238 728 1292; x_wconf 91' lang='lat' dir='ltr'><strong>ratio</strong></span> <span class='ocrx_word' id='word_1_171' title='bbox 744 1238 859 1307; x_wconf 79' lang='lat' dir='ltr'><strong>suscipit</strong></span> <span class='ocrx_word' id='word_1_172' title='bbox 873 1256 918 1293; x_wconf 84' lang='lat' dir='ltr'><strong>sa·</strong></span> <span class='ocrx_word' id='word_1_173' title='bbox 968 1244 1071 1301; x_wconf 85' lang='lat' dir='ltr'><strong>aulem,</strong></span> <span class='ocrx_word' id='word_1_174' title='bbox 1094 1235 1168 1307; x_wconf 89' lang='lat' dir='ltr'><strong>quod</strong></span> <span class='ocrx_word' id='word_1_175' title='bbox 1184 1235 1277 1290; x_wconf 90' lang='lat' dir='ltr'><strong>omnia</strong></span> <span class='ocrx_word' id='word_1_176' title='bbox 1301 1249 1350 1289; x_wconf 90' lang='lat' dir='ltr'><strong>sua</strong></span> <span class='ocrx_word' id='word_1_177' title='bbox 1375 1243 1426 1297; x_wconf 87' lang='lat' dir='ltr'><strong>est,</strong></span> <span class='ocrx_word' id='word_1_178' title='bbox 1442 1244 1555 1304; x_wconf 83' lang='lat' dir='ltr'><strong>excepto</strong></span> <span class='ocrx_word' id='word_1_179' title='bbox 1579 1234 1651 1304; x_wconf 87' lang='lat' dir='ltr'><strong>quod</strong></span> <span class='ocrx_word' id='word_1_180' title='bbox 1672 1232 1757 1287; x_wconf 89' lang='lat' dir='ltr'><strong>altera</strong></span> 
     </span>
     <span class='ocr_line' id='line_1_13' title="bbox 129 1320 1758 1400; baseline 0.003 -27"><span class='ocrx_word' id='word_1_181' title='bbox 129 1320 272 1391; x_wconf 85' lang='lat' dir='ltr'><strong>pientiam.</strong></span> <span class='ocrx_word' id='word_1_182' title='bbox 286 1320 385 1378; x_wconf 81' lang='lat' dir='ltr'><strong>Videre</strong></span> <span class='ocrx_word' id='word_1_183' title='bbox 400 1324 493 1394; x_wconf 91' lang='lat' dir='ltr'><strong>itaque</strong></span> <span class='ocrx_word' id='word_1_184' title='bbox 512 1334 566 1389; x_wconf 88' lang='grc' dir='ltr'>εει,</span> <span class='ocrx_word' id='word_1_185' title='bbox 578 1327 719 1396; x_wconf 90' lang='lat' dir='ltr'><strong>quomodo</strong></span> <span class='ocrx_word' id='word_1_186' title='bbox 732 1328 759 1382; x_wconf 88' lang='lat' dir='ltr'><strong>in</strong></span> <span class='ocrx_word' id='word_1_187' title='bbox 776 1329 826 1383; x_wconf 88' lang='lat' dir='ltr'><strong>bac</strong></span> <span class='ocrx_word' id='word_1_188' title='bbox 842 1340 919 1400; x_wconf 87' lang='lat' dir='ltr'><strong>parte</strong></span> <span class='ocrx_word' id='word_1_189' title='bbox 969 1342 1086 1395; x_wconf 87' lang='lat' dir='ltr'><strong>persona</strong></span> <span class='ocrx_word' id='word_1_190' title='bbox 1106 1325 1139 1380; x_wconf 92' lang='lat' dir='ltr'><strong>ad</strong></span> <span class='ocrx_word' id='word_1_191' title='bbox 1151 1327 1265 1381; x_wconf 87' lang='lat' dir='ltr'><strong>alteram</strong></span> <span class='ocrx_word' id='word_1_192' title='bbox 1278 1326 1391 1382; x_wconf 79' lang='lat' dir='ltr'><strong>relative</strong></span> <span class='ocrx_word' id='word_1_193' title='bbox 1405 1324 1514 1380; x_wconf 89' lang='lat' dir='ltr'><strong>dicitur.</strong></span> <span class='ocrx_word' id='word_1_194' title='bbox 1536 1324 1635 1379; x_wconf 78' lang='lat' dir='ltr'><strong>Anima</strong></span> <span class='ocrx_word' id='word_1_195' title='bbox 1647 1324 1758 1396; x_wconf 88' lang='lat' dir='ltr'><strong>quidem</strong></span> 
     </span>
     <span class='ocr_line' id='line_1_14' title="bbox 130 1410 1759 1488; baseline 0.003 -23"><span class='ocrx_word' id='word_1_196' title='bbox 130 1410 233 1482; x_wconf 74' lang='lat' dir='ltr'><strong>fulgeat</strong></span> <span class='ocrx_word' id='word_1_197' title='bbox 246 1411 338 1481; x_wconf 76' lang='lat' dir='ltr'><strong>imago</strong></span> <span class='ocrx_word' id='word_1_198' title='bbox 352 1412 462 1468; x_wconf 85' lang='lat' dir='ltr'><strong>deitatis</strong></span> <span class='ocrx_word' id='word_1_199' title='bbox 476 1414 503 1468; x_wconf 93' lang='lat' dir='ltr'><strong>in</strong></span> <span class='ocrx_word' id='word_1_200' title='bbox 516 1415 626 1481; x_wconf 90' lang='lat' dir='ltr'><strong>anima,</strong></span> <span class='ocrx_word' id='word_1_201' title='bbox 652 1426 682 1471; x_wconf 91' lang='grc' dir='ltr'><strong>ιιι</strong></span> <span class='ocrx_word' id='word_1_202' title='bbox 699 1432 761 1472; x_wconf 85' lang='grc' dir='ltr'>ειιιιι</span> <span class='ocrx_word' id='word_1_203' title='bbox 777 1418 919 1488; x_wconf 89' lang='lat' dir='ltr'><strong>pluralitas</strong></span> <span class='ocrx_word' id='word_1_204' title='bbox 970 1416 1062 1470; x_wconf 88' lang='lat' dir='ltr'><strong>omnia</strong></span> <span class='ocrx_word' id='word_1_205' title='bbox 1085 1432 1136 1472; x_wconf 88' lang='lat' dir='ltr'><strong>sua</strong></span> <span class='ocrx_word' id='word_1_206' title='bbox 1153 1417 1308 1472; x_wconf 83' lang='lat' dir='ltr'><strong>nullatenus</strong></span> <span class='ocrx_word' id='word_1_207' title='bbox 1332 1425 1391 1484; x_wconf 81' lang='lat' dir='ltr'><strong>est3</strong></span> <span class='ocrx_word' id='word_1_208' title='bbox 1408 1430 1458 1470; x_wconf 88' lang='lat' dir='ltr'><strong>nee</strong></span> <span class='ocrx_word' id='word_1_209' title='bbox 1474 1416 1531 1472; x_wconf 90' lang='lat' dir='ltr'><strong>sola</strong></span> <span class='ocrx_word' id='word_1_210' title='bbox 1555 1414 1687 1471; x_wconf 84' lang='lat' dir='ltr'><strong>relatione</strong></span> <span class='ocrx_word' id='word_1_211' title='bbox 1711 1426 1759 1472; x_wconf 86' lang='lat' dir='ltr'><strong>aut</strong></span> 
     </span>
     <span class='ocr_line' id='line_1_15' title="bbox 131 1501 1761 1578; baseline 0.006 -25"><span class='ocrx_word' id='word_1_212' title='bbox 131 1501 159 1554; x_wconf 90' lang='lat' dir='ltr'><strong>in</strong></span> <span class='ocrx_word' id='word_1_213' title='bbox 174 1514 207 1555; x_wconf 88' lang='lat' dir='ltr'><strong>ea</strong></span> <span class='ocrx_word' id='word_1_214' title='bbox 222 1501 258 1555; x_wconf 90' lang='lat' dir='ltr'><strong>sit</strong></span> <span class='ocrx_word' id='word_1_215' title='bbox 274 1501 470 1571; x_wconf 84' lang='lat' dir='ltr'><strong>proprietatum</strong></span> <span class='ocrx_word' id='word_1_216' title='bbox 491 1505 668 1571; x_wconf 79' lang='lat' dir='ltr'><strong>naturalium,</strong></span> <span class='ocrx_word' id='word_1_217' title='bbox 686 1522 739 1561; x_wconf 92' lang='lat' dir='ltr'><strong>una</strong></span> <span class='ocrx_word' id='word_1_218' title='bbox 763 1517 853 1563; x_wconf 88' lang='lat' dir='ltr'><strong>tamen</strong></span> <span class='ocrx_word' id='word_1_219' title='bbox 865 1509 921 1564; x_wconf 90' lang='lat' dir='ltr'><strong>sint</strong></span> <span class='ocrx_word' id='word_1_220' title='bbox 969 1509 1138 1578; x_wconf 83' lang='lat' dir='ltr'><strong>proprietate</strong></span> <span class='ocrx_word' id='word_1_221' title='bbox 1149 1510 1184 1566; x_wconf 91' lang='lat' dir='ltr'><strong>ab</strong></span> <span class='ocrx_word' id='word_1_222' title='bbox 1196 1508 1415 1566; x_wconf 87' lang='lat' dir='ltr'><strong>accidentalibus</strong></span> <span class='ocrx_word' id='word_1_223' title='bbox 1431 1509 1490 1564; x_wconf 91' lang='lat' dir='ltr'><strong>suis</strong></span> <span class='ocrx_word' id='word_1_224' title='bbox 1505 1508 1605 1573; x_wconf 80' lang='lat' dir='ltr'><strong>differt,</strong></span> <span class='ocrx_word' id='word_1_225' title='bbox 1619 1508 1666 1564; x_wconf 91' lang='lat' dir='ltr'><strong>sed</strong></span> <span class='ocrx_word' id='word_1_226' title='bbox 1677 1523 1761 1578; x_wconf 87' lang='lat' dir='ltr'><strong>oppo-</strong></span> 
     </span>
     <span class='ocr_line' id='line_1_16' title="bbox 132 1598 1219 1669; baseline 0.006 -18"><span class='ocrx_word' id='word_1_227' title='bbox 132 1606 241 1663; x_wconf 88' lang='lat' dir='ltr'><strong>natura,</strong></span> <span class='ocrx_word' id='word_1_228' title='bbox 257 1604 284 1652; x_wconf 88' lang='lat' dir='ltr'><strong>et</strong></span> <span class='ocrx_word' id='word_1_229' title='bbox 298 1612 361 1653; x_wconf 91' lang='lat' dir='ltr'><strong>enm</strong></span> <span class='ocrx_word' id='word_1_230' title='bbox 373 1598 446 1653; x_wconf 88' lang='lat' dir='ltr'><strong>nulla</strong></span> <span class='ocrx_word' id='word_1_231' title='bbox 461 1614 556 1654; x_wconf 88' lang='lat' dir='ltr'><strong>earum</strong></span> <span class='ocrx_word' id='word_1_232' title='bbox 573 1602 607 1656; x_wconf 89' lang='lat' dir='ltr'><strong>sit</strong></span> <span class='ocrx_word' id='word_1_233' title='bbox 622 1600 718 1669; x_wconf 87' lang='lat' dir='ltr'><strong>altera,</strong></span> <span class='ocrx_word' id='word_1_234' title='bbox 733 1603 808 1658; x_wconf 87' lang='lat' dir='ltr'><strong>nulla</strong></span> <span class='ocrx_word' id='word_1_235' title='bbox 829 1611 919 1658; x_wconf 89' lang='lat' dir='ltr'><strong>tamen</strong></span> <span class='ocrx_word' id='word_1_236' title='bbox 971 1600 1072 1656; x_wconf 88' lang='lat' dir='ltr'><strong>sitione</strong></span> <span class='ocrx_word' id='word_1_237' title='bbox 1082 1600 1219 1657; x_wconf 71' lang='lat' dir='ltr'><strong>esseutiae.</strong></span> 
     </span>
     <span class='ocr_line' id='line_1_17' title="bbox 132 1688 1768 1766; baseline 0.004 -23"><span class='ocrx_word' id='word_1_238' title='bbox 132 1688 206 1744; x_wconf 91' lang='lat' dir='ltr'><strong>aliud</strong></span> <span class='ocrx_word' id='word_1_239' title='bbox 222 1688 256 1744; x_wconf 88' lang='lat' dir='ltr'><strong>sit</strong></span> <span class='ocrx_word' id='word_1_240' title='bbox 268 1705 351 1759; x_wconf 86' lang='lat' dir='ltr'><strong>quam</strong></span> <span class='ocrx_word' id='word_1_241' title='bbox 368 1690 462 1745; x_wconf 87' lang='lat' dir='ltr'><strong>altera.</strong></span> <span class='ocrx_word' id='word_1_242' title='bbox 1007 1692 1099 1749; x_wconf 81' lang='lat' dir='ltr'><strong>Posito</strong></span> <span class='ocrx_word' id='word_1_243' title='bbox 1112 1709 1177 1765; x_wconf 79' lang='lat' dir='ltr'><strong>erpo</strong></span> <span class='ocrx_word' id='word_1_244' title='bbox 1193 1694 1220 1749; x_wconf 90' lang='lat' dir='ltr'><strong>in</strong></span> <span class='ocrx_word' id='word_1_245' title='bbox 1240 1694 1331 1751; x_wconf 91' lang='lat' dir='ltr'><strong>medio</strong></span> <span class='ocrx_word' id='word_1_246' title='bbox 1349 1694 1451 1761; x_wconf 90' lang='lat' dir='ltr'><strong>anima,</strong></span> <span class='ocrx_word' id='word_1_247' title='bbox 1468 1695 1587 1766; x_wconf 86' lang='lat' dir='ltr'><strong>aliquam</strong></span> <span class='ocrx_word' id='word_1_248' title='bbox 1602 1710 1664 1750; x_wconf 90' lang='lat' dir='ltr'><strong>eum</strong></span> <span class='ocrx_word' id='word_1_249' title='bbox 1685 1706 1768 1749; x_wconf 25' lang='lat' dir='ltr'><strong>utro-ff</strong></span> 
     </span>
     <span class='ocr_line' id='line_1_18' title="bbox 168 1779 1762 1855; baseline 0.004 -22"><span class='ocrx_word' id='word_1_250' title='bbox 168 1779 217 1836; x_wconf 84' lang='lat' dir='ltr'><strong>Est</strong></span> <span class='ocrx_word' id='word_1_251' title='bbox 230 1781 312 1852; x_wconf 77' lang='lat' dir='ltr'><strong>igitur</strong></span> <span class='ocrx_word' id='word_1_252' title='bbox 325 1782 417 1837; x_wconf 87' lang='lat' dir='ltr'><strong>anima</strong></span> <span class='ocrx_word' id='word_1_253' title='bbox 436 1783 588 1849; x_wconf 89' lang='lat' dir='ltr'><strong>rationalis,</strong></span> <span class='ocrx_word' id='word_1_254' title='bbox 604 1785 841 1855; x_wconf 87' lang='lat' dir='ltr'><strong>concupiscibilis,</strong></span> <span class='ocrx_word' id='word_1_255' title='bbox 863 1786 920 1840; x_wconf 78' lang='lat' dir='ltr'><strong>im·</strong></span> <span class='ocrx_word' id='word_1_256' title='bbox 971 1800 1025 1855; x_wconf 90' lang='lat' dir='ltr'><strong>que</strong></span> <span class='ocrx_word' id='word_1_257' title='bbox 1041 1786 1142 1841; x_wconf 83' lang='lat' dir='ltr'><strong>babere</strong></span> <span class='ocrx_word' id='word_1_258' title='bbox 1156 1785 1236 1843; x_wconf 90' lang='lat' dir='ltr'><strong>debet</strong></span> <span class='ocrx_word' id='word_1_259' title='bbox 1247 1787 1478 1853; x_wconf 86' lang='lat' dir='ltr'><strong>convenientiam,</strong></span> <span class='ocrx_word' id='word_1_260' title='bbox 1490 1796 1517 1841; x_wconf 87' lang='lat' dir='ltr'><strong>et</strong></span> <span class='ocrx_word' id='word_1_261' title='bbox 1528 1802 1590 1843; x_wconf 91' lang='lat' dir='ltr'><strong>eum</strong></span> <span class='ocrx_word' id='word_1_262' title='bbox 1603 1800 1712 1842; x_wconf 91' lang='lat' dir='ltr'><strong>summo</strong></span> <span class='ocrx_word' id='word_1_263' title='bbox 1732 1784 1762 1840; x_wconf 92' lang='lat' dir='ltr'><strong>in</strong></span> 
     </span>
     <span class='ocr_line' id='line_1_19' title="bbox 133 1873 1765 1947; baseline -0.001 -16"><span class='ocrx_word' id='word_1_264' title='bbox 133 1875 249 1941; x_wconf 90' lang='lat' dir='ltr'><strong>scibilis,</strong></span> <span class='ocrx_word' id='word_1_265' title='bbox 262 1876 341 1946; x_wconf 90' lang='lat' dir='ltr'><strong>quasi</strong></span> <span class='ocrx_word' id='word_1_266' title='bbox 356 1878 481 1946; x_wconf 77' lang='lat' dir='ltr'><strong>qrraedam</strong></span> <span class='ocrx_word' id='word_1_267' title='bbox 495 1892 545 1932; x_wconf 91' lang='lat' dir='ltr'><strong>sua</strong></span> <span class='ocrx_word' id='word_1_268' title='bbox 558 1877 683 1944; x_wconf 90' lang='lat' dir='ltr'><strong>trinitas;</strong></span> <span class='ocrx_word' id='word_1_269' title='bbox 706 1888 733 1933; x_wconf 92' lang='lat' dir='ltr'><strong>et</strong></span> <span class='ocrx_word' id='word_1_270' title='bbox 749 1880 801 1933; x_wconf 91' lang='lat' dir='ltr'><strong>boe</strong></span> <span class='ocrx_word' id='word_1_271' title='bbox 822 1888 920 1946; x_wconf 78' lang='lat' dir='ltr'><strong>tonan,</strong></span> <span class='ocrx_word' id='word_1_272' title='bbox 973 1891 1025 1932; x_wconf 92' lang='lat' dir='ltr'><strong>suo</strong></span> <span class='ocrx_word' id='word_1_273' title='bbox 1040 1875 1186 1947; x_wconf 87' lang='lat' dir='ltr'><strong>superiori,</strong></span> <span class='ocrx_word' id='word_1_274' title='bbox 1202 1885 1303 1932; x_wconf 89' lang='lat' dir='ltr'><strong>etcum</strong></span> <span class='ocrx_word' id='word_1_275' title='bbox 1319 1878 1375 1932; x_wconf 79' lang='lat' dir='ltr'><strong>inid</strong></span> <span class='ocrx_word' id='word_1_276' title='bbox 1399 1877 1427 1932; x_wconf 93' lang='lat' dir='ltr'><strong>in</strong></span> <span class='ocrx_word' id='word_1_277' title='bbox 1444 1893 1494 1934; x_wconf 90' lang='lat' dir='ltr'><strong>suo</strong></span> <span class='ocrx_word' id='word_1_278' title='bbox 1518 1875 1652 1934; x_wconf 75' lang='lat' dir='ltr'><strong>inferiori.</strong></span> <span class='ocrx_word' id='word_1_279' title='bbox 1675 1873 1765 1931; x_wconf 84' lang='lat' dir='ltr'><strong>llabet</strong></span> 
     </span>
     <span class='ocr_line' id='line_1_20' title="bbox 132 1966 1765 2038; baseline 0.001 -17"><span class='ocrx_word' id='word_1_280' title='bbox 132 1978 159 2021; x_wconf 88' lang='lat' dir='ltr'><strong>et</strong></span> <span class='ocrx_word' id='word_1_281' title='bbox 170 1966 238 2021; x_wconf 91' lang='lat' dir='ltr'><strong>nibil</strong></span> <span class='ocrx_word' id='word_1_282' title='bbox 252 1967 381 2037; x_wconf 86' lang='lat' dir='ltr'><strong>amplius,</strong></span> <span class='ocrx_word' id='word_1_283' title='bbox 394 1976 442 2022; x_wconf 90' lang='lat' dir='ltr'><strong>aut</strong></span> <span class='ocrx_word' id='word_1_284' title='bbox 458 1968 571 2023; x_wconf 86' lang='lat' dir='ltr'><strong>minus:</strong></span> <span class='ocrx_word' id='word_1_285' title='bbox 594 1976 621 2023; x_wconf 88' lang='lat' dir='ltr'><strong>et</strong></span> <span class='ocrx_word' id='word_1_286' title='bbox 641 1980 697 2024; x_wconf 88' lang='lat' dir='ltr'><strong>tota</strong></span> <span class='ocrx_word' id='word_1_287' title='bbox 719 1971 776 2025; x_wconf 82' lang='lat' dir='ltr'><strong>baec</strong></span> <span class='ocrx_word' id='word_1_288' title='bbox 801 1971 920 2036; x_wconf 87' lang='lat' dir='ltr'><strong>trinitas,</strong></span> <span class='ocrx_word' id='word_1_289' title='bbox 973 1983 1104 2038; x_wconf 86' lang='lat' dir='ltr'><strong>namque,</strong></span> <span class='ocrx_word' id='word_1_290' title='bbox 1122 1976 1153 2023; x_wconf 89' lang='lat' dir='ltr'><strong>ut</strong></span> <span class='ocrx_word' id='word_1_291' title='bbox 1168 1968 1271 2023; x_wconf 90' lang='lat' dir='ltr'><strong>dictum</strong></span> <span class='ocrx_word' id='word_1_292' title='bbox 1286 1976 1339 2033; x_wconf 90' lang='grc' dir='ltr'>εει,</span> <span class='ocrx_word' id='word_1_293' title='bbox 1356 1969 1457 2032; x_wconf 89' lang='lat' dir='ltr'><strong>anima,</strong></span> <span class='ocrx_word' id='word_1_294' title='bbox 1475 1967 1626 2024; x_wconf 88' lang='lat' dir='ltr'><strong>secundum</strong></span> <span class='ocrx_word' id='word_1_295' title='bbox 1640 1966 1765 2036; x_wconf 87' lang='lat' dir='ltr'><strong>proprie-</strong></span> 
     </span>
     <span class='ocr_line' id='line_1_21' title="bbox 133 2055 1763 2131; baseline -0.002 -20"><span class='ocrx_word' id='word_1_296' title='bbox 133 2056 257 2125; x_wconf 78' lang='lat' dir='ltr'><strong>quaedam</strong></span> <span class='ocrx_word' id='word_1_297' title='bbox 274 2059 373 2113; x_wconf 83' lang='lat' dir='ltr'><strong>animae</strong></span> <span class='ocrx_word' id='word_1_298' title='bbox 389 2059 490 2123; x_wconf 87' lang='lat' dir='ltr'><strong>unitas,</strong></span> <span class='ocrx_word' id='word_1_299' title='bbox 505 2067 532 2113; x_wconf 88' lang='lat' dir='ltr'><strong>et</strong></span> <span class='ocrx_word' id='word_1_300' title='bbox 553 2059 614 2128; x_wconf 88' lang='lat' dir='ltr'><strong>ipsa</strong></span> <span class='ocrx_word' id='word_1_301' title='bbox 633 2060 736 2118; x_wconf 87' lang='lat' dir='ltr'><strong>anima.</strong></span> <span class='ocrx_word' id='word_1_302' title='bbox 761 2059 846 2117; x_wconf 84' lang='lat' dir='ltr'><strong>llabet</strong></span> <span class='ocrx_word' id='word_1_303' title='bbox 872 2062 924 2131; x_wconf 83' lang='lat' dir='ltr'><strong>igi·</strong></span> <span class='ocrx_word' id='word_1_304' title='bbox 974 2066 1053 2122; x_wconf 83' lang='lat' dir='ltr'><strong>tates,</strong></span> <span class='ocrx_word' id='word_1_305' title='bbox 1067 2057 1163 2122; x_wconf 85' lang='lat' dir='ltr'><strong>iruum,</strong></span> <span class='ocrx_word' id='word_1_306' title='bbox 1176 2057 1307 2124; x_wconf 89' lang='lat' dir='ltr'><strong>medium,</strong></span> <span class='ocrx_word' id='word_1_307' title='bbox 1320 2055 1763 2127; x_wconf 84' lang='lat' dir='ltr'><strong>sunrmum,quantvisseeundum</strong></span> 
     </span>
     <span class='ocr_line' id='line_1_22' title="bbox 134 2146 1765 2220; baseline 0 -19"><span class='ocrx_word' id='word_1_308' title='bbox 134 2156 180 2202; x_wconf 89' lang='grc' dir='ltr'>ιιιι</span> <span class='ocrx_word' id='word_1_309' title='bbox 192 2149 284 2203; x_wconf 90' lang='lat' dir='ltr'><strong>anima</strong></span> <span class='ocrx_word' id='word_1_310' title='bbox 300 2148 448 2216; x_wconf 88' lang='lat' dir='ltr'><strong>rratnralia,</strong></span> <span class='ocrx_word' id='word_1_311' title='bbox 462 2160 489 2205; x_wconf 84' lang='lat' dir='ltr'><strong>et</strong></span> <span class='ocrx_word' id='word_1_312' title='bbox 507 2150 565 2220; x_wconf 88' lang='lat' dir='ltr'><strong>ipsa</strong></span> <span class='ocrx_word' id='word_1_313' title='bbox 579 2151 671 2206; x_wconf 90' lang='lat' dir='ltr'><strong>omnia</strong></span> <span class='ocrx_word' id='word_1_314' title='bbox 686 2161 728 2207; x_wconf 89' lang='lat' dir='ltr'><strong>est</strong></span> <span class='ocrx_word' id='word_1_315' title='bbox 744 2170 751 2206; x_wconf 74' lang='grc' dir='ltr'><strong>ε</strong></span> <span class='ocrx_word' id='word_1_316' title='bbox 768 2162 793 2207; x_wconf 85' lang='grc' dir='ltr'><strong>ει</strong></span> <span class='ocrx_word' id='word_1_317' title='bbox 815 2152 851 2208; x_wconf 93' lang='lat' dir='ltr'><strong>ob</strong></span> <span class='ocrx_word' id='word_1_318' title='bbox 870 2152 924 2219; x_wconf 83' lang='lat' dir='ltr'><strong>boc</strong></span> <span class='ocrx_word' id='word_1_319' title='bbox 973 2146 1121 2201; x_wconf 86' lang='lat' dir='ltr'><strong>essentiam</strong></span> <span class='ocrx_word' id='word_1_320' title='bbox 1137 2146 1229 2201; x_wconf 87' lang='lat' dir='ltr'><strong>omnia</strong></span> <span class='ocrx_word' id='word_1_321' title='bbox 1245 2148 1300 2203; x_wconf 88' lang='lat' dir='ltr'><strong>sint</strong></span> <span class='ocrx_word' id='word_1_322' title='bbox 1322 2164 1418 2203; x_wconf 79' lang='lat' dir='ltr'><strong>urium.</strong></span> <span class='ocrx_word' id='word_1_323' title='bbox 1444 2146 1511 2203; x_wconf 84' lang='lat' dir='ltr'><strong>Tota</strong></span> <span class='ocrx_word' id='word_1_324' title='bbox 1528 2162 1646 2217; x_wconf 78' lang='lat' dir='ltr'><strong>iramque</strong></span> <span class='ocrx_word' id='word_1_325' title='bbox 1665 2147 1765 2202; x_wconf 75' lang='lat' dir='ltr'><strong>animas</strong></span> 
     </span>
     <span class='ocr_line' id='line_1_23' title="bbox 134 2237 1763 2312; baseline 0 -21"><span class='ocrx_word' id='word_1_326' title='bbox 134 2237 251 2307; x_wconf 82' lang='lat' dir='ltr'><strong>simplex</strong></span> <span class='ocrx_word' id='word_1_327' title='bbox 266 2247 317 2293; x_wconf 89' lang='lat' dir='ltr'><strong>est.</strong></span> <span class='ocrx_word' id='word_1_328' title='bbox 336 2237 421 2294; x_wconf 84' lang='lat' dir='ltr'><strong>Habet</strong></span> <span class='ocrx_word' id='word_1_329' title='bbox 433 2240 594 2305; x_wconf 85' lang='lat' dir='ltr'><strong>accidentia,</strong></span> <span class='ocrx_word' id='word_1_330' title='bbox 609 2250 636 2295; x_wconf 89' lang='lat' dir='ltr'><strong>et</strong></span> <span class='ocrx_word' id='word_1_331' title='bbox 651 2242 709 2310; x_wconf 91' lang='lat' dir='ltr'><strong>ipsa</strong></span> <span class='ocrx_word' id='word_1_332' title='bbox 725 2251 844 2309; x_wconf 90' lang='lat' dir='ltr'><strong>nonest,</strong></span> <span class='ocrx_word' id='word_1_333' title='bbox 861 2256 924 2312; x_wconf 89' lang='lat' dir='ltr'><strong>pro·</strong></span> <span class='ocrx_word' id='word_1_334' title='bbox 974 2237 1093 2293; x_wconf 84' lang='lat' dir='ltr'><strong>essentia</strong></span> <span class='ocrx_word' id='word_1_335' title='bbox 1109 2237 1137 2290; x_wconf 91' lang='lat' dir='ltr'><strong>in</strong></span> <span class='ocrx_word' id='word_1_336' title='bbox 1152 2237 1194 2291; x_wconf 91' lang='lat' dir='ltr'><strong>bis</strong></span> <span class='ocrx_word' id='word_1_337' title='bbox 1212 2237 1300 2292; x_wconf 93' lang='lat' dir='ltr'><strong>tribus</strong></span> <span class='ocrx_word' id='word_1_338' title='bbox 1318 2240 1395 2308; x_wconf 90' lang='lat' dir='ltr'><strong>plena</strong></span> <span class='ocrx_word' id='word_1_339' title='bbox 1411 2246 1435 2293; x_wconf 89' lang='lat' dir='ltr'><strong>et</strong></span> <span class='ocrx_word' id='word_1_340' title='bbox 1454 2238 1573 2309; x_wconf 75' lang='lat' dir='ltr'><strong>perlaeta</strong></span> <span class='ocrx_word' id='word_1_341' title='bbox 1596 2240 1763 2303; x_wconf 79' lang='lat' dir='ltr'><strong>coartinetur,</strong></span> 
     </span>
     <span class='ocr_line' id='line_1_24' title="bbox 135 2326 1765 2402; baseline 0.001 -22"><span class='ocrx_word' id='word_1_342' title='bbox 135 2340 195 2400; x_wconf 85' lang='lat' dir='ltr'><strong>pter</strong></span> <span class='ocrx_word' id='word_1_343' title='bbox 210 2330 281 2401; x_wconf 89' lang='lat' dir='ltr'><strong>quod</strong></span> <span class='ocrx_word' id='word_1_344' title='bbox 297 2333 411 2387; x_wconf 86' lang='lat' dir='ltr'><strong>onrnino</strong></span> <span class='ocrx_word' id='word_1_345' title='bbox 434 2331 551 2402; x_wconf 76' lang='lat' dir='ltr'><strong>simplex</strong></span> <span class='ocrx_word' id='word_1_346' title='bbox 573 2348 628 2387; x_wconf 90' lang='lat' dir='ltr'><strong>non</strong></span> <span class='ocrx_word' id='word_1_347' title='bbox 653 2340 705 2388; x_wconf 88' lang='lat' dir='ltr'><strong>cst.</strong></span> <span class='ocrx_word' id='word_1_348' title='bbox 721 2332 781 2388; x_wconf 82' lang='lat' dir='ltr'><strong>Non</strong></span> <span class='ocrx_word' id='word_1_349' title='bbox 796 2335 868 2390; x_wconf 78' lang='lat' dir='ltr'><strong>enirn</strong></span> <span class='ocrx_word' id='word_1_350' title='bbox 882 2343 925 2390; x_wconf 78' lang='lat' dir='ltr'><strong>est</strong></span> <span class='ocrx_word' id='word_1_351' title='bbox 975 2326 1003 2382; x_wconf 89' lang='lat' dir='ltr'><strong>id</strong></span> <span class='ocrx_word' id='word_1_352' title='bbox 1019 2337 1060 2383; x_wconf 89' lang='lat' dir='ltr'><strong>est</strong></span> <span class='ocrx_word' id='word_1_353' title='bbox 1084 2328 1112 2382; x_wconf 92' lang='lat' dir='ltr'><strong>in</strong></span> <span class='ocrx_word' id='word_1_354' title='bbox 1138 2327 1361 2396; x_wconf 87' lang='lat' dir='ltr'><strong>rationabilitate,</strong></span> <span class='ocrx_word' id='word_1_355' title='bbox 1381 2329 1646 2398; x_wconf 88' lang='lat' dir='ltr'><strong>concupiscibilitate</strong></span> <span class='ocrx_word' id='word_1_356' title='bbox 1666 2337 1694 2382; x_wconf 91' lang='lat' dir='ltr'><strong>et</strong></span> <span class='ocrx_word' id='word_1_357' title='bbox 1709 2328 1765 2381; x_wconf 81' lang='lat' dir='ltr'><strong>ira-</strong></span> 
     </span>
     <span class='ocr_line' id='line_1_25' title="bbox 136 2416 1766 2497; baseline -0.005 -20"><span class='ocrx_word' id='word_1_358' title='bbox 136 2423 227 2476; x_wconf 87' lang='lat' dir='ltr'><strong>auima</strong></span> <span class='ocrx_word' id='word_1_359' title='bbox 244 2439 292 2478; x_wconf 89' lang='lat' dir='ltr'><strong>sun</strong></span> <span class='ocrx_word' id='word_1_360' title='bbox 307 2423 462 2493; x_wconf 90' lang='lat' dir='ltr'><strong>prudentia,</strong></span> <span class='ocrx_word' id='word_1_361' title='bbox 479 2440 528 2479; x_wconf 88' lang='lat' dir='ltr'><strong>sua</strong></span> <span class='ocrx_word' id='word_1_362' title='bbox 554 2426 746 2497; x_wconf 78' lang='lat' dir='ltr'><strong>tenrpcrantia,</strong></span> <span class='ocrx_word' id='word_1_363' title='bbox 769 2443 819 2482; x_wconf 78' lang='lat' dir='ltr'><strong>sua</strong></span> <span class='ocrx_word' id='word_1_364' title='bbox 846 2427 926 2482; x_wconf 74' lang='lat' dir='ltr'><strong>lorti-</strong></span> <span class='ocrx_word' id='word_1_365' title='bbox 976 2419 1132 2475; x_wconf 90' lang='lat' dir='ltr'><strong>scibilitate.</strong></span> <span class='ocrx_word' id='word_1_366' title='bbox 1149 2416 1227 2474; x_wconf 87' lang='lat' dir='ltr'><strong>Unde</strong></span> <span class='ocrx_word' id='word_1_367' title='bbox 1246 2418 1378 2488; x_wconf 89' lang='lat' dir='ltr'><strong>propbeta</strong></span> <span class='ocrx_word' id='word_1_368' title='bbox 1389 2418 1483 2472; x_wconf 84' lang='lat' dir='ltr'><strong>rolens</strong></span> <span class='ocrx_word' id='word_1_369' title='bbox 1502 2420 1528 2472; x_wconf 93' lang='lat' dir='ltr'><strong>in</strong></span> <span class='ocrx_word' id='word_1_370' title='bbox 1543 2418 1653 2473; x_wconf 84' lang='lat' dir='ltr'><strong>Christo</strong></span> <span class='ocrx_word' id='word_1_371' title='bbox 1672 2427 1766 2473; x_wconf 89' lang='lat' dir='ltr'><strong>osten-</strong></span> 
     </span>
     <span class='ocr_line' id='line_1_26' title="bbox 136 2506 1766 2586; baseline -0.001 -25"><span class='ocrx_word' id='word_1_372' title='bbox 136 2513 213 2578; x_wconf 83' lang='grc' dir='ltr'>ιιιιιο,</span> <span class='ocrx_word' id='word_1_373' title='bbox 228 2528 276 2567; x_wconf 85' lang='lat' dir='ltr'><strong>sua</strong></span> <span class='ocrx_word' id='word_1_374' title='bbox 291 2514 409 2582; x_wconf 72' lang='lat' dir='ltr'><strong>justicia,</strong></span> <span class='ocrx_word' id='word_1_375' title='bbox 430 2511 493 2569; x_wconf 60' lang='grc' dir='ltr'><strong>ειη</strong></span> <span class='ocrx_word' id='word_1_376' title='bbox 507 2516 590 2586; x_wconf 68' lang='lat' dir='ltr'><strong>igitur</strong></span> <span class='ocrx_word' id='word_1_377' title='bbox 602 2517 674 2572; x_wconf 65' lang='lat' dir='ltr'><strong>vires</strong></span> <span class='ocrx_word' id='word_1_378' title='bbox 686 2526 738 2583; x_wconf 58' lang='lat'><strong>051,</strong></span> <span class='ocrx_word' id='word_1_379' title='bbox 758 2527 784 2572; x_wconf 62' lang='lat' dir='ltr'><strong>eq</strong></span> <span class='ocrx_word' id='word_1_380' title='bbox 798 2533 855 2573; x_wconf 63' lang='lat' dir='ltr'><strong>51.ae</strong></span> <span class='ocrx_word' id='word_1_381' title='bbox 869 2519 925 2572; x_wconf 46' lang='grc' dir='ltr'>ινιτ.</span> <span class='ocrx_word' id='word_1_382' title='bbox 977 2510 1041 2565; x_wconf 89' lang='lat' dir='ltr'><strong>dcre</strong></span> <span class='ocrx_word' id='word_1_383' title='bbox 1059 2511 1169 2580; x_wconf 88' lang='lat' dir='ltr'><strong>plenam</strong></span> <span class='ocrx_word' id='word_1_384' title='bbox 1185 2524 1217 2563; x_wconf 90' lang='lat' dir='ltr'><strong>ac</strong></span> <span class='ocrx_word' id='word_1_385' title='bbox 1240 2507 1388 2577; x_wconf 88' lang='lat' dir='ltr'><strong>perlectam</strong></span> <span class='ocrx_word' id='word_1_386' title='bbox 1404 2508 1523 2563; x_wconf 83' lang='lat' dir='ltr'><strong>annnam</strong></span> <span class='ocrx_word' id='word_1_387' title='bbox 1540 2506 1697 2564; x_wconf 85' lang='lat' dir='ltr'><strong>adiuturam</strong></span> <span class='ocrx_word' id='word_1_388' title='bbox 1712 2508 1766 2560; x_wconf 90' lang='lat' dir='ltr'><strong>bu·</strong></span> 
     </span>
     <span class='ocr_line' id='line_1_27' title="bbox 138 2599 1767 2680; baseline -0.003 -22"><span class='ocrx_word' id='word_1_389' title='bbox 138 2610 209 2660; x_wconf 88' lang='lat' dir='ltr'><strong>tutes</strong></span> <span class='ocrx_word' id='word_1_390' title='bbox 225 2621 280 2658; x_wconf 84' lang='lat' dir='ltr'><strong>nrm</strong></span> <span class='ocrx_word' id='word_1_391' title='bbox 293 2615 344 2659; x_wconf 87' lang='lat' dir='ltr'><strong>ost.</strong></span> <span class='ocrx_word' id='word_1_392' title='bbox 362 2604 462 2661; x_wconf 90' lang='lat' dir='ltr'><strong>Sedere</strong></span> <span class='ocrx_word' id='word_1_393' title='bbox 475 2609 547 2661; x_wconf 84' lang='lat' dir='ltr'><strong>enirn</strong></span> <span class='ocrx_word' id='word_1_394' title='bbox 574 2624 625 2663; x_wconf 87' lang='lat' dir='ltr'><strong>nos</strong></span> <span class='ocrx_word' id='word_1_395' title='bbox 640 2617 749 2680; x_wconf 84' lang='lat' dir='ltr'><strong>oportet</strong></span> <span class='ocrx_word' id='word_1_396' title='bbox 764 2612 790 2664; x_wconf 92' lang='lat' dir='ltr'><strong>in</strong></span> <span class='ocrx_word' id='word_1_397' title='bbox 805 2612 925 2680; x_wconf 82' lang='lat' dir='ltr'><strong>civitate,</strong></span> <span class='ocrx_word' id='word_1_398' title='bbox 977 2615 1099 2669; x_wconf 64' lang='lat' dir='ltr'><strong>manant,</strong></span> <span class='ocrx_word' id='word_1_399' title='bbox 1114 2602 1175 2656; x_wconf 67' lang='lat' dir='ltr'><strong>aii:</strong></span> <span class='ocrx_word' id='word_1_400' title='bbox 1196 2599 1230 2655; x_wconf 75' lang='lat' dir='ltr'><strong>Ul</strong></span> <span class='ocrx_word' id='word_1_401' title='bbox 1250 2601 1318 2655; x_wconf 82' lang='lat' dir='ltr'><strong>sciat</strong></span> <span class='ocrx_word' id='word_1_402' title='bbox 1343 2602 1482 2671; x_wconf 80' lang='lat' dir='ltr'><strong>reprobare</strong></span> <span class='ocrx_word' id='word_1_403' title='bbox 1500 2601 1609 2668; x_wconf 72' lang='lat' dir='ltr'><strong>rutulum,</strong></span> <span class='ocrx_word' id='word_1_404' title='bbox 1623 2610 1647 2655; x_wconf 89' lang='lat' dir='ltr'><strong>et</strong></span> <span class='ocrx_word' id='word_1_405' title='bbox 1671 2600 1767 2670; x_wconf 76' lang='lat' dir='ltr'><strong>clipeus</strong></span> 
     </span>
     <span class='ocr_line' id='line_1_28' title="bbox 137 2691 1766 2764; baseline 0.006 -14"><span class='ocrx_word' id='word_1_406' title='bbox 137 2697 225 2750; x_wconf 89' lang='lat' dir='ltr'><strong>donec</strong></span> <span class='ocrx_word' id='word_1_407' title='bbox 250 2696 414 2764; x_wconf 81' lang='lat' dir='ltr'><strong>induamur,</strong></span> <span class='ocrx_word' id='word_1_408' title='bbox 446 2706 473 2751; x_wconf 86' lang='lat' dir='ltr'><strong>et</strong></span> <span class='ocrx_word' id='word_1_409' title='bbox 499 2698 647 2754; x_wconf 89' lang='lat' dir='ltr'><strong>induantur</strong></span> <span class='ocrx_word' id='word_1_410' title='bbox 670 2700 740 2756; x_wconf 77' lang='lat' dir='ltr'><strong>eires</strong></span> <span class='ocrx_word' id='word_1_411' title='bbox 769 2710 868 2756; x_wconf 81' lang='lat' dir='ltr'><strong>nostrae</strong></span> <span class='ocrx_word' id='word_1_412' title='bbox 892 2718 927 2756; x_wconf 83' lang='grc' dir='ltr'><strong>ει</strong></span> <span class='ocrx_word' id='word_1_413' title='bbox 978 2695 1074 2748; x_wconf 69' lang='lat' dir='ltr'><strong>bvlmm</strong></span> <span class='ocrx_word' id='word_1_414' title='bbox 1090 2692 1158 2760; x_wconf 80' lang='lat' dir='ltr'><strong>(lau.</strong></span> <span class='ocrx_word' id='word_1_415' title='bbox 1170 2693 1232 2764; x_wconf 70' lang='lat' dir='ltr'><strong>VH)-</strong></span> <span class='ocrx_word' id='word_1_416' title='bbox 1249 2692 1327 2749; x_wconf 64' lang='lat' dir='ltr'><strong>550¹st</strong></span> <span class='ocrx_word' id='word_1_417' title='bbox 1342 2700 1369 2747; x_wconf 66' lang='grc' dir='ltr'><strong>Β)</strong></span> <span class='ocrx_word' id='word_1_418' title='bbox 1384 2695 1417 2749; x_wconf 69' lang='grc' dir='ltr'><strong>(Ῑθ</strong></span> <span class='ocrx_word' id='word_1_419' title='bbox 1433 2693 1546 2749; x_wconf 65' lang='lat' dir='ltr'><strong>Wllffle</strong></span> <span class='ocrx_word' id='word_1_420' title='bbox 1560 2691 1766 2762; x_wconf 65' lang='lat' dir='ltr'><strong>⁶⁰¹”l01&#39;isllfae‘</strong></span> 
     </span>
     <span class='ocr_line' id='line_1_29' title="bbox 137 2781 1766 2864; baseline -0.001 -25"><span class='ocrx_word' id='word_1_421' title='bbox 137 2787 202 2841; x_wconf 88' lang='lat' dir='ltr'><strong>alto.</strong></span> <span class='ocrx_word' id='word_1_422' title='bbox 221 2784 296 2841; x_wconf 84' lang='lat' dir='ltr'><strong>Vires</strong></span> <span class='ocrx_word' id='word_1_423' title='bbox 309 2787 410 2841; x_wconf 87' lang='lat' dir='ltr'><strong>etenim</strong></span> <span class='ocrx_word' id='word_1_424' title='bbox 436 2788 598 2858; x_wconf 75' lang='lat' dir='ltr'><strong>susceptiva</strong></span> <span class='ocrx_word' id='word_1_425' title='bbox 619 2799 684 2845; x_wconf 93' lang='lat' dir='ltr'><strong>sunt</strong></span> <span class='ocrx_word' id='word_1_426' title='bbox 705 2790 851 2860; x_wconf 91' lang='lat' dir='ltr'><strong>donorum,</strong></span> <span class='ocrx_word' id='word_1_427' title='bbox 866 2807 928 2864; x_wconf 85' lang='lat' dir='ltr'><strong>quae</strong></span> <span class='ocrx_word' id='word_1_428' title='bbox 978 2785 1211 2856; x_wconf 79' lang='lat' dir='ltr'><strong>misittllntprunt</strong></span> <span class='ocrx_word' id='word_1_429' title='bbox 1224 2795 1248 2839; x_wconf 86' lang='lat' dir='ltr'><strong>et</strong></span> <span class='ocrx_word' id='word_1_430' title='bbox 1262 2784 1313 2839; x_wconf 84' lang='lat' dir='ltr'><strong>tnel</strong></span> <span class='ocrx_word' id='word_1_431' title='bbox 1326 2784 1491 2852; x_wconf 84' lang='lat' dir='ltr'><strong>contcdet,nt</strong></span> <span class='ocrx_word' id='word_1_432' title='bbox 1504 2784 1527 2840; x_wconf 93' lang='lat' dir='ltr'><strong>si</strong></span> <span class='ocrx_word' id='word_1_433' title='bbox 1540 2784 1642 2840; x_wconf 88' lang='lat' dir='ltr'><strong>diceret</strong></span> <span class='ocrx_word' id='word_1_434' title='bbox 1656 2800 1663 2835; x_wconf 90' lang='lat'>:</span> <span class='ocrx_word' id='word_1_435' title='bbox 1676 2781 1766 2837; x_wconf 84' lang='lat' dir='ltr'><strong>Labo-</strong></span> 
     </span>
     <span class='ocr_line' id='line_1_30' title="bbox 139 2874 1766 2953; baseline -0.001 -22"><span class='ocrx_word' id='word_1_436' title='bbox 139 2879 234 2931; x_wconf 89' lang='lat' dir='ltr'><strong>babitu</strong></span> <span class='ocrx_word' id='word_1_437' title='bbox 249 2879 365 2933; x_wconf 80' lang='lat' dir='ltr'><strong>virtutes</strong></span> <span class='ocrx_word' id='word_1_438' title='bbox 380 2880 457 2932; x_wconf 87' lang='grc' dir='ltr'>ιιιιιιι.</span> <span class='ocrx_word' id='word_1_439' title='bbox 478 2877 566 2934; x_wconf 82' lang='grc' dir='ltr'>Ροιιο</span> <span class='ocrx_word' id='word_1_440' title='bbox 587 2879 658 2935; x_wconf 89' lang='lat' dir='ltr'><strong>sicut</strong></span> <span class='ocrx_word' id='word_1_441' title='bbox 687 2883 712 2937; x_wconf 92' lang='lat' dir='ltr'><strong>in</strong></span> <span class='ocrx_word' id='word_1_442' title='bbox 736 2883 798 2953; x_wconf 84' lang='lat' dir='ltr'><strong>igne</strong></span> <span class='ocrx_word' id='word_1_443' title='bbox 819 2885 928 2940; x_wconf 83' lang='lat' dir='ltr'><strong>nativus</strong></span> <span class='ocrx_word' id='word_1_444' title='bbox 978 2894 1037 2934; x_wconf 91' lang='lat' dir='ltr'><strong>rem</strong></span> <span class='ocrx_word' id='word_1_445' title='bbox 1049 2878 1148 2948; x_wconf 77' lang='grc' dir='ltr'>(ιιιειιιε</span> <span class='ocrx_word' id='word_1_446' title='bbox 1161 2877 1297 2948; x_wconf 89' lang='lat' dir='ltr'><strong>siqnidem</strong></span> <span class='ocrx_word' id='word_1_447' title='bbox 1311 2877 1404 2932; x_wconf 90' lang='lat' dir='ltr'><strong>labore</strong></span> <span class='ocrx_word' id='word_1_448' title='bbox 1418 2886 1445 2931; x_wconf 89' lang='lat' dir='ltr'><strong>et</strong></span> <span class='ocrx_word' id='word_1_449' title='bbox 1461 2876 1631 2950; x_wconf 76' lang='lat' dir='ltr'><strong>latigatione,</strong></span> <span class='ocrx_word' id='word_1_450' title='bbox 1648 2874 1766 2930; x_wconf 85' lang='lat' dir='ltr'><strong>crebris·</strong></span> 
     </span>
     <span class='ocr_line' id='line_1_31' title="bbox 138 2963 1767 3047; baseline -0.004 -25"><span class='ocrx_word' id='word_1_451' title='bbox 138 2969 214 3022; x_wconf 86' lang='lat' dir='ltr'><strong>calor</strong></span> <span class='ocrx_word' id='word_1_452' title='bbox 226 2976 278 3035; x_wconf 87' lang='grc' dir='ltr'>εει,</span> <span class='ocrx_word' id='word_1_453' title='bbox 290 2969 338 3037; x_wconf 93' lang='lat' dir='ltr'><strong>qui</strong></span> <span class='ocrx_word' id='word_1_454' title='bbox 362 2969 614 3040; x_wconf 83' lang='lat' dir='ltr'><strong>appropinquantes</strong></span> <span class='ocrx_word' id='word_1_455' title='bbox 629 2970 763 3037; x_wconf 78' lang='lat' dir='ltr'><strong>calefacit,</strong></span> <span class='ocrx_word' id='word_1_456' title='bbox 776 2988 873 3031; x_wconf 77' lang='lat' dir='ltr'><strong>creans</strong></span> <span class='ocrx_word' id='word_1_457' title='bbox 899 2976 926 3030; x_wconf 82' lang='lat' dir='ltr'><strong>in</strong></span> <span class='ocrx_word' id='word_1_458' title='bbox 940 2991 961 3047; x_wconf 72' lang='lat' dir='ltr'><strong>c</strong></span> <span class='ocrx_word' id='word_1_459' title='bbox 979 2985 1032 3041; x_wconf 90' lang='lat' dir='ltr'><strong>que</strong></span> <span class='ocrx_word' id='word_1_460' title='bbox 1044 2968 1217 3025; x_wconf 87' lang='lat' dir='ltr'><strong>tunsionibus</strong></span> <span class='ocrx_word' id='word_1_461' title='bbox 1232 2969 1265 3023; x_wconf 91' lang='lat' dir='ltr'><strong>de</strong></span> <span class='ocrx_word' id='word_1_462' title='bbox 1279 2967 1348 3023; x_wconf 88' lang='lat' dir='ltr'><strong>laete</strong></span> <span class='ocrx_word' id='word_1_463' title='bbox 1362 2966 1489 3037; x_wconf 73' lang='lat' dir='ltr'><strong>butyrum</strong></span> <span class='ocrx_word' id='word_1_464' title='bbox 1504 2964 1634 3035; x_wconf 89' lang='lat' dir='ltr'><strong>elicitur),</strong></span> <span class='ocrx_word' id='word_1_465' title='bbox 1646 2973 1673 3019; x_wconf 90' lang='lat' dir='ltr'><strong>et</strong></span> <span class='ocrx_word' id='word_1_466' title='bbox 1686 2963 1767 3034; x_wconf 93' lang='lat' dir='ltr'><strong>quic·</strong></span> 
     </span>
    </p>
   </div>
   <div class='ocr_carea' id='block_1_3' title="bbox 138 3059 929 3685">
    <p class='ocr_par' dir='ltr' id='par_1_3' title="bbox 138 3059 929 3685">
     <span class='ocr_line' id='line_1_32' title="bbox 138 3059 926 3133; baseline 0.014 -22"><span class='ocrx_word' id='word_1_467' title='bbox 138 3059 179 3112; x_wconf 88' lang='lat' dir='ltr'><strong>eis</strong></span> <span class='ocrx_word' id='word_1_468' title='bbox 193 3059 387 3114; x_wconf 79' lang='lat' dir='ltr'><strong>accidentalem</strong></span> <span class='ocrx_word' id='word_1_469' title='bbox 402 3060 533 3126; x_wconf 88' lang='lat' dir='ltr'><strong>calorem,</strong></span> <span class='ocrx_word' id='word_1_470' title='bbox 553 3076 585 3115; x_wconf 85' lang='lat' dir='ltr'><strong>ex</strong></span> <span class='ocrx_word' id='word_1_471' title='bbox 605 3078 637 3117; x_wconf 90' lang='lat' dir='ltr'><strong>ea</strong></span> <span class='ocrx_word' id='word_1_472' title='bbox 659 3072 822 3133; x_wconf 85' lang='lat' dir='ltr'><strong>naturaque</strong></span> <span class='ocrx_word' id='word_1_473' title='bbox 837 3066 926 3122; x_wconf 87' lang='lat' dir='ltr'><strong>calere</strong></span> 
     </span>
     <span class='ocr_line' id='line_1_33' title="bbox 138 3153 926 3225; baseline 0.01 -19"><span class='ocrx_word' id='word_1_474' title='bbox 138 3160 272 3220; x_wconf 83' lang='lat' dir='ltr'><strong>possunt3</strong></span> <span class='ocrx_word' id='word_1_475' title='bbox 298 3162 325 3208; x_wconf 87' lang='lat' dir='ltr'><strong>et</strong></span> <span class='ocrx_word' id='word_1_476' title='bbox 343 3153 475 3208; x_wconf 87' lang='lat' dir='ltr'><strong>naturalis</strong></span> <span class='ocrx_word' id='word_1_477' title='bbox 503 3153 548 3207; x_wconf 82' lang='lat' dir='ltr'><strong>lux</strong></span> <span class='ocrx_word' id='word_1_478' title='bbox 573 3154 731 3211; x_wconf 89' lang='lat' dir='ltr'><strong>illuminans</strong></span> <span class='ocrx_word' id='word_1_479' title='bbox 756 3158 926 3225; x_wconf 86' lang='lat' dir='ltr'><strong>aecedentes,</strong></span> 
     </span>
     <span class='ocr_line' id='line_1_34' title="bbox 138 3243 925 3320; baseline 0.008 -25"><span class='ocrx_word' id='word_1_480' title='bbox 138 3257 171 3295; x_wconf 81' lang='lat' dir='ltr'><strong>ex</strong></span> <span class='ocrx_word' id='word_1_481' title='bbox 200 3257 232 3297; x_wconf 84' lang='lat' dir='ltr'><strong>ea</strong></span> <span class='ocrx_word' id='word_1_482' title='bbox 261 3243 385 3298; x_wconf 77' lang='lat' dir='ltr'><strong>vilelicet</strong></span> <span class='ocrx_word' id='word_1_483' title='bbox 413 3252 521 3310; x_wconf 87' lang='lat' dir='ltr'><strong>natrua,</strong></span> <span class='ocrx_word' id='word_1_484' title='bbox 538 3261 591 3314; x_wconf 90' lang='lat' dir='ltr'><strong>qua</strong></span> <span class='ocrx_word' id='word_1_485' title='bbox 619 3247 767 3303; x_wconf 88' lang='lat' dir='ltr'><strong>illrnninari</strong></span> <span class='ocrx_word' id='word_1_486' title='bbox 792 3259 925 3320; x_wconf 87' lang='lat' dir='ltr'><strong>possunt:</strong></span> 
     </span>
     <span class='ocr_line' id='line_1_35' title="bbox 139 3333 928 3396; baseline 0.014 -11"><span class='ocrx_word' id='word_1_487' title='bbox 139 3333 179 3389; x_wconf 88' lang='lat' dir='ltr'><strong>sic</strong></span> <span class='ocrx_word' id='word_1_488' title='bbox 203 3336 228 3388; x_wconf 91' lang='lat' dir='ltr'><strong>in</strong></span> <span class='ocrx_word' id='word_1_489' title='bbox 257 3335 349 3390; x_wconf 80' lang='lat' dir='ltr'><strong>divina</strong></span> <span class='ocrx_word' id='word_1_490' title='bbox 379 3344 475 3390; x_wconf 84' lang='lat' dir='ltr'><strong>tratura</strong></span> <span class='ocrx_word' id='word_1_491' title='bbox 508 3339 633 3393; x_wconf 80' lang='lat' dir='ltr'><strong>naturale</strong></span> <span class='ocrx_word' id='word_1_492' title='bbox 658 3339 760 3394; x_wconf 90' lang='lat' dir='ltr'><strong>donum</strong></span> <span class='ocrx_word' id='word_1_493' title='bbox 790 3358 822 3396; x_wconf 91' lang='lat' dir='ltr'><strong>ae</strong></span> <span class='ocrx_word' id='word_1_494' title='bbox 844 3342 928 3396; x_wconf 84' lang='lat' dir='ltr'><strong>betre-</strong></span> 
     </span>
     <span class='ocr_line' id='line_1_36' title="bbox 140 3424 927 3500; baseline 0.017 -23"><span class='ocrx_word' id='word_1_495' title='bbox 140 3424 231 3478; x_wconf 84' lang='lat' dir='ltr'><strong>licium</strong></span> <span class='ocrx_word' id='word_1_496' title='bbox 262 3435 305 3480; x_wconf 90' lang='lat' dir='ltr'><strong>est</strong></span> <span class='ocrx_word' id='word_1_497' title='bbox 342 3426 464 3491; x_wconf 77' lang='lat' dir='ltr'><strong>fontale,</strong></span> <span class='ocrx_word' id='word_1_498' title='bbox 506 3429 666 3486; x_wconf 90' lang='lat' dir='ltr'><strong>illuminans</strong></span> <span class='ocrx_word' id='word_1_499' title='bbox 695 3441 723 3487; x_wconf 92' lang='lat' dir='ltr'><strong>et</strong></span> <span class='ocrx_word' id='word_1_500' title='bbox 753 3434 927 3500; x_wconf 84' lang='lat' dir='ltr'><strong>accetrdcns,</strong></span> 
     </span>
     <span class='ocr_line' id='line_1_37' title="bbox 141 3518 928 3594; baseline 0.011 -26"><span class='ocrx_word' id='word_1_501' title='bbox 141 3526 272 3585; x_wconf 89' lang='lat' dir='ltr'><strong>tanquam</strong></span> <span class='ocrx_word' id='word_1_502' title='bbox 308 3518 470 3587; x_wconf 89' lang='lat' dir='ltr'><strong>sapientiam</strong></span> <span class='ocrx_word' id='word_1_503' title='bbox 507 3529 533 3573; x_wconf 89' lang='lat' dir='ltr'><strong>rt</strong></span> <span class='ocrx_word' id='word_1_504' title='bbox 559 3520 695 3590; x_wconf 82' lang='lat' dir='ltr'><strong>justitiam</strong></span> <span class='ocrx_word' id='word_1_505' title='bbox 731 3524 757 3578; x_wconf 93' lang='lat' dir='ltr'><strong>in</strong></span> <span class='ocrx_word' id='word_1_506' title='bbox 790 3526 849 3590; x_wconf 89' lang='lat' dir='ltr'><strong>cis,</strong></span> <span class='ocrx_word' id='word_1_507' title='bbox 881 3526 928 3594; x_wconf 90' lang='lat' dir='ltr'><strong>qni</strong></span> 
     </span>
     <span class='ocr_line' id='line_1_38' title="bbox 141 3608 929 3685; baseline 0.009 -22"><span class='ocrx_word' id='word_1_508' title='bbox 141 3608 275 3663; x_wconf 87' lang='lat' dir='ltr'><strong>accedunt</strong></span> <span class='ocrx_word' id='word_1_509' title='bbox 300 3624 407 3676; x_wconf 89' lang='lat' dir='ltr'><strong>creans,</strong></span> <span class='ocrx_word' id='word_1_510' title='bbox 427 3611 454 3664; x_wconf 91' lang='lat' dir='ltr'><strong>in</strong></span> <span class='ocrx_word' id='word_1_511' title='bbox 480 3626 511 3666; x_wconf 89' lang='lat' dir='ltr'><strong>ea</strong></span> <span class='ocrx_word' id='word_1_512' title='bbox 533 3613 657 3668; x_wconf 85' lang='lat' dir='ltr'><strong>videlicet</strong></span> <span class='ocrx_word' id='word_1_513' title='bbox 681 3622 774 3684; x_wconf 88' lang='lat' dir='ltr'><strong>parte,</strong></span> <span class='ocrx_word' id='word_1_514' title='bbox 803 3633 857 3685; x_wconf 89' lang='lat' dir='ltr'><strong>qna</strong></span> <span class='ocrx_word' id='word_1_515' title='bbox 883 3632 929 3671; x_wconf 88' lang='lat' dir='ltr'><strong>ac·</strong></span> 
     </span>
    </p>
   </div>
   <div class='ocr_carea' id='block_1_4' title="bbox 51 3700 928 3774">
    <p class='ocr_par' dir='ltr' id='par_1_4' title="bbox 51 3700 928 3774">
     <span class='ocr_line' id='line_1_39' title="bbox 51 3700 928 3774; baseline 0.008 -20"><span class='ocrx_word' id='word_1_516' title='bbox 51 3729 57 3739; x_wconf 35' lang='grc' dir='ltr'>κ</span> <span class='ocrx_word' id='word_1_517' title='bbox 141 3700 262 3756; x_wconf 90' lang='lat' dir='ltr'><strong>cendiet</strong></span> <span class='ocrx_word' id='word_1_518' title='bbox 283 3701 432 3756; x_wconf 88' lang='lat' dir='ltr'><strong>illuminari</strong></span> <span class='ocrx_word' id='word_1_519' title='bbox 448 3711 573 3772; x_wconf 90' lang='lat' dir='ltr'><strong>possunt.</strong></span> <span class='ocrx_word' id='word_1_520' title='bbox 600 3701 675 3759; x_wconf 84' lang='lat' dir='ltr'><strong>Unde</strong></span> <span class='ocrx_word' id='word_1_521' title='bbox 700 3714 760 3761; x_wconf 85' lang='lat' dir='ltr'><strong>est:</strong></span> <span class='ocrx_word' id='word_1_522' title='bbox 792 3707 928 3774; x_wconf 71' lang='lat' dir='ltr'><strong>dcceriite,</strong></span> 
     </span>
    </p>
   </div>
   <div class='ocr_carea' id='block_1_5' title="bbox 141 3791 931 4323">
    <p class='ocr_par' dir='ltr' id='par_1_5' title="bbox 141 3791 931 4323">
     <span class='ocr_line' id='line_1_40' title="bbox 141 3791 926 3868; baseline 0.008 -21"><span class='ocrx_word' id='word_1_523' title='bbox 141 3805 164 3847; x_wconf 83' lang='lat' dir='ltr'><strong>el</strong></span> <span class='ocrx_word' id='word_1_524' title='bbox 178 3793 370 3846; x_wconf 81' lang='lat' dir='ltr'><strong>illruninantint&#39;</strong></span> <span class='ocrx_word' id='word_1_525' title='bbox 396 3791 482 3862; x_wconf 79' lang='lat' dir='ltr'><strong>(Paul.</strong></span> <span class='ocrx_word' id='word_1_526' title='bbox 497 3797 605 3864; x_wconf 79' lang='grc' dir='ltr'>ιιιιιι).</span> <span class='ocrx_word' id='word_1_527' title='bbox 622 3794 654 3850; x_wconf 85' lang='grc' dir='ltr'><strong>Ει</strong></span> <span class='ocrx_word' id='word_1_528' title='bbox 676 3796 742 3851; x_wconf 86' lang='lat' dir='ltr'><strong>illud</strong></span> <span class='ocrx_word' id='word_1_529' title='bbox 759 3816 766 3851; x_wconf 79' lang='lat' dir='ltr'><strong>t</strong></span> <span class='ocrx_word' id='word_1_530' title='bbox 782 3799 926 3868; x_wconf 75' lang='lat' dir='ltr'><strong>Appropin·</strong></span> 
     </span>
     <span class='ocr_line' id='line_1_41' title="bbox 142 3884 930 3957; baseline 0.013 -22"><span class='ocrx_word' id='word_1_531' title='bbox 142 3893 221 3952; x_wconf 75' lang='lat' dir='ltr'><strong>quante</strong></span> <span class='ocrx_word' id='word_1_532' title='bbox 239 3884 313 3950; x_wconf 75' lang='lat' dir='ltr'><strong>attilii,</strong></span> <span class='ocrx_word' id='word_1_533' title='bbox 327 3894 351 3937; x_wconf 88' lang='lat' dir='ltr'><strong>et</strong></span> <span class='ocrx_word' id='word_1_534' title='bbox 363 3900 409 3954; x_wconf 76' lang='lat' dir='ltr'><strong>epo</strong></span> <span class='ocrx_word' id='word_1_535' title='bbox 427 3886 642 3956; x_wconf 83' lang='lat' dir='ltr'><strong>appropinquabo</strong></span> <span class='ocrx_word' id='word_1_536' title='bbox 656 3888 727 3940; x_wconf 85' lang='lat' dir='ltr'><strong>uobis</strong></span> <span class='ocrx_word' id='word_1_537' title='bbox 739 3887 810 3957; x_wconf 73' lang='lat' dir='ltr'><strong>(lac.</strong></span> <span class='ocrx_word' id='word_1_538' title='bbox 834 3890 882 3957; x_wconf 85' lang='grc' dir='ltr'>ιι).</span> <span class='ocrx_word' id='word_1_539' title='bbox 899 3889 930 3947; x_wconf 83' lang='grc' dir='ltr'><strong>Ει</strong></span> 
     </span>
     <span class='ocr_line' id='line_1_42' title="bbox 144 3971 931 4051; baseline 0.01 -23"><span class='ocrx_word' id='word_1_540' title='bbox 144 3976 208 4029; x_wconf 89' lang='lat' dir='ltr'><strong>illud</strong></span> <span class='ocrx_word' id='word_1_541' title='bbox 219 3993 226 4029; x_wconf 77' lang='grc' dir='ltr'><em>τ</em></span> <span class='ocrx_word' id='word_1_542' title='bbox 238 3971 359 4030; x_wconf 78' lang='lat' dir='ltr'><strong>Cinaritas</strong></span> <span class='ocrx_word' id='word_1_543' title='bbox 376 3975 423 4029; x_wconf 84' lang='lat' dir='ltr'><strong>Dei</strong></span> <span class='ocrx_word' id='word_1_544' title='bbox 435 3975 580 4045; x_wconf 73' lang='lat' dir='ltr'><strong>diffusaeat</strong></span> <span class='ocrx_word' id='word_1_545' title='bbox 593 3978 618 4031; x_wconf 86' lang='lat' dir='ltr'><strong>in</strong></span> <span class='ocrx_word' id='word_1_546' title='bbox 630 3980 752 4034; x_wconf 78' lang='lat' dir='ltr'><strong>cordibus</strong></span> <span class='ocrx_word' id='word_1_547' title='bbox 764 3982 873 4047; x_wconf 81' lang='lat' dir='ltr'><strong>nustria,</strong></span> <span class='ocrx_word' id='word_1_548' title='bbox 885 3999 931 4051; x_wconf 84' lang='lat' dir='ltr'><strong>per</strong></span> 
     </span>
     <span class='ocr_line' id='line_1_43' title="bbox 144 4064 928 4144; baseline 0.01 -24"><span class='ocrx_word' id='word_1_549' title='bbox 144 4064 274 4135; x_wconf 82' lang='lat' dir='ltr'><strong>Spiritum</strong></span> <span class='ocrx_word' id='word_1_550' title='bbox 297 4075 419 4121; x_wconf 84' lang='lat' dir='ltr'><strong>suttetunt</strong></span> <span class='ocrx_word' id='word_1_551' title='bbox 444 4069 490 4140; x_wconf 87' lang='lat' dir='ltr'><strong>qni</strong></span> <span class='ocrx_word' id='word_1_552' title='bbox 514 4068 593 4123; x_wconf 80' lang='lat' dir='ltr'><strong>datus</strong></span> <span class='ocrx_word' id='word_1_553' title='bbox 617 4078 656 4123; x_wconf 83' lang='grc' dir='ltr'><strong>εει</strong></span> <span class='ocrx_word' id='word_1_554' title='bbox 682 4069 757 4125; x_wconf 81' lang='lat' dir='ltr'><strong>nobis</strong></span> <span class='ocrx_word' id='word_1_555' title='bbox 779 4070 866 4142; x_wconf 78' lang='lat' dir='ltr'><strong>(Rana.</strong></span> <span class='ocrx_word' id='word_1_556' title='bbox 890 4075 928 4144; x_wconf 81' lang='lat' dir='ltr'><strong>r).</strong></span> 
     </span>
     <span class='ocr_line' id='line_1_44' title="bbox 142 4158 931 4231; baseline 0.01 -19"><span class='ocrx_word' id='word_1_557' title='bbox 142 4158 257 4213; x_wconf 77' lang='lat' dir='ltr'><strong>Attouda</strong></span> <span class='ocrx_word' id='word_1_558' title='bbox 284 4168 389 4225; x_wconf 87' lang='lat' dir='ltr'><strong>tamen,</strong></span> <span class='ocrx_word' id='word_1_559' title='bbox 418 4159 490 4229; x_wconf 92' lang='lat' dir='ltr'><strong>quod</strong></span> <span class='ocrx_word' id='word_1_560' title='bbox 522 4160 594 4215; x_wconf 78' lang='lat' dir='ltr'><strong>vires</strong></span> <span class='ocrx_word' id='word_1_561' title='bbox 623 4176 819 4231; x_wconf 88' lang='lat' dir='ltr'><strong>rtnrmunquam</strong></span> <span class='ocrx_word' id='word_1_562' title='bbox 850 4164 931 4219; x_wconf 91' lang='lat' dir='ltr'><strong>indil-</strong></span> 
     </span>
     <span class='ocr_line' id='line_1_45' title="bbox 144 4249 929 4323; baseline 0.008 -21"><span class='ocrx_word' id='word_1_563' title='bbox 144 4249 262 4305; x_wconf 81' lang='lat' dir='ltr'><strong>ferentur</strong></span> <span class='ocrx_word' id='word_1_564' title='bbox 292 4251 406 4305; x_wconf 77' lang='lat' dir='ltr'><strong>uirtutes</strong></span> <span class='ocrx_word' id='word_1_565' title='bbox 437 4250 588 4318; x_wconf 86' lang='lat' dir='ltr'><strong>dicuntur,</strong></span> <span class='ocrx_word' id='word_1_566' title='bbox 616 4252 767 4307; x_wconf 88' lang='lat' dir='ltr'><strong>secuudum</strong></span> <span class='ocrx_word' id='word_1_567' title='bbox 795 4253 869 4323; x_wconf 90' lang='lat' dir='ltr'><strong>quod</strong></span> <span class='ocrx_word' id='word_1_568' title='bbox 902 4254 929 4308; x_wconf 88' lang='lat' dir='ltr'><strong>in</strong></span> 
     </span>
    </p>
   </div>
   <div class='ocr_carea' id='block_1_6' title="bbox 978 3054 1771 4316">
    <p class='ocr_par' dir='ltr' id='par_1_6' title="bbox 978 3054 1771 4316">
     <span class='ocr_line' id='line_1_46' title="bbox 979 3054 1767 3131; baseline -0.015 -14"><span class='ocrx_word' id='word_1_569' title='bbox 979 3071 1033 3117; x_wconf 91' lang='lat' dir='ltr'><strong>tem</strong></span> <span class='ocrx_word' id='word_1_570' title='bbox 1047 3060 1112 3131; x_wconf 86' lang='lat' dir='ltr'><strong>(mel</strong></span> <span class='ocrx_word' id='word_1_571' title='bbox 1124 3060 1223 3115; x_wconf 82' lang='lat' dir='ltr'><strong>etenim</strong></span> <span class='ocrx_word' id='word_1_572' title='bbox 1239 3057 1324 3129; x_wconf 74' lang='lat' dir='ltr'><strong>gratis</strong></span> <span class='ocrx_word' id='word_1_573' title='bbox 1339 3057 1418 3113; x_wconf 87' lang='lat' dir='ltr'><strong>dulce</strong></span> <span class='ocrx_word' id='word_1_574' title='bbox 1430 3058 1482 3124; x_wconf 84' lang='lat' dir='ltr'><strong>est)</strong></span> <span class='ocrx_word' id='word_1_575' title='bbox 1497 3056 1630 3110; x_wconf 85' lang='lat' dir='ltr'><strong>veraciter·</strong></span> <span class='ocrx_word' id='word_1_576' title='bbox 1645 3054 1672 3108; x_wconf 93' lang='lat' dir='ltr'><strong>in</strong></span> <span class='ocrx_word' id='word_1_577' title='bbox 1683 3067 1767 3108; x_wconf 87' lang='lat' dir='ltr'><strong>carno</strong></span> 
     </span>
     <span class='ocr_line' id='line_1_47' title="bbox 978 3145 1767 3224; baseline -0.016 -13"><span class='ocrx_word' id='word_1_578' title='bbox 978 3154 1142 3224; x_wconf 82' lang='lat' dir='ltr'><strong>experietur,</strong></span> <span class='ocrx_word' id='word_1_579' title='bbox 1159 3160 1296 3223; x_wconf 89' lang='lat' dir='ltr'><strong>quatenus</strong></span> <span class='ocrx_word' id='word_1_580' title='bbox 1318 3148 1485 3221; x_wconf 81' lang='lat' dir='ltr'><strong>experientia</strong></span> <span class='ocrx_word' id='word_1_581' title='bbox 1511 3147 1590 3213; x_wconf 90' lang='lat' dir='ltr'><strong>sciat,</strong></span> <span class='ocrx_word' id='word_1_582' title='bbox 1614 3160 1663 3217; x_wconf 89' lang='lat' dir='ltr'><strong>per</strong></span> <span class='ocrx_word' id='word_1_583' title='bbox 1680 3145 1767 3200; x_wconf 89' lang='lat' dir='ltr'><strong>ratio·</strong></span> 
     </span>
     <span class='ocr_line' id='line_1_48' title="bbox 979 3241 1765 3317; baseline -0.013 -16"><span class='ocrx_word' id='word_1_584' title='bbox 979 3247 1130 3312; x_wconf 76' lang='lat' dir='ltr'><strong>unalitatem,</strong></span> <span class='ocrx_word' id='word_1_585' title='bbox 1147 3245 1248 3317; x_wconf 79' lang='lat' dir='ltr'><strong>eligere</strong></span> <span class='ocrx_word' id='word_1_586' title='bbox 1268 3261 1315 3316; x_wconf 88' lang='lat' dir='ltr'><strong>per</strong></span> <span class='ocrx_word' id='word_1_587' title='bbox 1335 3241 1628 3312; x_wconf 81' lang='lat' dir='ltr'><strong>concupiscibilitatem</strong></span> <span class='ocrx_word' id='word_1_588' title='bbox 1651 3242 1765 3300; x_wconf 86' lang='lat' dir='ltr'><strong>bonurn,</strong></span> 
     </span>
     <span class='ocr_line' id='line_1_49' title="bbox 979 3329 1766 3407; baseline -0.013 -14"><span class='ocrx_word' id='word_1_589' title='bbox 979 3339 1005 3393; x_wconf 90' lang='lat' dir='ltr'><strong>id</strong></span> <span class='ocrx_word' id='word_1_590' title='bbox 1020 3346 1061 3393; x_wconf 87' lang='lat' dir='ltr'><strong>est</strong></span> <span class='ocrx_word' id='word_1_591' title='bbox 1077 3338 1140 3405; x_wconf 90' lang='lat' dir='ltr'><strong>mel,</strong></span> <span class='ocrx_word' id='word_1_592' title='bbox 1151 3348 1177 3391; x_wconf 91' lang='grc' dir='ltr'><strong>ει</strong></span> <span class='ocrx_word' id='word_1_593' title='bbox 1191 3337 1337 3407; x_wconf 87' lang='lat' dir='ltr'><strong>reprobare</strong></span> <span class='ocrx_word' id='word_1_594' title='bbox 1352 3351 1398 3404; x_wconf 89' lang='lat' dir='ltr'><strong>per</strong></span> <span class='ocrx_word' id='word_1_595' title='bbox 1414 3333 1629 3388; x_wconf 87' lang='lat' dir='ltr'><strong>irascibilitatem</strong></span> <span class='ocrx_word' id='word_1_596' title='bbox 1653 3329 1766 3395; x_wconf 86' lang='lat' dir='ltr'><strong>malurn,</strong></span> 
     </span>
     <span class='ocr_line' id='line_1_50' title="bbox 980 3425 1768 3501; baseline -0.005 -16"><span class='ocrx_word' id='word_1_597' title='bbox 980 3433 1005 3486; x_wconf 91' lang='lat' dir='ltr'><strong>id</strong></span> <span class='ocrx_word' id='word_1_598' title='bbox 1021 3441 1062 3488; x_wconf 91' lang='lat' dir='ltr'><strong>est</strong></span> <span class='ocrx_word' id='word_1_599' title='bbox 1081 3433 1221 3501; x_wconf 82' lang='lat' dir='ltr'><strong>butyrum.</strong></span> <span class='ocrx_word' id='word_1_600' title='bbox 1239 3428 1307 3485; x_wconf 92' lang='lat' dir='ltr'><strong>lline</strong></span> <span class='ocrx_word' id='word_1_601' title='bbox 1319 3438 1347 3484; x_wconf 91' lang='lat' dir='ltr'><strong>et</strong></span> <span class='ocrx_word' id='word_1_602' title='bbox 1357 3443 1418 3493; x_wconf 87' lang='lat' dir='ltr'><strong>nos,</strong></span> <span class='ocrx_word' id='word_1_603' title='bbox 1432 3444 1503 3497; x_wconf 89' lang='lat' dir='ltr'><strong>quos</strong></span> <span class='ocrx_word' id='word_1_604' title='bbox 1515 3428 1548 3482; x_wconf 89' lang='lat' dir='ltr'><strong>dc</strong></span> <span class='ocrx_word' id='word_1_605' title='bbox 1562 3425 1652 3496; x_wconf 86' lang='lat' dir='ltr'><strong>seipso</strong></span> <span class='ocrx_word' id='word_1_606' title='bbox 1667 3438 1768 3481; x_wconf 77' lang='lat' dir='ltr'><strong>secun·</strong></span> 
     </span>
     <span class='ocr_line' id='line_1_51' title="bbox 982 3513 1768 3588; baseline -0.006 -15"><span class='ocrx_word' id='word_1_607' title='bbox 982 3520 1047 3574; x_wconf 89' lang='lat' dir='ltr'><strong>dum</strong></span> <span class='ocrx_word' id='word_1_608' title='bbox 1064 3534 1094 3574; x_wconf 90' lang='lat' dir='ltr'><strong>se</strong></span> <span class='ocrx_word' id='word_1_609' title='bbox 1109 3520 1209 3585; x_wconf 89' lang='lat' dir='ltr'><strong>erudit,</strong></span> <span class='ocrx_word' id='word_1_610' title='bbox 1225 3528 1255 3574; x_wconf 92' lang='lat' dir='ltr'><strong>ut</strong></span> <span class='ocrx_word' id='word_1_611' title='bbox 1269 3525 1414 3588; x_wconf 83' lang='lat' dir='ltr'><strong>sequentes</strong></span> <span class='ocrx_word' id='word_1_612' title='bbox 1427 3518 1516 3588; x_wconf 89' lang='lat' dir='ltr'><strong>ipsum</strong></span> <span class='ocrx_word' id='word_1_613' title='bbox 1530 3514 1722 3588; x_wconf 72' lang='lat' dir='ltr'><strong>petroniamus</strong></span> <span class='ocrx_word' id='word_1_614' title='bbox 1732 3513 1768 3568; x_wconf 83' lang='lat' dir='ltr'><strong>ad</strong></span> 
     </span>
     <span class='ocr_line' id='line_1_52' title="bbox 981 3606 1770 3681; baseline -0.008 -14"><span class='ocrx_word' id='word_1_615' title='bbox 981 3614 1087 3681; x_wconf 87' lang='lat' dir='ltr'><strong>ipsum,</strong></span> <span class='ocrx_word' id='word_1_616' title='bbox 1106 3612 1211 3668; x_wconf 85' lang='lat' dir='ltr'><strong>crebris</strong></span> <span class='ocrx_word' id='word_1_617' title='bbox 1227 3611 1450 3666; x_wconf 90' lang='lat' dir='ltr'><strong>tribulationibus</strong></span> <span class='ocrx_word' id='word_1_618' title='bbox 1468 3611 1565 3680; x_wconf 91' lang='lat' dir='ltr'><strong>pascit,</strong></span> <span class='ocrx_word' id='word_1_619' title='bbox 1579 3620 1606 3665; x_wconf 92' lang='grc' dir='ltr'><strong>ει</strong></span> <span class='ocrx_word' id='word_1_620' title='bbox 1629 3606 1770 3664; x_wconf 90' lang='lat' dir='ltr'><strong>nonnullis</strong></span> 
     </span>
     <span class='ocr_line' id='line_1_53' title="bbox 981 3698 1770 3769; baseline -0.005 -14"><span class='ocrx_word' id='word_1_621' title='bbox 981 3700 1218 3755; x_wconf 79' lang='lat' dir='ltr'><strong>consolationibus</strong></span> <span class='ocrx_word' id='word_1_622' title='bbox 1234 3700 1310 3764; x_wconf 87' lang='lat' dir='ltr'><strong>lenit,</strong></span> <span class='ocrx_word' id='word_1_623' title='bbox 1327 3708 1504 3769; x_wconf 84' lang='lat' dir='ltr'><strong>quatenusex</strong></span> <span class='ocrx_word' id='word_1_624' title='bbox 1520 3698 1564 3753; x_wconf 90' lang='lat' dir='ltr'><strong>bis</strong></span> <span class='ocrx_word' id='word_1_625' title='bbox 1576 3715 1636 3769; x_wconf 81' lang='lat' dir='ltr'><strong>quae</strong></span> <span class='ocrx_word' id='word_1_626' title='bbox 1650 3698 1770 3768; x_wconf 88' lang='lat' dir='ltr'><strong>patimur</strong></span> 
     </span>
     <span class='ocr_line' id='line_1_54' title="bbox 981 3788 1770 3860; baseline -0.005 -14"><span class='ocrx_word' id='word_1_627' title='bbox 981 3805 1086 3856; x_wconf 87' lang='lat' dir='ltr'><strong>amara,</strong></span> <span class='ocrx_word' id='word_1_628' title='bbox 1102 3789 1242 3845; x_wconf 89' lang='lat' dir='ltr'><strong>discamus</strong></span> <span class='ocrx_word' id='word_1_629' title='bbox 1260 3789 1354 3860; x_wconf 76' lang='lat' dir='ltr'><strong>lugere</strong></span> <span class='ocrx_word' id='word_1_630' title='bbox 1373 3789 1527 3855; x_wconf 87' lang='lat' dir='ltr'><strong>amariora;</strong></span> <span class='ocrx_word' id='word_1_631' title='bbox 1542 3798 1570 3844; x_wconf 86' lang='lat' dir='ltr'><strong>et</strong></span> <span class='ocrx_word' id='word_1_632' title='bbox 1595 3804 1628 3843; x_wconf 81' lang='lat' dir='ltr'><strong>ea</strong></span> <span class='ocrx_word' id='word_1_633' title='bbox 1641 3788 1685 3843; x_wconf 93' lang='lat' dir='ltr'><strong>bis</strong></span> <span class='ocrx_word' id='word_1_634' title='bbox 1708 3803 1770 3859; x_wconf 73' lang='lat' dir='ltr'><strong>quae</strong></span> 
     </span>
     <span class='ocr_line' id='line_1_55' title="bbox 981 3876 1770 3948; baseline -0.004 -15"><span class='ocrx_word' id='word_1_635' title='bbox 981 3876 1157 3948; x_wconf 79' lang='lat' dir='ltr'><strong>praelibamus</strong></span> <span class='ocrx_word' id='word_1_636' title='bbox 1173 3877 1275 3943; x_wconf 88' lang='lat' dir='ltr'><strong>dulcia,</strong></span> <span class='ocrx_word' id='word_1_637' title='bbox 1293 3876 1450 3931; x_wconf 87' lang='lat' dir='ltr'><strong>desiderare</strong></span> <span class='ocrx_word' id='word_1_638' title='bbox 1465 3877 1600 3932; x_wconf 89' lang='lat' dir='ltr'><strong>dulciora.</strong></span> <span class='ocrx_word' id='word_1_639' title='bbox 1615 3876 1708 3946; x_wconf 88' lang='lat' dir='ltr'><strong>ltaque</strong></span> <span class='ocrx_word' id='word_1_640' title='bbox 1721 3890 1770 3947; x_wconf 87' lang='lat' dir='ltr'><strong>per</strong></span> 
     </span>
     <span class='ocr_line' id='line_1_56' title="bbox 982 3970 1769 4026; baseline -0.001 -2"><span class='ocrx_word' id='word_1_641' title='bbox 982 3971 1222 4026; x_wconf 88' lang='lat' dir='ltr'><strong>rationabilitatem</strong></span> <span class='ocrx_word' id='word_1_642' title='bbox 1235 3970 1334 4025; x_wconf 88' lang='lat' dir='ltr'><strong>babilis</strong></span> <span class='ocrx_word' id='word_1_643' title='bbox 1348 3979 1452 4025; x_wconf 76' lang='lat' dir='ltr'><strong>naturae</strong></span> <span class='ocrx_word' id='word_1_644' title='bbox 1465 3979 1508 4025; x_wconf 90' lang='lat' dir='ltr'><strong>est</strong></span> <span class='ocrx_word' id='word_1_645' title='bbox 1517 3971 1607 4024; x_wconf 77' lang='lat' dir='ltr'><strong>arriana</strong></span> <span class='ocrx_word' id='word_1_646' title='bbox 1619 3970 1769 4025; x_wconf 81' lang='lat' dir='ltr'><strong>illuminari</strong></span> 
     </span>
     <span class='ocr_line' id='line_1_57' title="bbox 982 4059 1770 4132; baseline -0.005 -13"><span class='ocrx_word' id='word_1_647' title='bbox 982 4063 1014 4119; x_wconf 88' lang='lat' dir='ltr'><strong>ad</strong></span> <span class='ocrx_word' id='word_1_648' title='bbox 1030 4061 1146 4132; x_wconf 87' lang='lat' dir='ltr'><strong>aliquid,</strong></span> <span class='ocrx_word' id='word_1_649' title='bbox 1161 4062 1203 4116; x_wconf 86' lang='lat' dir='ltr'><strong>rel</strong></span> <span class='ocrx_word' id='word_1_650' title='bbox 1220 4059 1291 4116; x_wconf 87' lang='lat' dir='ltr'><strong>inira</strong></span> <span class='ocrx_word' id='word_1_651' title='bbox 1310 4077 1350 4127; x_wconf 87' lang='lat' dir='ltr'><strong>se,</strong></span> <span class='ocrx_word' id='word_1_652' title='bbox 1365 4062 1407 4117; x_wconf 81' lang='lat' dir='ltr'><strong>tel</strong></span> <span class='ocrx_word' id='word_1_653' title='bbox 1426 4061 1507 4117; x_wconf 89' lang='lat' dir='ltr'><strong>etiam</strong></span> <span class='ocrx_word' id='word_1_654' title='bbox 1523 4061 1550 4117; x_wconf 92' lang='lat' dir='ltr'><strong>iu</strong></span> <span class='ocrx_word' id='word_1_655' title='bbox 1564 4077 1603 4129; x_wconf 91' lang='lat' dir='ltr'><strong>se,</strong></span> <span class='ocrx_word' id='word_1_656' title='bbox 1617 4061 1728 4131; x_wconf 79' lang='lat' dir='ltr'><strong>etjuxta</strong></span> <span class='ocrx_word' id='word_1_657' title='bbox 1740 4077 1770 4117; x_wconf 87' lang='lat' dir='ltr'><strong>sc</strong></span> 
     </span>
     <span class='ocr_line' id='line_1_58' title="bbox 981 4151 1771 4222; baseline -0.001 -14"><span class='ocrx_word' id='word_1_658' title='bbox 981 4151 1213 4222; x_wconf 76' lang='lat' dir='ltr'><strong>cognoscendum,</strong></span> <span class='ocrx_word' id='word_1_659' title='bbox 1227 4167 1275 4221; x_wconf 90' lang='lat' dir='ltr'><strong>per</strong></span> <span class='ocrx_word' id='word_1_660' title='bbox 1290 4152 1580 4222; x_wconf 81' lang='lat' dir='ltr'><strong>concupiscibilitatem</strong></span> <span class='ocrx_word' id='word_1_661' title='bbox 1597 4168 1662 4208; x_wconf 83' lang='lat' dir='ltr'><strong>reru</strong></span> <span class='ocrx_word' id='word_1_662' title='bbox 1675 4164 1701 4207; x_wconf 93' lang='grc' dir='ltr'><strong>ει</strong></span> <span class='ocrx_word' id='word_1_663' title='bbox 1714 4151 1771 4207; x_wconf 86' lang='lat' dir='ltr'><strong>ira·</strong></span> 
     </span>
     <span class='ocr_line' id='line_1_59' title="bbox 983 4243 1771 4316; baseline 0.003 -17"><span class='ocrx_word' id='word_1_664' title='bbox 983 4243 1154 4300; x_wconf 90' lang='lat' dir='ltr'><strong>scibilitatem</strong></span> <span class='ocrx_word' id='word_1_665' title='bbox 1168 4243 1238 4298; x_wconf 90' lang='lat' dir='ltr'><strong>alllei</strong></span> <span class='ocrx_word' id='word_1_666' title='bbox 1253 4243 1285 4298; x_wconf 90' lang='lat' dir='ltr'><strong>ad</strong></span> <span class='ocrx_word' id='word_1_667' title='bbox 1298 4245 1400 4314; x_wconf 90' lang='lat' dir='ltr'><strong>aliquid</strong></span> <span class='ocrx_word' id='word_1_668' title='bbox 1414 4244 1594 4316; x_wconf 90' lang='lat' dir='ltr'><strong>appetendum</strong></span> <span class='ocrx_word' id='word_1_669' title='bbox 1610 4244 1651 4300; x_wconf 89' lang='lat' dir='ltr'><strong>vel</strong></span> <span class='ocrx_word' id='word_1_670' title='bbox 1665 4244 1771 4315; x_wconf 79' lang='lat' dir='ltr'><strong>lugien-</strong></span> 
     </span>
    </p>
   </div>
   <div class='ocr_carea' id='block_1_7' title="bbox 144 4334 1771 4415">
    <p class='ocr_par' dir='ltr' id='par_1_7' title="bbox 144 4334 1771 4415">
     <span class='ocr_line' id='line_1_60' title="bbox 144 4334 1771 4415; baseline 0.004 -31"><span class='ocrx_word' id='word_1_671' title='bbox 144 4340 290 4413; x_wconf 69' lang='lat' dir='ltr'><strong>Eq&#39;qngeliq</strong></span> <span class='ocrx_word' id='word_1_672' title='bbox 316 4341 417 4397; x_wconf 69' lang='lat' dir='ltr'><strong>[alcuba</strong></span> <span class='ocrx_word' id='word_1_673' title='bbox 439 4341 586 4408; x_wconf 67' lang='lat' dir='ltr'><strong>donantur,</strong></span> <span class='ocrx_word' id='word_1_674' title='bbox 616 4343 766 4399; x_wconf 74' lang='lat' dir='ltr'><strong>secundum</strong></span> <span class='ocrx_word' id='word_1_675' title='bbox 792 4345 930 4415; x_wconf 73' lang='lat' dir='ltr'><strong>propriam</strong></span> <span class='ocrx_word' id='word_1_676' title='bbox 947 4336 969 4389; x_wconf 84' lang='grc'><strong>7)</strong></span> <span class='ocrx_word' id='word_1_677' title='bbox 984 4335 1060 4399; x_wconf 87' lang='lat' dir='ltr'><strong>duur,</strong></span> <span class='ocrx_word' id='word_1_678' title='bbox 1077 4336 1225 4390; x_wconf 71' lang='lat' dir='ltr'><strong>amandum</strong></span> <span class='ocrx_word' id='word_1_679' title='bbox 1248 4336 1291 4390; x_wconf 76' lang='lat' dir='ltr'><strong>Vel</strong></span> <span class='ocrx_word' id='word_1_680' title='bbox 1315 4336 1474 4391; x_wconf 67' lang='lat' dir='ltr'><strong>odiendum.</strong></span> <span class='ocrx_word' id='word_1_681' title='bbox 1501 4334 1538 4391; x_wconf 76' lang='lat' dir='ltr'><strong>De</strong></span> <span class='ocrx_word' id='word_1_682' title='bbox 1559 4336 1771 4393; x_wconf 86' lang='lat' dir='ltr'><strong>rationabilitate</strong></span> 
     </span>
    </p>
   </div>
   <div class='ocr_carea' id='block_1_8' title="bbox 144 4434 932 4686">
    <p class='ocr_par' dir='ltr' id='par_1_8' title="bbox 144 4434 932 4686">
     <span class='ocr_line' id='line_1_61' title="bbox 144 4434 931 4505; baseline 0.008 -18"><span class='ocrx_word' id='word_1_683' title='bbox 144 4434 359 4504; x_wconf 85' lang='lat' dir='ltr'><strong>uniuscnjusque</strong></span> <span class='ocrx_word' id='word_1_684' title='bbox 372 4435 499 4489; x_wconf 85' lang='lat' dir='ltr'><strong>virtutem</strong></span> <span class='ocrx_word' id='word_1_685' title='bbox 512 4434 621 4505; x_wconf 82' lang='lat' dir='ltr'><strong>(lluttlr.</strong></span> <span class='ocrx_word' id='word_1_686' title='bbox 639 4436 715 4505; x_wconf 84' lang='lat' dir='ltr'><strong>xxv).</strong></span> <span class='ocrx_word' id='word_1_687' title='bbox 735 4436 757 4489; x_wconf 84' lang='grc' dir='ltr'><strong>Λ</strong></span> <span class='ocrx_word' id='word_1_688' title='bbox 776 4437 879 4492; x_wconf 80' lang='lat' dir='ltr'><strong>viribus</strong></span> <span class='ocrx_word' id='word_1_689' title='bbox 891 4446 931 4493; x_wconf 88' lang='lat' dir='ltr'><strong>ta·</strong></span> 
     </span>
     <span class='ocr_line' id='line_1_62' title="bbox 144 4525 932 4594; baseline 0.005 -14"><span class='ocrx_word' id='word_1_690' title='bbox 144 4541 206 4580; x_wconf 90' lang='lat' dir='ltr'><strong>men</strong></span> <span class='ocrx_word' id='word_1_691' title='bbox 219 4525 333 4580; x_wconf 85' lang='lat' dir='ltr'><strong>virtuosi</strong></span> <span class='ocrx_word' id='word_1_692' title='bbox 348 4526 569 4594; x_wconf 86' lang='lat' dir='ltr'><strong>denominantur,</strong></span> <span class='ocrx_word' id='word_1_693' title='bbox 585 4536 614 4582; x_wconf 90' lang='grc' dir='ltr'><strong>ιιι</strong></span> <span class='ocrx_word' id='word_1_694' title='bbox 628 4543 643 4583; x_wconf 85' lang='lat' dir='ltr'><strong>a</strong></span> <span class='ocrx_word' id='word_1_695' title='bbox 658 4529 756 4584; x_wconf 85' lang='lat' dir='ltr'><strong>virtute</strong></span> <span class='ocrx_word' id='word_1_696' title='bbox 779 4529 842 4585; x_wconf 88' lang='lat' dir='ltr'><strong>licet</strong></span> <span class='ocrx_word' id='word_1_697' title='bbox 859 4529 932 4584; x_wconf 88' lang='lat' dir='ltr'><strong>indi·-</strong></span> 
     </span>
     <span class='ocr_line' id='line_1_63' title="bbox 145 4613 932 4686; baseline 0.008 -18"><span class='ocrx_word' id='word_1_698' title='bbox 145 4625 218 4669; x_wconf 90' lang='lat' dir='ltr'><strong>recte</strong></span> <span class='ocrx_word' id='word_1_699' title='bbox 241 4613 367 4671; x_wconf 88' lang='lat' dir='ltr'><strong>studiosi.</strong></span> <span class='ocrx_word' id='word_1_700' title='bbox 391 4614 485 4686; x_wconf 86' lang='lat' dir='ltr'><strong>Neque</strong></span> <span class='ocrx_word' id='word_1_701' title='bbox 503 4616 576 4671; x_wconf 87' lang='lat' dir='ltr'><strong>euim</strong></span> <span class='ocrx_word' id='word_1_702' title='bbox 600 4618 724 4672; x_wconf 90' lang='lat' dir='ltr'><strong>omnium</strong></span> <span class='ocrx_word' id='word_1_703' title='bbox 749 4617 932 4675; x_wconf 80' lang='lat' dir='ltr'><strong>ontnesrircs</strong></span> 
     </span>
    </p>
   </div>
   <div class='ocr_carea' id='block_1_9' title="bbox 145 4706 933 4864">
    <p class='ocr_par' dir='ltr' id='par_1_9' title="bbox 145 4706 933 4864">
     <span class='ocr_line' id='line_1_64' title="bbox 145 4706 933 4777; baseline 0.006 -19"><span class='ocrx_word' id='word_1_704' title='bbox 145 4706 232 4774; x_wconf 77' lang='lat' dir='ltr'><strong>pratia</strong></span> <span class='ocrx_word' id='word_1_705' title='bbox 247 4721 296 4761; x_wconf 85' lang='lat' dir='ltr'><strong>sua</strong></span> <span class='ocrx_word' id='word_1_706' title='bbox 311 4706 406 4777; x_wconf 85' lang='lat' dir='ltr'><strong>replet,</strong></span> <span class='ocrx_word' id='word_1_707' title='bbox 425 4706 472 4776; x_wconf 92' lang='lat' dir='ltr'><strong>qni</strong></span> <span class='ocrx_word' id='word_1_708' title='bbox 489 4706 647 4776; x_wconf 89' lang='lat' dir='ltr'><strong>unicnique,</strong></span> <span class='ocrx_word' id='word_1_709' title='bbox 666 4716 747 4776; x_wconf 88' lang='lat' dir='ltr'><strong>prout</strong></span> <span class='ocrx_word' id='word_1_710' title='bbox 760 4710 825 4775; x_wconf 81' lang='lat' dir='ltr'><strong>vult,</strong></span> <span class='ocrx_word' id='word_1_711' title='bbox 840 4710 933 4764; x_wconf 89' lang='lat' dir='ltr'><strong>distri·</strong></span> 
     </span>
     <span class='ocr_line' id='line_1_65' title="bbox 146 4794 933 4864; baseline 0.01 -17"><span class='ocrx_word' id='word_1_712' title='bbox 146 4794 223 4861; x_wconf 90' lang='lat' dir='ltr'><strong>buit;</strong></span> <span class='ocrx_word' id='word_1_713' title='bbox 238 4795 285 4850; x_wconf 90' lang='lat' dir='ltr'><strong>sed</strong></span> <span class='ocrx_word' id='word_1_714' title='bbox 299 4795 418 4849; x_wconf 84' lang='lat' dir='ltr'><strong>aliorum</strong></span> <span class='ocrx_word' id='word_1_715' title='bbox 434 4795 514 4860; x_wconf 91' lang='lat' dir='ltr'><strong>alias,</strong></span> <span class='ocrx_word' id='word_1_716' title='bbox 529 4804 557 4850; x_wconf 93' lang='lat' dir='ltr'><strong>et</strong></span> <span class='ocrx_word' id='word_1_717' title='bbox 570 4796 639 4850; x_wconf 88' lang='lat' dir='ltr'><strong>alias</strong></span> <span class='ocrx_word' id='word_1_718' title='bbox 649 4795 766 4851; x_wconf 88' lang='lat' dir='ltr'><strong>aliorum</strong></span> <span class='ocrx_word' id='word_1_719' title='bbox 777 4814 785 4864; x_wconf 90' lang='grc'><strong>;</strong></span> <span class='ocrx_word' id='word_1_720' title='bbox 798 4798 933 4856; x_wconf 83' lang='lat' dir='ltr'><strong>beatiores</strong></span> 
     </span>
    </p>
   </div>
   <div class='ocr_carea' id='block_1_10' title="bbox 146 4886 935 5696">
    <p class='ocr_par' dir='ltr' id='par_1_10' title="bbox 146 4886 935 5696">
     <span class='ocr_line' id='line_1_66' title="bbox 146 4886 933 4958; baseline 0.013 -19"><span class='ocrx_word' id='word_1_721' title='bbox 146 4895 235 4940; x_wconf 80' lang='lat' dir='ltr'><strong>autent</strong></span> <span class='ocrx_word' id='word_1_722' title='bbox 253 4886 387 4956; x_wconf 91' lang='lat' dir='ltr'><strong>pluribus,</strong></span> <span class='ocrx_word' id='word_1_723' title='bbox 403 4888 425 4942; x_wconf 87' lang='lat' dir='ltr'><strong>si</strong></span> <span class='ocrx_word' id='word_1_724' title='bbox 439 4898 529 4942; x_wconf 87' lang='lat' dir='ltr'><strong>tamen</strong></span> <span class='ocrx_word' id='word_1_725' title='bbox 544 4887 703 4945; x_wconf 87' lang='lat' dir='ltr'><strong>melioribus</strong></span> <span class='ocrx_word' id='word_1_726' title='bbox 718 4889 868 4958; x_wconf 86' lang='lat' dir='ltr'><strong>abundant,</strong></span> <span class='ocrx_word' id='word_1_727' title='bbox 880 4892 933 4949; x_wconf 85' lang='lat' dir='ltr'><strong>sie-</strong></span> 
     </span>
     <span class='ocr_line' id='line_1_67' title="bbox 147 4977 933 5047; baseline 0.008 -16"><span class='ocrx_word' id='word_1_728' title='bbox 147 4988 176 5031; x_wconf 90' lang='lat' dir='ltr'><strong>nt</strong></span> <span class='ocrx_word' id='word_1_729' title='bbox 190 4977 228 5032; x_wconf 87' lang='lat' dir='ltr'><strong>ait</strong></span> <span class='ocrx_word' id='word_1_730' title='bbox 244 4979 391 5047; x_wconf 75' lang='lat' dir='ltr'><strong>Apostolus</strong></span> <span class='ocrx_word' id='word_1_731' title='bbox 410 4996 416 5032; x_wconf 92' lang='lat'>:</span> <span class='ocrx_word' id='word_1_732' title='bbox 435 4978 615 5033; x_wconf 83' lang='lat' dir='ltr'><strong>AEmulunn&#39;nt&#39;</strong></span> <span class='ocrx_word' id='word_1_733' title='bbox 635 4979 802 5034; x_wconf 79' lang='lat' dir='ltr'><strong>clantiantata</strong></span> <span class='ocrx_word' id='word_1_734' title='bbox 824 4981 933 5037; x_wconf 83' lang='lat' dir='ltr'><strong>nreb&#39;nru</strong></span> 
     </span>
     <span class='ocr_line' id='line_1_68' title="bbox 147 5069 934 5142; baseline 0.006 -18"><span class='ocrx_word' id='word_1_735' title='bbox 147 5069 174 5139; x_wconf 81' lang='lat' dir='ltr'><strong>(l</strong></span> <span class='ocrx_word' id='word_1_736' title='bbox 190 5070 252 5125; x_wconf 81' lang='lat' dir='ltr'><strong>Cor.</strong></span> <span class='ocrx_word' id='word_1_737' title='bbox 276 5072 335 5139; x_wconf 81' lang='lat' dir='ltr'><strong>arr).</strong></span> <span class='ocrx_word' id='word_1_738' title='bbox 361 5070 494 5125; x_wconf 84' lang='lat' dir='ltr'><strong>[laurinus</strong></span> <span class='ocrx_word' id='word_1_739' title='bbox 518 5080 609 5125; x_wconf 88' lang='lat' dir='ltr'><strong>autem</strong></span> <span class='ocrx_word' id='word_1_740' title='bbox 631 5069 722 5137; x_wconf 86' lang='lat' dir='ltr'><strong>lesus,</strong></span> <span class='ocrx_word' id='word_1_741' title='bbox 740 5071 819 5142; x_wconf 80' lang='lat' dir='ltr'><strong>cujus</strong></span> <span class='ocrx_word' id='word_1_742' title='bbox 839 5087 934 5141; x_wconf 80' lang='lat' dir='ltr'><strong>enarres</strong></span> 
     </span>
     <span class='ocr_line' id='line_1_69' title="bbox 147 5160 934 5233; baseline 0.008 -18"><span class='ocrx_word' id='word_1_743' title='bbox 147 5160 246 5216; x_wconf 77' lang='lat' dir='ltr'><strong>animae</strong></span> <span class='ocrx_word' id='word_1_744' title='bbox 261 5161 332 5216; x_wconf 75' lang='lat' dir='ltr'><strong>sires</strong></span> <span class='ocrx_word' id='word_1_745' title='bbox 347 5160 449 5215; x_wconf 72' lang='lat' dir='ltr'><strong>indutae</strong></span> <span class='ocrx_word' id='word_1_746' title='bbox 462 5169 526 5217; x_wconf 85' lang='lat' dir='ltr'><strong>sunt</strong></span> <span class='ocrx_word' id='word_1_747' title='bbox 540 5160 641 5217; x_wconf 82' lang='lat' dir='ltr'><strong>virtute</strong></span> <span class='ocrx_word' id='word_1_748' title='bbox 653 5177 687 5217; x_wconf 83' lang='lat' dir='ltr'><strong>cx</strong></span> <span class='ocrx_word' id='word_1_749' title='bbox 701 5163 769 5230; x_wconf 91' lang='lat' dir='ltr'><strong>alto,</strong></span> <span class='ocrx_word' id='word_1_750' title='bbox 781 5164 878 5233; x_wconf 90' lang='lat' dir='ltr'><strong>plenus</strong></span> <span class='ocrx_word' id='word_1_751' title='bbox 889 5165 934 5220; x_wconf 92' lang='lat' dir='ltr'><strong>di·</strong></span> 
     </span>
     <span class='ocr_line' id='line_1_70' title="bbox 147 5249 935 5325; baseline 0.006 -20"><span class='ocrx_word' id='word_1_752' title='bbox 147 5252 218 5306; x_wconf 90' lang='lat' dir='ltr'><strong>citur</strong></span> <span class='ocrx_word' id='word_1_753' title='bbox 234 5249 336 5321; x_wconf 88' lang='lat' dir='ltr'><strong>Spiritu</strong></span> <span class='ocrx_word' id='word_1_754' title='bbox 351 5260 448 5307; x_wconf 86' lang='lat' dir='ltr'><strong>saneto</strong></span> <span class='ocrx_word' id='word_1_755' title='bbox 464 5251 541 5319; x_wconf 77' lang='lat' dir='ltr'><strong>(Lare.</strong></span> <span class='ocrx_word' id='word_1_756' title='bbox 565 5252 613 5323; x_wconf 84' lang='grc' dir='ltr'>ιι),</span> <span class='ocrx_word' id='word_1_757' title='bbox 630 5257 783 5324; x_wconf 88' lang='lat' dir='ltr'><strong>plenusque</strong></span> <span class='ocrx_word' id='word_1_758' title='bbox 799 5256 892 5325; x_wconf 68' lang='lat' dir='ltr'><strong>gratias</strong></span> <span class='ocrx_word' id='word_1_759' title='bbox 907 5266 935 5312; x_wconf 92' lang='lat' dir='ltr'><strong>et</strong></span> 
     </span>
     <span class='ocr_line' id='line_1_71' title="bbox 147 5344 935 5418; baseline 0.013 -21"><span class='ocrx_word' id='word_1_760' title='bbox 147 5345 280 5410; x_wconf 87' lang='lat' dir='ltr'><strong>veritatis,</strong></span> <span class='ocrx_word' id='word_1_761' title='bbox 297 5344 418 5401; x_wconf 83' lang='lat' dir='ltr'><strong>tortasse</strong></span> <span class='ocrx_word' id='word_1_762' title='bbox 429 5346 516 5414; x_wconf 86' lang='lat' dir='ltr'><strong>solus,</strong></span> <span class='ocrx_word' id='word_1_763' title='bbox 528 5347 561 5401; x_wconf 86' lang='lat' dir='ltr'><strong>de</strong></span> <span class='ocrx_word' id='word_1_764' title='bbox 573 5348 655 5418; x_wconf 82' lang='lat' dir='ltr'><strong>cujus</strong></span> <span class='ocrx_word' id='word_1_765' title='bbox 669 5348 839 5417; x_wconf 86' lang='lat' dir='ltr'><strong>plenitudine</strong></span> <span class='ocrx_word' id='word_1_766' title='bbox 854 5365 935 5407; x_wconf 87' lang='lat' dir='ltr'><strong>acee-</strong></span> 
     </span>
     <span class='ocr_line' id='line_1_72' title="bbox 147 5436 935 5509; baseline 0.008 -18"><span class='ocrx_word' id='word_1_767' title='bbox 147 5438 247 5508; x_wconf 75' lang='lat' dir='ltr'><strong>pimuS.</strong></span> <span class='ocrx_word' id='word_1_768' title='bbox 263 5436 333 5491; x_wconf 90' lang='lat' dir='ltr'><strong>Sunt</strong></span> <span class='ocrx_word' id='word_1_769' title='bbox 344 5437 426 5509; x_wconf 80' lang='lat' dir='ltr'><strong>igitur</strong></span> <span class='ocrx_word' id='word_1_770' title='bbox 437 5439 560 5508; x_wconf 86' lang='lat' dir='ltr'><strong>corporis</strong></span> <span class='ocrx_word' id='word_1_771' title='bbox 573 5448 601 5495; x_wconf 92' lang='lat' dir='ltr'><strong>et</strong></span> <span class='ocrx_word' id='word_1_772' title='bbox 616 5440 754 5496; x_wconf 86' lang='lat' dir='ltr'><strong>naturalia</strong></span> <span class='ocrx_word' id='word_1_773' title='bbox 765 5449 794 5496; x_wconf 91' lang='lat' dir='ltr'><strong>et</strong></span> <span class='ocrx_word' id='word_1_774' title='bbox 808 5442 935 5497; x_wconf 88' lang='lat' dir='ltr'><strong>acciden-</strong></span> 
     </span>
     <span class='ocr_line' id='line_1_73' title="bbox 148 5529 935 5603; baseline 0.004 -17"><span class='ocrx_word' id='word_1_775' title='bbox 148 5530 212 5586; x_wconf 89' lang='lat' dir='ltr'><strong>talia</strong></span> <span class='ocrx_word' id='word_1_776' title='bbox 225 5548 232 5597; x_wconf 95' lang='lat'>;</span> <span class='ocrx_word' id='word_1_777' title='bbox 247 5529 294 5586; x_wconf 91' lang='lat' dir='ltr'><strong>sed</strong></span> <span class='ocrx_word' id='word_1_778' title='bbox 311 5529 381 5586; x_wconf 90' lang='lat' dir='ltr'><strong>nibil</strong></span> <span class='ocrx_word' id='word_1_779' title='bbox 395 5532 494 5586; x_wconf 90' lang='lat' dir='ltr'><strong>borum</strong></span> <span class='ocrx_word' id='word_1_780' title='bbox 513 5548 624 5603; x_wconf 90' lang='lat' dir='ltr'><strong>corpus.</strong></span> <span class='ocrx_word' id='word_1_781' title='bbox 644 5531 691 5588; x_wconf 86' lang='lat' dir='ltr'><strong>bei</strong></span> <span class='ocrx_word' id='word_1_782' title='bbox 710 5548 775 5589; x_wconf 79' lang='lat' dir='ltr'><strong>uero</strong></span> <span class='ocrx_word' id='word_1_783' title='bbox 791 5548 840 5589; x_wconf 89' lang='lat' dir='ltr'><strong>nec</strong></span> <span class='ocrx_word' id='word_1_784' title='bbox 860 5543 935 5589; x_wconf 90' lang='lat' dir='ltr'><strong>natu·</strong></span> 
     </span>
     <span class='ocr_line' id='line_1_74' title="bbox 149 5620 934 5696; baseline 0.003 -17"><span class='ocrx_word' id='word_1_785' title='bbox 149 5622 227 5694; x_wconf 79' lang='lat' dir='ltr'><strong>ralia,</strong></span> <span class='ocrx_word' id='word_1_786' title='bbox 243 5636 292 5679; x_wconf 88' lang='lat' dir='ltr'><strong>nec</strong></span> <span class='ocrx_word' id='word_1_787' title='bbox 304 5620 495 5693; x_wconf 88' lang='lat' dir='ltr'><strong>accidentalia,</strong></span> <span class='ocrx_word' id='word_1_788' title='bbox 508 5624 555 5680; x_wconf 85' lang='lat' dir='ltr'><strong>scd</strong></span> <span class='ocrx_word' id='word_1_789' title='bbox 569 5632 666 5696; x_wconf 87' lang='lat' dir='ltr'><strong>toturn,</strong></span> <span class='ocrx_word' id='word_1_790' title='bbox 678 5633 705 5681; x_wconf 90' lang='lat' dir='ltr'><strong>et</strong></span> <span class='ocrx_word' id='word_1_791' title='bbox 717 5626 806 5685; x_wconf 87' lang='lat' dir='ltr'><strong>solum</strong></span> <span class='ocrx_word' id='word_1_792' title='bbox 822 5634 848 5682; x_wconf 86' lang='lat' dir='ltr'><strong>ct</strong></span> <span class='ocrx_word' id='word_1_793' title='bbox 863 5641 934 5682; x_wconf 82' lang='lat' dir='ltr'><strong>scin·</strong></span> 
     </span>
    </p>
   </div>
   <div class='ocr_carea' id='block_1_11' title="bbox 983 4426 1835 5695">
    <p class='ocr_par' dir='ltr' id='par_1_11' title="bbox 983 4426 1835 5695">
     <span class='ocr_line' id='line_1_75' title="bbox 984 4426 1771 4497; baseline 0.004 -17"><span class='ocrx_word' id='word_1_794' title='bbox 984 4426 1067 4497; x_wconf 72' lang='lat' dir='ltr'><strong>igitur</strong></span> <span class='ocrx_word' id='word_1_795' title='bbox 1083 4427 1173 4481; x_wconf 88' lang='lat' dir='ltr'><strong>omnis</strong></span> <span class='ocrx_word' id='word_1_796' title='bbox 1197 4431 1285 4482; x_wconf 88' lang='lat' dir='ltr'><strong>oritur</strong></span> <span class='ocrx_word' id='word_1_797' title='bbox 1300 4426 1399 4482; x_wconf 77' lang='lat' dir='ltr'><strong>anitum</strong></span> <span class='ocrx_word' id='word_1_798' title='bbox 1414 4443 1528 4494; x_wconf 90' lang='lat' dir='ltr'><strong>sensus;</strong></span> <span class='ocrx_word' id='word_1_799' title='bbox 1552 4428 1585 4483; x_wconf 88' lang='lat' dir='ltr'><strong>de</strong></span> <span class='ocrx_word' id='word_1_800' title='bbox 1607 4429 1668 4483; x_wconf 90' lang='lat' dir='ltr'><strong>aliis</strong></span> <span class='ocrx_word' id='word_1_801' title='bbox 1679 4429 1771 4485; x_wconf 89' lang='lat' dir='ltr'><strong>omnis</strong></span> 
     </span>
     <span class='ocr_line' id='line_1_76' title="bbox 983 4518 1770 4591; baseline -0.003 -16"><span class='ocrx_word' id='word_1_802' title='bbox 983 4519 1105 4575; x_wconf 74' lang='lat' dir='ltr'><strong>aelectus.</strong></span> <span class='ocrx_word' id='word_1_803' title='bbox 1130 4518 1250 4574; x_wconf 75' lang='lat' dir='ltr'><strong>Allectus</strong></span> <span class='ocrx_word' id='word_1_804' title='bbox 1271 4535 1337 4575; x_wconf 85' lang='lat' dir='ltr'><strong>rcro</strong></span> <span class='ocrx_word' id='word_1_805' title='bbox 1362 4519 1576 4590; x_wconf 84' lang='lat' dir='ltr'><strong>quadripertitus</strong></span> <span class='ocrx_word' id='word_1_806' title='bbox 1595 4535 1655 4576; x_wconf 91' lang='lat' dir='ltr'><strong>esse</strong></span> <span class='ocrx_word' id='word_1_807' title='bbox 1671 4519 1770 4591; x_wconf 78' lang='lat' dir='ltr'><strong>digno-</strong></span> 
     </span>
     <span class='ocr_line' id='line_1_77' title="bbox 983 4613 1771 4684; baseline -0.001 -14"><span class='ocrx_word' id='word_1_808' title='bbox 983 4615 1080 4682; x_wconf 89' lang='lat' dir='ltr'><strong>scitur,</strong></span> <span class='ocrx_word' id='word_1_809' title='bbox 1098 4614 1163 4669; x_wconf 86' lang='lat' dir='ltr'><strong>dunt</strong></span> <span class='ocrx_word' id='word_1_810' title='bbox 1182 4614 1216 4669; x_wconf 92' lang='lat' dir='ltr'><strong>de</strong></span> <span class='ocrx_word' id='word_1_811' title='bbox 1235 4629 1268 4669; x_wconf 92' lang='lat' dir='ltr'><strong>eo</strong></span> <span class='ocrx_word' id='word_1_812' title='bbox 1289 4614 1361 4684; x_wconf 90' lang='lat' dir='ltr'><strong>qnod</strong></span> <span class='ocrx_word' id='word_1_813' title='bbox 1380 4613 1531 4684; x_wconf 82' lang='lat' dir='ltr'><strong>diligimus,</strong></span> <span class='ocrx_word' id='word_1_814' title='bbox 1555 4621 1602 4668; x_wconf 91' lang='lat' dir='ltr'><strong>aut</strong></span> <span class='ocrx_word' id='word_1_815' title='bbox 1621 4613 1771 4684; x_wconf 76' lang='lat' dir='ltr'><strong>inpraesen-</strong></span> 
     </span>
     <span class='ocr_line' id='line_1_78' title="bbox 984 4705 1835 4777; baseline 0.001 -15"><span class='ocrx_word' id='word_1_816' title='bbox 984 4709 1081 4762; x_wconf 84' lang='lat' dir='ltr'><strong>tiarnna</strong></span> <span class='ocrx_word' id='word_1_817' title='bbox 1099 4705 1261 4777; x_wconf 80' lang='lat' dir='ltr'><strong>gaudemus,</strong></span> <span class='ocrx_word' id='word_1_818' title='bbox 1282 4714 1330 4760; x_wconf 90' lang='lat' dir='ltr'><strong>aut</strong></span> <span class='ocrx_word' id='word_1_819' title='bbox 1346 4705 1468 4759; x_wconf 89' lang='lat' dir='ltr'><strong>loturum</strong></span> <span class='ocrx_word' id='word_1_820' title='bbox 1494 4720 1647 4775; x_wconf 86' lang='lat' dir='ltr'><strong>speramns,</strong></span> <span class='ocrx_word' id='word_1_821' title='bbox 1669 4715 1717 4760; x_wconf 89' lang='lat' dir='ltr'><strong>aut</strong></span> <span class='ocrx_word' id='word_1_822' title='bbox 1737 4707 1771 4761; x_wconf 88' lang='lat' dir='ltr'><strong>de</strong></span> <span class='ocrx_word' id='word_1_823' title='bbox 1830 4748 1835 4763; x_wconf 82' lang='grc'>,</span> 
     </span>
     <span class='ocr_line' id='line_1_79' title="bbox 983 4796 1771 4867; baseline 0 -15"><span class='ocrx_word' id='word_1_824' title='bbox 983 4812 1017 4852; x_wconf 92' lang='lat' dir='ltr'><strong>eo</strong></span> <span class='ocrx_word' id='word_1_825' title='bbox 1031 4798 1104 4867; x_wconf 88' lang='lat' dir='ltr'><strong>quod</strong></span> <span class='ocrx_word' id='word_1_826' title='bbox 1116 4797 1235 4862; x_wconf 87' lang='lat' dir='ltr'><strong>odimus,</strong></span> <span class='ocrx_word' id='word_1_827' title='bbox 1248 4796 1305 4866; x_wconf 78' lang='lat' dir='ltr'><strong>iana</strong></span> <span class='ocrx_word' id='word_1_828' title='bbox 1319 4796 1454 4863; x_wconf 89' lang='lat' dir='ltr'><strong>dolemus,</strong></span> <span class='ocrx_word' id='word_1_829' title='bbox 1469 4805 1517 4851; x_wconf 90' lang='lat' dir='ltr'><strong>aut</strong></span> <span class='ocrx_word' id='word_1_830' title='bbox 1530 4797 1677 4853; x_wconf 89' lang='lat' dir='ltr'><strong>dolendum</strong></span> <span class='ocrx_word' id='word_1_831' title='bbox 1693 4798 1771 4852; x_wconf 81' lang='lat' dir='ltr'><strong>tinte-</strong></span> 
     </span>
     <span class='ocr_line' id='line_1_80' title="bbox 983 4889 1772 4961; baseline -0.001 -17"><span class='ocrx_word' id='word_1_832' title='bbox 983 4906 1055 4957; x_wconf 92' lang='lat' dir='ltr'><strong>mus,</strong></span> <span class='ocrx_word' id='word_1_833' title='bbox 1072 4905 1105 4944; x_wconf 90' lang='lat' dir='ltr'><strong>ac</strong></span> <span class='ocrx_word' id='word_1_834' title='bbox 1117 4904 1166 4959; x_wconf 90' lang='lat' dir='ltr'><strong>per</strong></span> <span class='ocrx_word' id='word_1_835' title='bbox 1182 4891 1234 4945; x_wconf 92' lang='lat' dir='ltr'><strong>boe</strong></span> <span class='ocrx_word' id='word_1_836' title='bbox 1258 4889 1292 4944; x_wconf 87' lang='lat' dir='ltr'><strong>de</strong></span> <span class='ocrx_word' id='word_1_837' title='bbox 1313 4889 1578 4958; x_wconf 89' lang='lat' dir='ltr'><strong>concupiscibilitate</strong></span> <span class='ocrx_word' id='word_1_838' title='bbox 1591 4889 1719 4961; x_wconf 78' lang='lat' dir='ltr'><strong>gaudium</strong></span> <span class='ocrx_word' id='word_1_839' title='bbox 1744 4899 1772 4944; x_wconf 89' lang='grc' dir='ltr'><strong>ει</strong></span> 
     </span>
     <span class='ocr_line' id='line_1_81' title="bbox 984 4977 1769 5049; baseline -0.004 -14"><span class='ocrx_word' id='word_1_840' title='bbox 984 4995 1057 5049; x_wconf 83' lang='grc' dir='ltr'>ερεε,</span> <span class='ocrx_word' id='word_1_841' title='bbox 1072 4979 1106 5034; x_wconf 93' lang='lat' dir='ltr'><strong>de</strong></span> <span class='ocrx_word' id='word_1_842' title='bbox 1122 4978 1309 5034; x_wconf 87' lang='lat' dir='ltr'><strong>irascibilitate</strong></span> <span class='ocrx_word' id='word_1_843' title='bbox 1320 4992 1387 5033; x_wconf 80' lang='lat' dir='ltr'><strong>uero</strong></span> <span class='ocrx_word' id='word_1_844' title='bbox 1404 4977 1483 5033; x_wconf 89' lang='lat' dir='ltr'><strong>dolor</strong></span> <span class='ocrx_word' id='word_1_845' title='bbox 1496 4986 1523 5033; x_wconf 89' lang='lat' dir='ltr'><strong>ct</strong></span> <span class='ocrx_word' id='word_1_846' title='bbox 1533 4989 1622 5034; x_wconf 89' lang='lat' dir='ltr'><strong>mutus</strong></span> <span class='ocrx_word' id='word_1_847' title='bbox 1632 4981 1769 5033; x_wconf 86' lang='lat' dir='ltr'><strong>oriuntur.</strong></span> 
     </span>
     <span class='ocr_line' id='line_1_82' title="bbox 983 5070 1822 5143; baseline 0 -17"><span class='ocrx_word' id='word_1_848' title='bbox 983 5073 1036 5139; x_wconf 80' lang='lat' dir='ltr'><strong>Qui</strong></span> <span class='ocrx_word' id='word_1_849' title='bbox 1047 5072 1156 5143; x_wconf 87' lang='lat' dir='ltr'><strong>quidem</strong></span> <span class='ocrx_word' id='word_1_850' title='bbox 1170 5080 1288 5143; x_wconf 90' lang='lat' dir='ltr'><strong>quatuor</strong></span> <span class='ocrx_word' id='word_1_851' title='bbox 1311 5070 1424 5129; x_wconf 89' lang='lat' dir='ltr'><strong>allectus</strong></span> <span class='ocrx_word' id='word_1_852' title='bbox 1447 5071 1545 5128; x_wconf 67' lang='lat' dir='ltr'><strong>animae</strong></span> <span class='ocrx_word' id='word_1_853' title='bbox 1561 5072 1683 5129; x_wconf 90' lang='lat' dir='ltr'><strong>omnium</strong></span> <span class='ocrx_word' id='word_1_854' title='bbox 1706 5081 1772 5129; x_wconf 89' lang='lat' dir='ltr'><strong>suut</strong></span> <span class='ocrx_word' id='word_1_855' title='bbox 1821 5088 1822 5093; x_wconf 49' lang='lat'>¹</span> 
     </span>
     <span class='ocr_line' id='line_1_83' title="bbox 984 5164 1772 5236; baseline 0.003 -17"><span class='ocrx_word' id='word_1_856' title='bbox 984 5165 1113 5220; x_wconf 84' lang='lat' dir='ltr'><strong>vitiorum</strong></span> <span class='ocrx_word' id='word_1_857' title='bbox 1134 5173 1181 5219; x_wconf 88' lang='lat' dir='ltr'><strong>ant</strong></span> <span class='ocrx_word' id='word_1_858' title='bbox 1193 5164 1325 5218; x_wconf 88' lang='lat' dir='ltr'><strong>rirtntum</strong></span> <span class='ocrx_word' id='word_1_859' title='bbox 1340 5166 1417 5235; x_wconf 89' lang='lat' dir='ltr'><strong>quasi</strong></span> <span class='ocrx_word' id='word_1_860' title='bbox 1440 5166 1564 5236; x_wconf 75' lang='lat' dir='ltr'><strong>quadam</strong></span> <span class='ocrx_word' id='word_1_861' title='bbox 1579 5166 1722 5232; x_wconf 88' lang='lat' dir='ltr'><strong>elementa,</strong></span> <span class='ocrx_word' id='word_1_862' title='bbox 1744 5175 1772 5221; x_wconf 89' lang='lat' dir='ltr'><strong>et</strong></span> 
     </span>
     <span class='ocr_line' id='line_1_84' title="bbox 984 5253 1772 5324; baseline -0.004 -12"><span class='ocrx_word' id='word_1_863' title='bbox 984 5255 1140 5313; x_wconf 89' lang='lat' dir='ltr'><strong>eommunis</strong></span> <span class='ocrx_word' id='word_1_864' title='bbox 1152 5253 1290 5311; x_wconf 88' lang='lat' dir='ltr'><strong>materies.</strong></span> <span class='ocrx_word' id='word_1_865' title='bbox 1302 5253 1423 5310; x_wconf 78' lang='lat' dir='ltr'><strong>Allectus</strong></span> <span class='ocrx_word' id='word_1_866' title='bbox 1433 5254 1533 5322; x_wconf 81' lang='lat' dir='ltr'><strong>etenim</strong></span> <span class='ocrx_word' id='word_1_867' title='bbox 1550 5253 1625 5309; x_wconf 88' lang='lat' dir='ltr'><strong>omni</strong></span> <span class='ocrx_word' id='word_1_868' title='bbox 1640 5253 1714 5324; x_wconf 90' lang='lat' dir='ltr'><strong>operi</strong></span> <span class='ocrx_word' id='word_1_869' title='bbox 1724 5268 1772 5309; x_wconf 88' lang='lat' dir='ltr'><strong>no·</strong></span> 
     </span>
     <span class='ocr_line' id='line_1_85' title="bbox 985 5338 1769 5415; baseline -0.008 -13"><span class='ocrx_word' id='word_1_870' title='bbox 985 5361 1047 5402; x_wconf 89' lang='lat' dir='ltr'><strong>men</strong></span> <span class='ocrx_word' id='word_1_871' title='bbox 1065 5346 1191 5415; x_wconf 91' lang='lat' dir='ltr'><strong>imponit.</strong></span> <span class='ocrx_word' id='word_1_872' title='bbox 1208 5342 1241 5399; x_wconf 82' lang='lat' dir='ltr'><strong>Et</strong></span> <span class='ocrx_word' id='word_1_873' title='bbox 1258 5342 1388 5413; x_wconf 92' lang='lat' dir='ltr'><strong>quoniam</strong></span> <span class='ocrx_word' id='word_1_874' title='bbox 1405 5338 1492 5399; x_wconf 85' lang='lat' dir='ltr'><strong>virtus</strong></span> <span class='ocrx_word' id='word_1_875' title='bbox 1506 5351 1548 5399; x_wconf 91' lang='lat' dir='ltr'><strong>est</strong></span> <span class='ocrx_word' id='word_1_876' title='bbox 1562 5344 1671 5399; x_wconf 84' lang='lat' dir='ltr'><strong>babitus</strong></span> <span class='ocrx_word' id='word_1_877' title='bbox 1685 5341 1769 5405; x_wconf 80' lang='lat' dir='ltr'><strong>animi</strong></span> 
     </span>
     <span class='ocr_line' id='line_1_86' title="bbox 985 5433 1766 5505; baseline -0.006 -11"><span class='ocrx_word' id='word_1_878' title='bbox 985 5439 1053 5494; x_wconf 86' lang='lat' dir='ltr'><strong>bene</strong></span> <span class='ocrx_word' id='word_1_879' title='bbox 1069 5436 1203 5501; x_wconf 79' lang='lat' dir='ltr'><strong>instituti,</strong></span> <span class='ocrx_word' id='word_1_880' title='bbox 1213 5433 1384 5501; x_wconf 91' lang='lat' dir='ltr'><strong>instituendi,</strong></span> <span class='ocrx_word' id='word_1_881' title='bbox 1401 5444 1427 5490; x_wconf 93' lang='lat' dir='ltr'><strong>et</strong></span> <span class='ocrx_word' id='word_1_882' title='bbox 1440 5436 1619 5505; x_wconf 88' lang='lat' dir='ltr'><strong>componendi</strong></span> <span class='ocrx_word' id='word_1_883' title='bbox 1639 5434 1766 5496; x_wconf 79' lang='lat' dir='ltr'><strong>ordinan-</strong></span> 
     </span>
     <span class='ocr_line' id='line_1_87' title="bbox 985 5524 1772 5602; baseline -0.011 -15"><span class='ocrx_word' id='word_1_884' title='bbox 985 5533 1067 5602; x_wconf 86' lang='lat' dir='ltr'><strong>dique</strong></span> <span class='ocrx_word' id='word_1_885' title='bbox 1090 5537 1155 5586; x_wconf 86' lang='lat' dir='ltr'><strong>snut</strong></span> <span class='ocrx_word' id='word_1_886' title='bbox 1175 5527 1299 5600; x_wconf 88' lang='lat' dir='ltr'><strong>apposita</strong></span> <span class='ocrx_word' id='word_1_887' title='bbox 1323 5527 1428 5583; x_wconf 91' lang='lat' dir='ltr'><strong>ratione</strong></span> <span class='ocrx_word' id='word_1_888' title='bbox 1448 5526 1481 5581; x_wconf 88' lang='lat' dir='ltr'><strong>ad</strong></span> <span class='ocrx_word' id='word_1_889' title='bbox 1496 5527 1521 5581; x_wconf 92' lang='lat' dir='ltr'><strong>id</strong></span> <span class='ocrx_word' id='word_1_890' title='bbox 1541 5526 1614 5599; x_wconf 89' lang='lat' dir='ltr'><strong>quod</strong></span> <span class='ocrx_word' id='word_1_891' title='bbox 1633 5524 1731 5582; x_wconf 89' lang='lat' dir='ltr'><strong>debent</strong></span> <span class='ocrx_word' id='word_1_892' title='bbox 1744 5532 1772 5579; x_wconf 90' lang='lat' dir='ltr'><strong>et</strong></span> 
     </span>
     <span class='ocr_line' id='line_1_88' title="bbox 986 5618 1772 5695; baseline -0.009 -17"><span class='ocrx_word' id='word_1_893' title='bbox 986 5622 1125 5695; x_wconf 85' lang='lat' dir='ltr'><strong>quomodo</strong></span> <span class='ocrx_word' id='word_1_894' title='bbox 1141 5619 1240 5680; x_wconf 87' lang='lat' dir='ltr'><strong>debent</strong></span> <span class='ocrx_word' id='word_1_895' title='bbox 1256 5618 1340 5678; x_wconf 79' lang='lat' dir='ltr'><strong>aniani</strong></span> <span class='ocrx_word' id='word_1_896' title='bbox 1356 5620 1479 5690; x_wconf 87' lang='lat' dir='ltr'><strong>allectus,</strong></span> <span class='ocrx_word' id='word_1_897' title='bbox 1497 5628 1527 5676; x_wconf 90' lang='lat' dir='ltr'><strong>ut</strong></span> <span class='ocrx_word' id='word_1_898' title='bbox 1542 5619 1569 5676; x_wconf 94' lang='lat' dir='ltr'><strong>in</strong></span> <span class='ocrx_word' id='word_1_899' title='bbox 1582 5618 1696 5675; x_wconf 84' lang='lat' dir='ltr'><strong>rirtutcs</strong></span> <span class='ocrx_word' id='word_1_900' title='bbox 1707 5630 1772 5688; x_wconf 69' lang='lat' dir='ltr'><strong>pro</strong></span> 
     </span>
    </p>
   </div>
   <div class='ocr_carea' id='block_1_12' title="bbox 0 0 1980 6067">
    <p class='ocr_par' dir='ltr' id='par_1_12' title="bbox 0 0 1980 6067">
     <span class='ocr_line' id='line_1_89' title="bbox 0 0 1980 6067; baseline 0 0"><span class='ocrx_word' id='word_1_901' title='bbox 0 0 1980 6067; x_wconf 95' lang='lat' dir='ltr'><strong> </strong></span> 
     </span>
    </p>
   </div>
  </div>
 </body>
</html>
