3892 6067
171 206 208 264 sl
381 161 385 167 ἱ
436 210 590 271 cunboni
608 207 802 270 rumousttt
822 211 1100 272 admonuissent.
1118 211 1298 274 Cliiiffli'.
1319 215 1353 273 ΙΝ
1371 214 1540 277 cosmos.
1756 224 1794 283 28

207 317 306 378 xxix.
320 319 391 390 Quid
406 323 479 378 enirn
495 331 538 378 est
557 337 667 397 qreqem
689 323 799 382 bomini
821 327 957 420 exossari,
972 335 997 392 Α
1010 327 1089 396 istas,
1102 344 1137 387 ne
1156 331 1308 389 advocatus
1319 315 1408 388 litium
1421 333 1483 400 das,
1497 350 1567 392 nere
1583 335 1611 391 in
1630 336 1684 395 ulla
1700 339 1793 412 aliqua

172 411 227 470 nisi
241 429 304 469 eum
326 413 364 470 ita
379 412 510 470 fascinari
533 422 564 470 ul
586 415 614 470 in
627 429 748 472 mmrem
764 415 919 485 inducatur,
934 419 958 475 si
1008 419 1187 489 occupatione
1210 436 1325 492 prorsus
1343 422 1496 479 inveniaris
1520 425 1668 483 mundialis
1691 431 1794 500 negotii

174 504 234 559 lieri
264 512 363 572 potest,
377 512 405 559 ct
428 504 506 560 electi
522 504 631 560 ossibus
651 520 763 562 carnem
786 508 959 578 portantibus
1008 513 1153 568 occasione
1180 513 1336 584 perplexus.
1360 511 1455 585 Neque
1469 514 1541 576 enlm
1552 517 1672 587 iudicem
1687 531 1794 578 asuleo·

173 593 329 661 assimilati,
346 594 394 652 sed
410 595 530 665 peccatis
547 595 720 666 exigentibus
735 613 830 654 corum
844 614 958 656 numero
1008 602 1142 672 quitorem
1155 604 1328 661 secularium
1339 605 1509 676 negotiorum
1521 605 1603 663 bodie
1625 617 1651 665 te
1664 612 1794 671 ordinare

174 683 271 738 sociati
283 684 331 755 qui
354 685 428 741 circs
442 686 535 757 potius
549 681 697 757 Babylonis
709 703 792 759 quarn
806 688 959 747 tcmsalcm
1009 691 1067 748 vult
1076 692 1220 762 Christum
1236 709 1271 750 ne
1284 693 1447 765 praefocatus
1457 696 1640 766 presemibus
1650 698 1794 759 bominum

120 845 126 860 ἱ
173 772 436 830 censenturtverbl
450 776 555 847 qratia,
576 776 605 831 ln
631 778 707 834 cleto
723 779 751 834 bi
766 780 814 850 qui
828 781 959 838 cumsint
1008 782 1095 848 curis,
1111 797 1166 838 non
1185 783 1374 854 possisnerbo
1395 782 1567 851 brisacam,
1591 794 1620 841 et
1641 789 1792 845 emendum

172 865 294 920 valenter
305 864 428 931 litterati,
444 867 573 925 dicuntur
587 877 681 928 tamen
695 879 724 927 et
737 880 803 928 sunl
814 872 958 943 dcepbali,
1009 874 1133 930 raritatis
1147 874 1269 944 amulam
1282 875 1553 932 sccemerebonosa
1568 877 1658 935 malis.
1675 896 1685 930 ι
1702 877 1793 937 imme
1888 873 1894 878 ’

172 964 212 1023 et,
227 965 257 1012 ul
271 957 310 1011 ait
326 955 459 1027 isidorus,
484 961 708 1032 hippocentauris
735 965 891 1032 assimilati,
910 966 959 1036 qul
1012 960 1116 1017 «Sicut
1139 962 1289 1032 impietatis
1310 970 1354 1018 est
1367 962 1485 1031 crimen,
1496 964 1627 1034 ueqlectis
1640 966 1716 1023 rerlt
1736 976 1796 1025 stu·

173 1060 226 1105 uec
236 1050 301 1119 equi
324 1065 375 1107 nec
388 1050 527 1120 homiues,
542 1055 655 1110 mistum
672 1071 760 1126 qsnus
772 1066 801 1122 et
812 1056 958 1114 contusum
1008 1049 1073 1119 (¹15⁸,
1088 1046 1247 1109 “hildilid
1271 1051 1471 1109 ⁸0¹¹ic5²l¹di¹¹⁰⁸
1484 1055 1623 1126 ⁸¹¹⁸⁰⁵l¹ele
1632 1057 1793 1126 ⁸ae⁰¹¹¹²l⁸⁸i

173 1137 244 1196 ln'se
267 1151 506 1212 repraesentantes,
520 1160 610 1216 neque
629 1146 750 1203 clericali
764 1163 854 1219 neque
869 1149 958 1205 laicali
1009 1144 1048 1199 ita
1061 1144 1210 1214 unicuique
1225 1129 1516 1214 tatcomm'peecatum
1532 1153 1586 1213 est,
1609 1147 1663 1202 nisi
1677 1147 1795 1205 inuicem

173 1230 319 1302 disciplina
341 1243 460 1303 utentes,
474 1250 510 1292 ex
521 1252 555 1292 eu
573 1238 646 1307 quod
662 1238 903 1295 ‘vocamurclerici
916 1240 960 1298 rel
1009 1233 1101 1294 sibiet
1116 1235 1144 1290 in
1163 1234 1207 1290 liis
1220 1248 1282 1305 qua
1293 1232 1329 1288 ad
1353 1234 1509 1292 cummunis
1526 1236 1589 1292 ritae
1602 1253 1683 1293 usum
1708 1240 1795 1309 perti·

172 1322 378 1391 canonici,cnm
388 1326 444 1382 siut
457 1341 594 1399 synagoga
606 1325 725 1394 sarrire,
740 1323 836 1385 uolunt
846 1344 897 1401 pro
907 1344 959 1387 suo
1010 1333 1086 1390 nent,
1101 1338 1212 1395 operam
1233 1323 1347 1379 lideliter
1361 1324 1495 1380 dederint.
1510 1344 1520 1378 ι
1537 1324 1683 1384 EtPaulus
1693 1329 1791 1386 donor

172 1410 252 1468 libitu
278 1409 479 1473 ecclesiasticos
503 1417 624 1474 honores
637 1418 736 1488 parlim
750 1419 803 1475 sibl
814 1435 959 1492 usurpare,
1010 1415 1155 1487 gentium:
1175 1433 1186 1468 t
1204 1412 1300 1481 N⁰¹¹¹⁰r
1322 1414 1420 1484 iuquit,
1454 1416 1576 1500 lllffiltnt
1600 1416 1667 1486 ⁰0⁰2
1696 1420 1790 1490 1¹⁰9st-

172 1505 272 1576 partim
297 1506 341 1560 sui
356 1505 493 1563 similibus
515 1508 556 1563 uel
580 1507 664 1564 etiam
690 1510 870 1579 nequioribus
891 1525 960 1569 eon·
1010 1516 1054 1562 cal
1076 1522 1107 1562 ιθ
1130 1505 1246 1576 'witolfi‘
1267 1504 1458 1573 mumulo
1477 1516 1506 1563 ⁸¹²
1527 1507 1552 1562 05
1567 1507 1683 1578 bimis
1697 1512 1742 1567 0¹¹5
1762 1527 1793 1567 ὅθ

172 1596 254 1658 terre.
273 1595 378 1652 ilorum
392 1597 504 1668 quidam
529 1597 683 1669 precipuas
697 1600 723 1655 in
737 1599 857 1657 &clerte
870 1601 960 1673 tigni.
1011 1598 1137 1669 probauit
1150 1596 1193 1668 (ll
1211 1596 1279 1651 Tim.
1295 1611 1327 1663 ιι,
1339 1596 1379 1667 ll.
1401 1617 1411 1651 ι
1428 1596 1495 1654 item
1515 1619 1522 1656 ε
1538 1619 1548 1652 ι
1564 1601 1661 1659 Omnis
1673 1602 1796 1674 pontiica

173 1697 243 1744 tates
260 1697 288 1744 et
312 1689 393 1744 sedes
412 1698 569 1758 occupant,
596 1698 679 1761 atque
702 1691 778 1747 eires
804 1689 958 1749 Jerusalem
975 1684 1045 1741 Bex‘
1056 1685 1215 1741 bominibus
1227 1693 1396 1756 assumptus,
1411 1702 1461 1757 pro
1481 1687 1639 1746 bominibus
1652 1692 1798 1749 consului·

172 1788 250 1836 tanto
263 1780 374 1851 qrarius
387 1789 511 1851 praesul,
529 1787 634 1850 quanto
653 1781 824 1838 licentiosis
841 1784 900 1854 ipsa
914 1783 960 1841 Je-
1012 1789 1057 1836 tur
1071 1780 1099 1834 in
1114 1778 1157 1835 bia
1170 1788 1305 1849 quarunt
1316 1779 1349 1833 ad
1361 1778 1445 1835 neum
1464 1779 1559 1851 (distr.
1572 1799 1599 1849 r,
1615 1783 1653 1855 l).
1671 1802 1681 1836 ι
1696 1783 1724 1841 ln
1738 1785 1793 1854 liis,

172 1870 291 1925 rusalem
308 1871 365 1942 regi
377 1869 525 1943 babylonis
536 1871 665 1938 militant,
678 1873 821 1930 moutarn
832 1875 960 1944 spiritua-
1012 1870 1110 1941 iuquit.
1134 1885 1196 1940 qua
1215 1879 1279 1927 suut
1301 1871 1336 1927 ad
1356 1869 1460 1941 ileum3
1484 1887 1539 1929 non
1557 1873 1642 1931 iuliis
1656 1885 1797 1947 quesunt

173 1957 245 2015 libus
268 1961 420 2029 ruisccndo,
445 1968 473 2016 et
497 1963 591 2017 omnia
614 1963 653 2018 ita
669 1962 873 2030 confundendo,
888 1972 919 2020 ut
935 1963 959 2021 si
1011 1962 1203 2019 adsecutum.

171 2051 266 2107 uideas
294 2051 455 2121 hujusmodi
481 2053 632 2118 bominem,
646 2069 737 2126 neque
751 2055 779 2110 iu
794 2056 961 2124 babitu,nc·
1047 2052 1143 2109 xxxi.
1170 2052 1238 2120 Quae
1263 2051 1394 2109 nimbum
1414 2053 1546 2111 doctrine
1569 2056 1729 2127 apostolica
1752 2073 1798 2115 aa·

172 2157 227 2211 quc
242 2142 270 2197 in
285 2144 495 2199 consternatione
519 2144 611 2200 valeas
629 2144 797 2216 perpendere
807 2144 881 2202 illius
894 2161 959 2216 pro·
1012 2146 1101 2201 lubria
1114 2145 1230 2213 monita,
1242 2160 1298 2202 stou
1310 2142 1347 2201 ita
1360 2154 1425 2203 sunt
1434 2146 1603 2216 accipienda,
1617 2157 1648 2204 ut
1659 2149 1712 2204 illis
1724 2150 1798 2220 Apo·

172 2228 330 2286 sessionem.
347 2224 479 2287 Similiter
493 2240 520 2289 et
532 2234 605 2290 inter
629 2234 714 2294 talem
728 2235 775 2291 rix
792 2234 916 2291 invenias
930 2236 959 2291 in
1012 2238 1075 2296 stoli
1091 2237 1172 2294 dietis
1190 2223 1368 2294 inveniamur
1383 2238 1645 2309 contraria,quibus
1656 2244 1756 2298 asserit
1768 2257 1799 2297 ss

172 2322 270 2378 ordine
299 2323 411 2378 militari
434 2324 553 2395 aliquem
589 2327 648 2384 suis
674 2335 834 2384 mnteutum
855 2327 960 2398 stipen-
1012 2331 1111 2399 suique
1123 2328 1228 2385 slmiles
1241 2328 1343 2384 babere
1358 2337 1520 2400 potestatm
1536 2331 1619 2387 etiam
1630 2332 1743 2402 angelos
1752 2332 1799 2402 lu·

173 2413 281 2480 diis,ad
295 2414 454 2470 secularem
468 2414 594 2473 uidelicet
604 2417 730 2473 militiam
744 2417 959 2488 pertinentibust
1011 2421 1131 2487 dicandi,
1144 2429 1250 2492 quanto
1262 2420 1351 2493 magis
1360 2421 1521 2477 secularial
1533 2420 1599 2477 item
1617 2439 1625 2477 r
1641 2442 1651 2476 s
1665 2421 1800 2494 Spiritus·

173 2502 212 2558 ita
225 2511 257 2559 ut
270 2517 324 2558 nou
339 2503 459 2583 babeant
473 2505 597 2562 decimas
619 2507 724 2563 militie
739 2500 854 2579 spiritali
871 2507 961 2579 potius
1012 2511 1057 2580 lis,
1084 2511 1183 2582 inquit,
1208 2511 1311 2582 iudicat
1330 2506 1434 2578 omnia,
1454 2523 1481 2568 ct
1495 2511 1555 2582 ipse
1575 2528 1595 2568 a
1619 2513 1728 2568 nemine
1750 2514 1797 2583 lu-

174 2609 257 2665 quam
272 2594 398 2650 seeuhri
421 2594 514 2652 divina
528 2596 873 2654 ordinationedestiuatas.
886 2595 919 2652 Et
933 2597 961 2653 bi
1011 2600 1119 2656 dicatur
1144 2599 1171 2666 ll
1190 2600 1254 2656 Cor.
1274 2601 1378 2672 ιι,15).
1405 2599 1536 2658 »indust
1556 2616 1623 2674 erga
1644 2603 1798 2674 spiritualis

173 2697 251 2752 erqo,
266 2682 350 2738 veluti
372 2699 406 2741 ex
417 2683 527 2739 diverso
537 2700 636 2756 genere
652 2681 773 2752 contusi,
787 2686 862 2742 cites
874 2684 962 2757 Baby·
1011 2690 1274 2761 omnia,praesertim
1286 2705 1344 2747 aue
1352 2689 1530 2748 sollicitudini
1543 2692 1804 2764 commissamtiam,

174 2773 256 2829 lorrise
269 2787 345 2841 suot,
359 2789 519 2847 separantes
531 2792 593 2848 qum
606 2775 679 2833 Deus
689 2777 843 2848 conjunxit,
857 2785 885 2833 cl
896 2778 962 2847 jutr-
1012 2779 1166 2846 saeeulmia,
1191 2779 1231 2836 sic
1259 2788 1351 2837 tamen
1378 2787 1411 2834 ut
1436 2780 1463 2835 iu
1481 2780 1658 2836 secularibus
1681 2781 1799 2852 negotiis

174 2875 268 2937 qentes
279 2882 342 2938 que
351 2871 497 2940 separarit.
508 2869 596 2941 liujus
608 2878 699 2927 autem
712 2868 882 2927 cotrluaionis
892 2884 962 2940 prae·
1012 2885 1067 2926 non
1075 2885 1106 2926 sc
1114 2870 1243 2940 implicet.
1258 2871 1339 2927 Aliud
1350 2880 1393 2927 est
1403 2872 1477 2927 enim
1488 2871 1522 2927 ds
1536 2871 1713 2928 secularibus
1724 2873 1800 2942 inste

48 3017 52 3020 .
174 2959 248 3030 cipui
261 2969 327 3016 sunt
352 2961 555 3018 machinatores
572 2962 693 3034 episcopi
708 2962 789 3018 talem
805 2961 908 3018 clerum
924 2961 963 3016 lo
1010 2962 1144 3032 indicare,
1160 2963 1349 3020 aliudeisdcm
1365 2978 1395 3018 se
1409 2961 1560 3032 implicare.
1580 2960 1648 3018 Nam
1661 2963 1696 3019 de
1708 2979 1798 3021 saco·

174 3060 318 3116 rentemet
330 3051 409 3110 laicis
424 3052 489 3107 talia
502 3052 634 3108 benetlda
653 3061 832 3124 prestantesr
846 3052 960 3122 etprin-
1013 3051 1117 3107 laribus
1128 3051 1241 3122 judiciis
1254 3061 1283 3107 ct
1294 3052 1435 3123 iudicibus
1450 3051 1531 3114 babet
1551 3060 1712 3122 potestatem
1723 3053 1798 3124 ludi·

173 3142 252 3212 cipes
263 3142 359 3198 eadem
384 3157 436 3199 sus
450 3144 573 3214 potenda
588 3157 672 3199 manu
692 3151 825 3209 tenentes,
839 3150 921 3213 atque
934 3140 960 3195 in
1013 3141 1093 3198 candi
1106 3143 1265 3213 episcopus,
1280 3143 1371 3199 scium
1384 3144 1530 3213 reprobare
1542 3143 1643 3199 malum
1658 3151 1686 3199 et
1698 3144 1800 3213 eliqera

174 3232 228 3300 boc
240 3249 295 3291 non
311 3235 382 3302 lieo,
398 3235 446 3291 sed
459 3235 516 3307 regi
535 3233 853 3311 Babylonis-militantes.
869 3232 963 3305 lliliqit
1011 3232 1129 3301 bonum,
1144 3234 1235 3290 sciens
1246 3234 1324 3304 juata
1340 3233 1427 3307 legem
1441 3235 1598 3291 discernere
1610 3235 1681 3290 iuter
1694 3236 1798 3306 lepram

173 3325 248 3383 culm
261 3326 333 3383 tales
344 3325 523 3384 contusiones
543 3340 593 3382 rex
614 3324 814 3399 Babyloniam
828 3325 961 3397 spiritalia
1013 3332 1040 3380 ct
1053 3339 1107 3380 nun
1122 3323 1237 3397 lepram,
1253 3326 1324 3381 inter
1337 3333 1462 3382 sanctum
1474 3334 1503 3381 et
1523 3340 1578 3381 nou
1591 3337 1728 3382 sancum.
1744 3324 1799 3382 Sed

174 3426 211 3473 et·
227 3418 369 3476 mutaris
391 3417 505 3475 lusimul
530 3415 647 3474 contusa
674 3423 869 3486 representem
893 3430 963 3486 quo·
1013 3417 1067 3473 alia
1083 3427 1148 3473 sunt
1168 3417 1272 3487 judicia
1293 3425 1321 3474 et
1345 3417 1470 3489 negotia,
1483 3429 1546 3489 que
1567 3417 1699 3488 spiritalis
1715 3417 1798 3472 bomo

175 3508 241 3565 dam
260 3508 344 3566 modo
367 3509 632 3582 messanensem,
656 3507 870 3579 quandoadlauc
885 3515 958 3565 terra
1013 3509 1113 3565 sedens
1125 3508 1390 3581 iucatbedmlloysi
1402 3507 1638 3580 persemetipsum
1651 3508 1800 3578 potsmod-

174 3611 236 3659 erat
260 3601 352 3659 inanis
377 3611 405 3658 ct
435 3617 541 3670 sacua,
570 3610 598 3658 et
625 3599 744 3657 tenebre
774 3609 854 3655 essm
880 3615 963 3672 super
1013 3600 1182 3668 ministrare,
1197 3601 1250 3656 alia
1264 3614 1326 3671 quae
1347 3600 1428 3657 debet
1448 3599 1567 3656 sensatis
1582 3600 1799 3658 laiciscommit·

129 3678 135 3689 ’
175 3693 326 3765 dommus..
1014 3684 1455 3772 terepraecipuequaespec'tant
1468 3691 1504 3746 ad
1521 3691 1668 3747 vindictam
1684 3691 1797 3748 maleta·
1859 3758 1861 3762 ¹

211 3783 297 3839 xxx.
310 3783 374 3853 Sed,
391 3801 427 3842 ne
437 3800 546 3858 semper
558 3786 703 3844 taliaesset
717 3786 844 3842 contrusio
858 3801 961 3853 remm,
1014 3793 1133 3852 ctutum,
1163 3793 1257 3838 contra
1283 3796 1354 3852 quos
1377 3781 1503 3838 minister
1518 3790 1641 3838 armatus
1664 3790 1692 3837 ct
1714 3781 1820 3852 iudex·

178 3874 350 3946 Spiritusllei
364 3877 503 3933 terebatur
511 3893 594 3949 super
600 3893 698 3950 aquas,
707 3888 736 3933 ut
745 3893 778 3932 ex
788 3886 862 3932 tartta
871 3892 962 3934 rerum
1014 3875 1122 3931 cinctus
1136 3887 1191 3928 nou
1205 3873 1267 3928 siue
1276 3886 1360 3927 causa
1374 3870 1493 3942 gladium
1504 3879 1610 3941 portam
1621 3886 1703 3942 quem
1718 3888 1800 3930 nemo

177 3965 340 4023 contusione
354 3968 516 4038 produceret
529 3968 634 4025 turmas
643 3968 787 4033 ulscretas,
802 3977 831 4023 et
843 3969 879 4024 ab
891 3969 963 4024 invi·
1013 3967 1093 4023 debet
1106 3981 1156 4022 sua
1169 3964 1381 4035 presumptione
1393 3963 1525 4032 accipere,
1541 3977 1576 4018 ne
1586 3962 1706 4033 gladium
1724 3967 1799 4022 acci·

176 4071 236 4114 cem
257 4059 494 4130 sus-proprietate
507 4060 663 4117 distinctas.
685 4059 771 4116 llullo
785 4075 860 4116 nune
886 4060 964 4116 beni·
1014 4061 1092 4131 piens
1105 4059 1197 4132 qladio
1209 4067 1317 4129 peream
1333 4056 1380 4112 sed
1403 4055 1588 4112 ecclesiastica
1608 4066 1743 4126 potestate
1752 4073 1800 4115 or·

177 4151 259 4222 quim
271 4150 447 4226 lecturanper
453 4167 541 4225 aquas
549 4153 687 4225 baptismi,
693 4151 816 4209 utcxbis
826 4153 861 4209 ad
874 4151 963 4209 lucem
1014 4152 1126 4206 ditraute
1139 4148 1297 4205 saecularem
1312 4153 1395 4217 atque
1413 4143 1553 4201 interdum
1569 4143 1702 4215 frenante,
1713 4148 1800 4204 inter·

175 4242 452 4317 producatqnidquid
467 4245 534 4302 illud
548 4243 963 4316 pulchritudinisctJucundlta·
1015 4239 1081 4296 dum
1104 4237 1271 4304 stimulante,
1286 4235 1327 4292 sic
1350 4248 1399 4306 per
1412 4233 1689 4304 sauctosJudicenlur
1712 4238 1801 4292 natio-

177 4338 213 4393 lls
227 4336 290 4392 tuin
307 4336 384 4392 dude
407 4337 518 4393 sibimet
540 4337 593 4406 ipsi
614 4335 797 4408 applaudebat
817 4343 963 4406 antequam
979 4325 1076 4403 Dnes,
1090 4341 1122 4390 ut
1140 4333 1207 4405 ipsis
1220 4321 1296 4403 juste
1308 4329 1515 4387 dominantibus
1536 4327 1687 4385 mundarit
1701 4343 1801 4386 manus
1873 4361 1880 4374 ι

176 4428 327 4501 quidquam
354 4427 456 4485 iaceret
479 4438 580 4486 aelerna
595 4427 644 4484 oct
665 4428 809 4499 sapientia,
827 4427 925 4485 ludens
934 4428 964 4485 in
1014 4436 1042 4484 et
1066 4426 1158 4498 lingua
1183 4422 1335 4481 sacerdotis
1357 4436 1373 4478 a
1395 4422 1505 4494 negotio
1529 4419 1690 4491 sanguinis·
1706 4417 1801 4490 Neque

176 4521 246 4578 orbe
266 4519 413 4592 terrarum,
440 4538 490 4593 pro
511 4520 617 4578 deliciis
631 4520 737 4578 babens
750 4536 812 4578 esse
827 4521 965 4579 cumdliis
1014 4518 1088 4574 cuim
1106 4516 1219 4589 sanquis
1232 4530 1281 4588 per
1291 4514 1411 4585 iudicem
1422 4513 1554 4579 cinctum,
1567 4511 1631 4568 licet
1643 4511 1678 4566 ab
1691 4510 1800 4581 episco-

153 4611 333 4669 ›bominum
363 4611 426 4670 llaec
448 4612 544 4669 eadem
567 4611 718 4669 nouissime
737 4611 835 4670 diebus
851 4612 914 4668 istis
923 4612 964 4668 lo·
1015 4621 1051 4679 po
1066 4607 1258 4673 constitutum,
1270 4603 1360 4671 lusus,
1380 4600 1557 4674 imputandus
1572 4610 1615 4657 cst
1626 4599 1765 4671 episcopo,
1776 4600 1802 4656 si

177 4720 268 4775 spuens
285 4705 311 4758 in
322 4720 406 4760 carne
419 4707 530 4776 propria
551 4704 719 4773 bortrinibus,
731 4712 759 4760 ct
772 4718 886 4761 mancus
900 4719 963 4760 cum
1016 4709 1107 4757 tamen
1124 4696 1213 4754 eidem
1229 4695 1317 4768 judici
1328 4709 1384 4751 non
1397 4695 1465 4752 sinit
1480 4708 1542 4750 esse
1555 4700 1716 4763 potentem
1730 4689 1800 4746 libc-

178 4795 347 4864 bominibus,
363 4796 438 4867 ipsos
448 4813 511 4854 cunt
523 4798 624 4869 quibus
637 4797 764 4854 manebat
778 4795 964 4867 bomincsin-
1015 4806 1087 4858 ram,
1102 4805 1151 4868 sen
1166 4788 1324 4845 violentiam
1334 4794 1428 4842 conus
1444 4785 1590 4857 justitiam.

178 4896 221 4944 ter
241 4902 271 4942 sc
285 4886 427 4956 discrerit,
453 4887 534 4943 aliter
559 4887 677 4958 loquens
695 4887 840 4958 discipulis
862 4886 921 4942 suls
936 4885 964 4941 in
1008 4911 1012 4920 ι
1051 4880 1157 4938 xxtttt.
1186 4880 1233 4937 Sic
1249 4879 1322 4937 enim
1337 4879 1453 4949 mmmm
1467 4893 1482 4934 a
1498 4875 1674 4948 pontificibus
1698 4873 1801 4929 Roma·

178 4987 281 5044 morule,
297 4978 377 5034 aliter
398 4977 487 5033 turbis
513 4976 540 5031 in
556 4977 617 5034 loco
635 4977 802 5049 campestri:
818 4978 965 5034 osteudens
1015 4975 1060 5031 nis
1071 4973 1204 5044 quosdam
1222 4987 1316 5043 requm
1333 4986 1381 5027 seu
1395 4968 1560 5041 principum,
1584 4981 1634 5040 pm
1656 4963 1803 5021 imttilitste

178 5070 315 5139 videlicet,
338 5071 411 5144 quod
431 5069 475 5146 vsni
497 5070 679 5140 discipulatus
693 5071 771 5126 electi
789 5080 965 5128 sectatorcsa
1015 5067 1058 5124 sel
1068 5064 1190 5137 nequitia
1200 5078 1251 5120 sua
1261 5055 1803 5122 excommunicatosetdestitutos‚alios·

179 5163 268 5220 turbis
279 5163 421 5219 bominum
441 5162 613 5228 secernendi,
631 5162 741 5233 sibique
758 5162 894 5218 lismonte
908 5162 966 5218 cel·
1016 5176 1070 5233 quc
1083 5158 1199 5231 proillis
1216 5147 1391 5225 constitutos,
1415 5164 1446 5211 ut
1469 5155 1489 5210 ii
1512 5166 1582 5232 quos
1607 5158 1801 5221 provexerunt,

178 5256 263 5313 sionis
277 5253 633 5326 conversationisjunqendi
652 5263 752 5311 estem
768 5251 967 5328 llujusdluinae
1016 5267 1072 5308 nou
1091 5249 1179 5306 solum
1194 5264 1228 5303 ex
1242 5247 1379 5315 instituto,
1395 5246 1443 5303 sed
1461 5243 1545 5299 etium
1559 5255 1592 5296 ex
1607 5249 1743 5311 precepto
1756 5254 1804 5295 eo·

181 5345 362 5403 institutionis
382 5361 490 5404 mentor
516 5345 612 5403 beatum
625 5343 734 5412 Petrus,
746 5344 774 5398 in
795 5343 967 5401 ordinatione
1017 5359 1078 5399 runt
1094 5340 1184 5413 gladio
1196 5338 1304 5395 vindice
1321 5342 1549 5410 persequerentur
1568 5331 1666 5386 llssw
1675 5327 1804 5386 Ecclesia

180 5436 331 5495 Clementis
343 5439 410 5496 dicit
424 5457 432 5496 s
447 5457 457 5492 ι
481 5438 521 5495 Te
534 5437 645 5510 quidem
669 5443 777 5507 oportet
797 5434 967 5505 irreprclten·
1017 5433 1058 5489 uel
1073 5431 1159 5502 requi.
1179 5428 1252 5486 Sane
1266 5431 1294 5485 in
1308 5419 1419 5484 talibus'
1429 5423 1507 5482 bellis
1521 5420 1663 5478 mouendis
1689 5436 1738 5491 pro
1756 5421 1804 5476 de·

181 5529 298 5589 sibiliter
310 5530 413 5600 risere,
427 5539 454 5588 et
470 5545 580 5587 summo
593 5527 686 5585 strtdlo
699 5526 750 5583 uitl
770 5531 801 5580 ul
819 5522 968 5581 omnesri·
1018 5522 1142 5579 tensione
1162 5520 1257 5592 patriae
1281 5532 1329 5576 seu
1357 5513 1496 5581 Ecclesiae,
1513 5510 1674 5569 sacerdotali
1693 5523 1806 5581 qnoque

182 5623 218 5679 tm'
241 5622 324 5693 liuius
339 5622 532 5693 occupationes
554 5619 677 5691 abjicias,
696 5634 731 5677 nc
754 5616 902 5694 tldrq'ussor
919 5630 968 5673 cn·
1018 5615 1083 5672 tuba
1096 5629 1158 5671 cum
1171 5610 1302 5684 principis
1323 5607 1399 5665 edito
1410 5614 1589 5672 consonante,
1603 5603 1644 5660 sie
1658 5615 1688 5659 ae
1709 5600 1805 5673 llnqus
