3892 6067
133 267 190 322 out
420 262 650 321 tortitudini
670 263 841 322 isaurios.
859 295 895 306 -
911 264 1002 320 PARS
1021 266 1067 335 lX,
1085 264 1129 321 Ex
1150 263 1312 322 HONOle.
1331 292 1367 303 -
1385 262 1482 319 PSAL.
1503 262 1558 316 CV.
1724 262 1776 316 dou

134 394 196 435 non
218 376 398 433 deseruerunt
425 376 490 433 uitia
514 386 542 433 et
567 388 688 449 peccata,
714 395 776 450 qurc
803 378 934 434 Dominus
949 384 971 438 Α
986 386 1190 449 ορριεεεειιιιιι,
1204 378 1245 433 rel
1256 377 1388 432 tributum
1401 373 1487 429 abeis
1501 380 1660 443 exegerunt.
1678 370 1712 427 lit
1727 371 1776 424 lm·

135 469 267 540 praecepit
281 467 415 524 deserere.
432 467 468 522 Et
481 470 612 524 aonrrnisti
622 480 682 524 surrt
693 485 830 527 consensu
844 482 871 526 et
886 486 933 525 uo-
986 472 1082 525 miliati
1095 480 1155 524 sunt
1169 469 1217 523 sab
1231 469 1353 523 monibus
1373 482 1474 531 eorum,
1494 466 1520 521 id
1535 475 1577 520 εει
1595 463 1687 520 afflicti
1712 470 1776 518 sunt

134 561 244 614 ιιιιιιειε
259 560 436 629 interpetatur,
448 557 475 613 id
491 569 531 614 est
544 560 612 614 iuter
628 560 792 630 gentilitates
805 560 929 615 virendo.
984 561 1036 615 sub
1048 569 1182 630 potestate
1193 576 1299 615 eorum.
1319 558 1479 613 llumiiiatio
1500 557 1573 611 enim
1595 563 1637 611 est
1653 554 1774 610 afflietio.

135 649 177 704 Et
191 650 342 704 didicerunt
357 666 435 719 opera
459 666 561 715 eorutn,
588 650 615 705 id
638 660 679 706 est
702 650 784 706 lsrael
801 651 881 716 ritus,
905 657 934 704 et
985 651 1144 708 Afflixerunt
1159 667 1276 722 namque
1288 665 1336 706 εοε
1348 648 1517 715 carceribus,
1538 647 1665 714 uinculis,
1681 647 1777 701 verbe·

135 740 229 796 studia
246 740 392 795 malorum.
416 738 452 794 lit
474 742 618 794 servierunt
641 741 808 810 sculptilibus
830 757 932 806 eorum,
984 742 1061 799 ribus
1075 752 1103 797 et
1116 743 1178 798 aliis
1189 742 1284 798 multis
1296 740 1395 795 modis.
1420 739 1453 793 Et
1466 738 1599 794 Dominus

134 832 205 902 quia
220 831 307 887 secuti
328 839 393 886 suut
414 846 520 901 magos,
534 831 645 896 ariolos,
659 833 811 902 aruspices,
828 832 933 888 matbe-
1020 832 1103 888 l'sns.
1124 834 1168 887 ιδ.
1189 833 1264 902 Soepe
1286 831 1405 885 liberauit
1424 847 1478 897 eos,
1503 846 1576 884 nune
1598 844 1646 900 per
1668 827 1774 899 Iephte,

134 924 266 988 mutiens,
279 919 606 992 ριιΙιοιιεεόιιεειιιιιιιεε
630 922 744 994 auguria
758 931 786 979 et
808 923 927 978 somnia.
984 940 1058 980 nunc
1078 940 1126 994 per
1148 924 1269 987 Gedeon,
1293 937 1368 977 nuuc
1391 937 1439 992 per
1458 921 1602 986 Delzoram,
1630 937 1704 975 ιιιιιιε
1730 935 1777 989 ρει

135 1013 175 1069 Er
185 1014 238 1068 ltoc
252 1013 353 1083 laetum
367 1022 406 1067 ειι
421 1012 476 1066 ιιιιι
487 1015 516 1067 ιιι
528 1013 696 1081 scandalum,
712 1014 740 1069 id
752 1023 795 1070 εει
807 1015 834 1069 in
847 1013 932 1070 oderr-
986 1015 1113 1083 Samson,
1130 1018 1172 1072 ιεΙ
1191 1033 1240 1087 ρει
1260 1017 1330 1073 alios
1346 1017 1464 1087 judices
1480 1014 1590 1069 demum
1614 1028 1663 1081 per
1687 1027 1775 1083 reges.

135 1105 258 1172 sionem,
273 1106 339 1175 quia
362 1105 441 1160 multi
461 1120 557 1160 eorum
581 1121 666 1177 pravo
690 1106 816 1176 exemplo
834 1106 932 1176 depra-
984 1105 1114 1161 Econtra
1134 1107 1186 1176 ipsi
1199 1107 1419 1162 macerbaoerant
1439 1121 1498 1158 eum
1525 1104 1553 1157 iu
1578 1102 1690 1157 consiliu
1717 1119 1776 1166 suo,

134 1195 194 1251 vati
206 1205 280 1260 sunt,
290 1206 317 1251 et
334 1195 385 1266 ipsi
400 1212 416 1251 a
432 1195 486 1252 Deo
498 1198 644 1268 reprobati.
656 1197 820 1253 Scandalum
833 1198 933 1254 dicitur
984 1198 1100 1254 subaudi
1114 1218 1122 1253 :
1136 1208 1254 1266 terreno,
1271 1199 1390 1255 nonsibi
1409 1197 1479 1252 utili.
1495 1195 1608 1251 illorum
1630 1194 1776 1252 eonsilium

136 1286 255 1343 sinistri.
269 1286 304 1340 Et
314 1288 515 1343 immolauerunt
527 1289 597 1358 filios
609 1306 671 1344 suos
681 1298 707 1342 et
717 1289 789 1359 pilius
801 1305 863 1343 suus
877 1289 932 1342 dte-
984 1299 1043 1346 erat
1057 1306 1122 1346 suas
1137 1291 1299 1356 voluntates,
1313 1304 1367 1346 non
1379 1287 1488 1344 Domini
1503 1295 1638 1358 praecepta
1653 1286 1774 1356 implere.

136 1376 245 1430 ntoaiis.
257 1373 309 1431 Per
322 1376 394 1447 tilios
416 1378 569 1448 spiritualia
580 1380 680 1446 studia,
695 1394 744 1450 per
758 1380 830 1450 filias
843 1394 932 1435 saeeu·
986 1380 1021 1436 Et
1033 1382 1167 1437 humiliati
1185 1383 1257 1450 ideo,
1283 1382 1309 1437 id
1333 1390 1376 1438 εει
1396 1381 1487 1437 afflicti
1512 1392 1573 1435 sunt
1591 1379 1776 1450 iniquitatibus

136 1464 208 1520 laria
226 1466 316 1520 studia
330 1468 489 1537 accipimus,
506 1469 558 1524 hoe
572 1469 730 1536 estaminia
755 1469 856 1536 studia,
871 1484 932 1539 qum
997 1474 1064 1529 suis.

136 1556 182 1610 rel
197 1556 224 1609 in
239 1555 351 1622 diuinis,
373 1559 416 1613 rel
430 1558 457 1614 iu
479 1558 656 1615 saecularibus
671 1559 748 1615 libris
765 1560 930 1625 habuerunt,
1019 1554 1102 1619 Vens.
1115 1564 1161 1630 ιι,
1176 1564 1221 1619 lb.
1235 1563 1268 1617 lit
1282 1563 1359 1631 uidit,
1371 1580 1430 1618 aunt
1444 1561 1647 1625 tribularentur,
1658 1561 1711 1614 boc
1724 1566 1775 1625 εει,

138 1649 169 1703 iu
181 1649 323 1705 serritium
343 1649 496 1705 daemonum
512 1667 562 1722 ρει·
580 1652 646 1708 vitia
660 1662 799 1708 verterunt
815 1669 822 1707 ι
842 1671 853 1704 t
866 1649 931 1707 Dm·
985 1654 1118 1711 Dominus
1131 1655 1261 1711 misertus
1270 1665 1321 1720 est,
1338 1657 1401 1727 quia
1413 1654 1624 1718 tribulabantur,
1635 1660 1661 1704 et
1674 1651 1777 1704 audiuit

138 1737 185 1793 nis
202 1738 276 1792 euim
300 1738 347 1808 qui
373 1736 438 1793 iacit
464 1749 617 1809 peceatum,
642 1756 738 1797 seruus
765 1749 807 1797 est
827 1742 932 1811 peccati
947 1715 968 1769 Β
983 1747 1129 1802 orationem
1155 1761 1256 1800 eoruni.
1289 1746 1323 1800 Et
1349 1763 1447 1800 umnam
1468 1747 1520 1816 (uit
1548 1744 1696 1800 testamenti
1722 1742 1775 1796 aui.

139 1828 167 1899 (l
185 1828 266 1883 loen.
287 1844 328 1897 ιιι,
344 1828 383 1899 l).
397 1848 408 1881 s
430 1829 465 1885 Et
479 1831 628 1900 effuderunt
640 1832 796 1903 satiatricem
809 1833 933 1887 iunocen-
982 1835 1095 1907 Propter
1107 1837 1165 1892 baec
1178 1837 1229 1890 tria
1244 1836 1342 1891 iterum
1354 1835 1480 1891 liberauit
1491 1850 1550 1904 eos,
1568 1834 1633 1905 quia
1643 1832 1712 1888 vidit
1726 1830 1777 1886 tri·

141 1930 208 1985 tans,
221 1920 246 1975 id
262 1930 304 1976 εει
319 1920 426 1975 animas
436 1921 600 1991 simplicium
622 1939 706 1994 pravo
721 1925 846 1995 exemplo
871 1941 933 1995 per·
983 1927 1165 1995 bulationem,
1179 1928 1283 1983 audivit
1304 1927 1467 1993 orationem,
1490 1940 1596 1981 memor
1620 1924 1672 1979 luit
1692 1930 1777 1978 testa-

138 2013 277 2068 diderunt.
298 2012 383 2080 Quem
399 2014 583 2086 sanquinem?
602 2014 734 2070 Filiorum
747 2025 889 2071 suorumet
899 2016 933 2086 ιι-
983 2018 1067 2073 ιιιειιιι
1080 2019 1134 2075 sui.
1157 2017 1287 2074 Promisit
1299 2019 1373 2074 enim
1387 2017 1504 2073 Abrabae
1516 2015 1590 2088 quod
1603 2013 1702 2070 semini
1715 2013 1777 2083 ejus

136 2105 239 2159 liuram
252 2121 372 2170 sauram,
389 2105 470 2160 idest
489 2104 663 2162 subditorum
680 2122 807 2176 suorum,
827 2110 868 2165 tel
883 2124 931 2164 ro·
983 2109 1059 2164 daret
1070 2108 1142 2163 illam
1155 2118 1265 2164 terram.
1286 2108 1320 2163 Et
1334 2109 1399 2180 quia
1412 2108 1495 2179 buius
1508 2106 1657 2162 testamenti
1677 2120 1778 2159 mamm

137 2210 213 2256 rum.
234 2194 282 2266 qni
297 2210 346 2266 ρει
362 2196 463 2251 malam
484 2196 664 2253 imitationem
690 2200 798 2255 illorum
823 2200 932 2256 soboles
983 2201 1045 2273 fuit,
1058 2201 1120 2256 ideo
1135 2201 1266 2271 impleuit,
1286 2201 1357 2257 sicut
1370 2196 1576 2271 promisitllie
1594 2213 1690 2253 uersus
1711 2212 1778 2252 eou-

137 2283 230 2339 effessli
250 2292 324 2339 δῦθι·
348 2282 491 2350 0¹¹0ffl0d0
509 2286 561 2343 1¹0⁸
578 2288 772 2357 perdiderunt?
789 2288 933 2361 Sacrifica·
983 2297 1107 2353 tinuatur
1121 2295 1155 2350 ad
1170 2310 1233 2350 eum
1245 2293 1347 2360 locum,
1360 2292 1405 2348 ubi
1421 2293 1448 2347 in
1462 2291 1546 2363 priori
1559 2290 1666 2362 psalmo
1677 2289 1777 2346 scribi·

137 2383 233 2429 serunt
242 2391 289 2430 eos
298 2376 609 2446 sculptilibusdbanaan.
621 2377 672 2435 Per
680 2378 821 2448 Cbanaau,
830 2381 876 2451 qui
885 2397 932 2452 per
982 2398 1028 2442 tur
1043 2404 1050 2441 :
1066 2385 1200 2451 Quoniam
1217 2400 1317 2438 ιιιειιιοι
1334 2383 1385 2453 [uit
1401 2382 1569 2438 verbisanati
1586 2380 1777 2452 sui,quodlta·

136 2464 199 2521 Noe
228 2466 352 2522 seruituti
381 2477 408 2522 et
427 2467 612 2524 maledictioni
643 2471 788 2540 addicitur,
816 2474 932 2543 populus
983 2477 1039 2531 buit
1057 2475 1459 2545 addbralaompaerumsuum.
1481 2470 1724 2542 Etpoenituiteum
1737 2487 1777 2526 se·

137 2557 254 2613 seruitio
268 2567 441 2627 peccatorum
464 2558 584 2628 deditus,
597 2561 738 2632 injudicio
752 2579 768 2619 a
782 2564 902 2621 sinistris
915 2580 930 2619 e
983 2567 1098 2622 cundum
1109 2565 1306 2621 multitudinem
1319 2564 1507 2619 misericordia
1519 2579 1585 2629 sure,
1595 2562 1647 2618 boc
1657 2570 1709 2630 est,
1716 2576 1777 2616 mu·

134 2648 231 2719 judice
245 2649 407 2705 maledictus
429 2650 599 2722 intelligitur.
614 2652 700 2723 Cujus
713 2655 847 2726 sculptitia
868 2667 932 2713 ειιιιι
983 2658 1049 2715 tavit
1061 2657 1211 2715 secundum
1221 2657 1310 2713 risum
1320 2653 1776 2724 bominumtribulationem,quatu

137 2740 244 2796 mortui
274 2740 302 2795 in
326 2756 439 2812 corpore
461 2752 488 2800 et
507 2743 609 2811 anima,
632 2761 749 2815 quorum
780 2757 933 2818 sequuntur
983 2749 1024 2804 eis
1044 2748 1170 2804 illaturus
1190 2756 1259 2814 erat,
1284 2745 1437 2801 seeundum
1457 2744 1531 2814 quod
1559 2741 1701 2812 multiplex
1717 2751 1777 2798 erat

136 2831 277 2901 escutpla,
293 2840 323 2886 ut
339 2830 474 2899 Hectoris,
488 2834 613 2902 Achillis,
629 2835 763 2903 Catilinae,
778 2835 930 2908 iugurtha,
983 2836 1171 2892 misericordia
1187 2836 1257 2907 ejus.
1278 2833 1439 2889 Paenitentia
1457 2832 1586 2888 dicituro
1603 2847 1679 2901 prena
1693 2841 1722 2887 et
1736 2840 1775 2885 te-

136 2919 288 2976 Alcxaudri
301 2922 343 2976 rel
365 2922 485 2978 Simonis
507 2923 588 2997 llaqi.
609 2924 716 2980 Talium
738 2926 809 2982 lilios
825 2937 932 2999 ergoet
984 2941 1041 2981 neo.
1062 2926 1113 2993 Qui
1129 2925 1203 2981 enim
1224 2925 1348 2996 poeuitet,
1364 2924 1467 2995 aliquid
1489 2938 1520 2979 se
1540 2921 1638 2979 iecisse
1652 2922 1777 2990 dolet„et

137 3011 212 3067 illias
225 3012 393 3081 sculptilibus
408 3012 535 3071 chanaan
548 3016 714 3084 saerillcant,
729 3016 777 3086 qui
788 3025 865 3088 qesta
883 3018 968 3114 ιιι-ο
985 3014 1026 3071 sie
1046 3030 1108 3071 eum
1128 3029 1209 3086 poena
1227 3022 1310 3070 tenet.

137 3117 203 3159 rum
215 3103 243 3157 in
256 3101 411 3174 exemplum
423 3106 524 3177 populo
537 3117 661 3175 narrant,
676 3107 724 3164 uel
733 3108 767 3164 ad
778 3108 932 3164 informan—
1020 3104 1128 3162 Etcum
1142 3105 1215 3161 Deus
1229 3106 1266 3161 sit
1276 3103 1466 3171 immutabilis,
1477 3113 1504 3160 et
1515 3104 1590 3160 nulla
1602 3102 1776 3176 poena,nullo

137 3194 209 3252 duur
227 3194 344 3252 aliosde
359 3196 594 3254 talibuseautaut.
612 3197 695 3254 idolis
711 3200 785 3255 euim
799 3201 930 3257 serrium.
984 3197 1081 3254 dolore
1101 3195 1245 3264 adiciatur,
1265 3194 1406 3267 quomodo
1423 3195 1585 3266 poenituisse
1600 3195 1775 3265 praedicatur,

135 3283 256 3372 tlt-ilice
265 3286 346 3342 moda
360 3287 427 3343 tales
438 3288 542 3344 colunt.
556 3287 592 3343 ιιι
607 3290 746 3361 interfecta
760 3300 799 3345 est
820 3294 933 3347 terrain
984 3302 1013 3346 ιιι
1028 3290 1064 3345 ibi
1076 3309 1083 3346 :
1096 3308 1105 3341 ι
1116 3287 1234 3345 Paenitet
1249 3303 1292 3344 me
1304 3288 1403 3344 iecisse
1414 3287 1553 3343 bominem
1566 3286 1643 3359 (Gen.
1659 3303 1697 3355 ur,
1709 3287 1748 3359 6).
1762 3307 1772 3341 ι

133 3378 327 3454 mqubriius,
340 3378 367 3432 id
379 3388 422 3434 εει
435 3379 596 3449 incorporea
613 3395 709 3436 aarum
724 3383 823 3452 templa
846 3382 933 3454 Spiri-
983 3379 1017 3436 Et
1040 3380 1077 3436 ibi
1094 3398 1100 3434 :
1119 3397 1129 3432 ι
1150 3378 1268 3435 Poenitet
1282 3393 1327 3435 me
1353 3378 1466 3435 unxisse
1488 3376 1554 3433 Saul
1579 3378 1606 3433 in
1630 3377 1743 3450 regem?
1763 3397 1773 3430 ι

135 3459 295 3544 tip'i'paneti
314 3477 444 3538 corrupta
465 3470 670 3539 pollutionibus.
700 3469 932 3528 Eteontmninata
983 3468 1085 3540 (ilisa.
1108 3485 1153 3536 xv,
1169 3469 1224 3539 ll.)
1245 3467 1298 3524 Sed
1320 3468 1462 3524 sciendum
1485 3469 1615 3540 estquod
1633 3468 1775 3541 Scriptura

136 3562 228 3626 abitt
241 3561 363 3633 operibus
377 3578 467 3617 earum
486 3562 645 3628 immundis,
655 3571 681 3616 et
694 3562 819 3632 fornicati
830 3575 891 3618 suut
904 3565 932 3619 in
982 3569 1078 3616 nostro
1095 3574 1172 3616 more
1192 3559 1324 3630 loquitur.
1352 3558 1430 3613 Sicut
1453 3558 1526 3614 enim
1553 3559 1654 3615 dieitur
1681 3559 1773 3623 irasci.

138 3653 372 3708 adinventionibus
393 3653 459 3719 suis,
478 3652 505 3708 id
521 3661 563 3708 εει
581 3653 609 3707 in
626 3651 802 3709 sodomiticis
824 3655 933 3710 sceleri·
982 3665 1045 3705 euru
1059 3658 1170 3720 peccata
1184 3649 1327 3705 bominum
1349 3663 1443 3703 seuere
1461 3648 1590 3717 vindicat,
1612 3649 1653 3707 sie
1674 3648 1776 3706 dicitur

138 3743 206 3798 bus,
231 3741 336 3798 Animae
357 3742 399 3798 vir
425 3750 467 3798 est
488 3740 570 3807 Deus,
585 3741 632 3813 qui
650 3741 724 3796 bunc
738 3741 875 3809 deserunt,
906 3754 933 3801 ει
982 3740 1126 3812 poenitere,
1141 3755 1204 3795 curu
1223 3740 1338 3795 aduersa
1352 3740 1529 3809 peccantibus
1542 3740 1775 3811 illataprosperis

139 3832 315 3904 daemmibus
332 3849 362 3889 se
391 3834 506 3889 miscent
518 3848 567 3903 per
582 3848 664 3903 pratu
679 3833 825 3898 desideria,
846 3836 933 3891 lomi·
982 3837 1128 3901 permutat.
1144 3827 1221 3885 Unde
1231 3828 1304 3884 enim
1315 3828 1502 3899 ριειιιιειιιιειιι
1515 3829 1632 3900 agimus,
1647 3831 1699 3887 boc
1711 3847 1775 3887 mu·

139 3925 211 3981 carii
223 3936 249 3979 et
261 3925 374 3980 adulteri
388 3934 461 3993 sunt,
476 3934 502 3980 et
518 3940 580 3980 cum
596 3923 636 3980 eis
647 3939 731 3978 unum
747 3933 843 3992 erunt;
862 3927 933 3982 sicut
984 3930 1041 3977 tare
1061 3921 1198 3978 nolumus.
1220 3920 1305 3975 Deum
1331 3921 1472 3976 bominem
1496 3919 1604 3989 iecisse,
1620 3922 1700 3991 quasi
1717 3936 1776 3993 pr·

140 4015 192 4088 qui
217 4016 333 4072 Domino
359 4018 489 4083 adbaeret,
509 4031 580 4072 unus
597 4015 709 4087 spiritus
737 4029 799 4070 cum
817 4016 863 4071 illo
880 4007 930 4074 εει.
983 4012 1073 4079 nituit,
1089 4027 1151 4067 cum
1172 4013 1244 4068 sieut
1266 4026 1314 4082 per
1334 4011 1478 4079 diluuium,
1493 4011 1531 4067 ita
1545 4027 1593 4082 per
1609 4012 1775 4083 baptismum

140 4108 185 4164 sd
199 4108 315 4163 litterum
335 4117 377 4164 est
393 4107 612 4179 regrediendum.
898 4137 903 4166 ,
982 4100 1132 4156 humanum
1144 4118 1229 4173 genus
1239 4102 1384 4159 immutare
1396 4102 1541 4173 disposuit.
1563 4100 1628 4158 Saul
1642 4104 1669 4157 in
1681 4118 1773 4175 regem

179 4196 262 4253 Vsus.
281 4198 325 4251 tu.
346 4197 382 4250 Ft
396 4198 482 4252 iratus
498 4207 536 4252 est
547 4197 636 4265 furore
656 4194 784 4250 Dominus
795 4196 823 4250 ιιι
837 4197 932 4266 populo
982 4194 1095 4249 unxisse
1110 4195 1189 4264 quasi
1212 4196 1350 4266 poenituit,
1378 4196 1443 4251 dum
1463 4200 1534 4250 ειειιι
1553 4212 1602 4267 ρει
1624 4195 1719 4263 Dauid,
1736 4196 1773 4253 ita

140 4307 202 4354 suo,
219 4290 245 4345 id
258 4298 302 4345 εει
316 4288 466 4345 vehementi
479 4288 519 4342 ire
535 4295 688 4343 commotus
699 4296 742 4343 est
757 4296 866 4358 propter
890 4297 931 4343 tn·
982 4299 1030 4356 per
1040 4284 1180 4340 Christum
1196 4300 1310 4356 reguum
1323 4294 1431 4341 mutare
1450 4286 1546 4340 soluit.
1566 4288 1606 4341 lta
1618 4302 1691 4342 nunc
1716 4302 1775 4357 pee-

141 4382 180 4437 lia
195 4380 224 4436 in
242 4381 288 4436 illo
301 4381 410 4451 populo.
424 4379 471 4450 qui
491 4378 585 4434 debuit
598 4393 660 4434 esse
680 4393 746 4433 suus
759 4377 786 4431 in
804 4379 931 4433 obserua-
946 4387 970 4442 ι)
984 4377 1077 4445 nituit,
1091 4376 1157 4432 dum
1172 4377 1346 4433 afflictionem
1361 4378 1454 4449 populi
1471 4378 1594 4434 mutarit.
1609 4377 1773 4437 l’oeniteutia

141 4471 219 4525 tione
228 4470 297 4540 legis
308 4479 335 4525 et
347 4470 455 4525 cultura
476 4469 557 4524 unius
570 4467 627 4523 Dei.
649 4467 684 4521 Et
706 4468 873 4522 abominatus
893 4478 931 4524 est
983 4471 1075 4542 itaque
1087 4472 1121 4527 ad
1135 4488 1186 4526 nos
1198 4470 1327 4538 refertur,
1346 4487 1401 4527 non
1417 4472 1451 4527 ad
1465 4469 1562 4538 Deum,
1581 4472 1699 4543 quinon
1720 4473 1774 4529 im·

141 4561 422 4625 hereditatemsuam,
437 4560 489 4614 boc
501 4567 552 4627 est,
567 4559 768 4614 exhaereditavit
780 4574 855 4615 cesa
870 4577 933 4629 pru-
982 4569 1113 4616 mutatur.
1133 4557 1201 4616 Nam
1213 4575 1303 4628 omne,
1316 4559 1388 4631 quod
1404 4559 1527 4616 futurum
1543 4570 1612 4628 erat,
1627 4561 1772 4618 abaeterna

142 4652 230 4708 missa
244 4650 368 4720 patribus
379 4650 546 4715 haereditate,
558 4665 628 4718 quos
643 4650 678 4704 ita
692 4651 819 4716 excoluit,
834 4660 863 4705 ut
882 4653 932 4705 ali·
983 4655 1041 4710 deri
1056 4654 1191 4724 disposuit
1201 4673 1209 4721 ;
1221 4654 1269 4710 sed
1284 4663 1314 4709 ut
1329 4654 1393 4708 illud
1409 4663 1578 4726 sequeretur,
1594 4671 1643 4727 per
1659 4655 1773 4712 tribula-

143 4742 208 4813 quis
228 4741 414 4796 haereditatem
438 4755 526 4796 suam.
549 4739 596 4795 Vel
620 4740 696 4795 risus
717 4748 759 4796 est
782 4741 932 4795 abominari
983 4747 1071 4826 aiones
1082 4747 1188 4802 exorari
1205 4745 1299 4800 noluit.

143 4840 188 4897 lta
203 4837 331 4893 editatem
346 4853 425 4893 suam
444 4852 491 4907 per
508 4836 695 4892 tribulationes
716 4843 743 4891 et
762 4834 931 4901 afflictiones,
1018 4835 1101 4892 Vens.
1118 4836 1163 4892 lb.
1183 4835 1217 4891 Et
1237 4837 1315 4891 dedit
1332 4853 1375 4891 eos
1393 4839 1420 4891 in
1443 4840 1652 4910 misericordias,
1678 4841 1705 4900 id
1731 4849 1773 4898 est

143 4936 298 5001 quaeram
312 4929 340 4984 in
355 4929 406 4994 eis,
424 4936 555 4984 ettamen
573 4924 729 4983 reservabat
743 4925 886 4996 quosdam,
904 4935 933 4980 ut
983 4927 1126 4997 multiplici
1139 4927 1324 4982 misericordia
1343 4928 1521 5004 circumdedit
1543 4948 1601 5000 eos,
1621 4941 1649 4988 ει
1661 4933 1690 4987 ιιι
1708 4945 1772 4987 eon-

144 5030 239 5077 essent
255 5035 307 5076 sua
321 5019 475 5076 haereditas.
983 5026 1072 5086 spectu
1089 5019 1216 5083 omnium,
1227 5017 1273 5086 qui
1285 5027 1406 5087 ceperunt
1420 5036 1474 5085 eos,
1489 5021 1516 5076 id
1532 5031 1572 5077 εει
1586 5021 1614 5077 in
1626 5020 1771 5077 manifesto

184 5109 266 5168 Vsus.
285 5112 330 5166 ll.
350 5110 385 5165 lit
402 5111 513 5165 tradidit
524 5127 567 5166 eos
578 5110 606 5163 in
617 5124 711 5164 mantra
722 5109 847 5180 petatium,
862 5108 934 5165 seili-
984 5106 1117 5173 omnium,
1131 5106 1177 5176 qui
1197 5107 1273 5175 prius
1288 5108 1419 5165 dominati
1440 5109 1548 5167 interant
1564 5111 1614 5166 cis.

145 5212 190 5259 εει
214 5201 452 5270 Philistlrinnrum,
471 5201 678 5259 bladianitarum
706 5209 733 5256 ει
756 5199 871 5255 alierum
886 5218 893 5255 ι
909 5210 934 5255 et
1019 5197 1060 5253 Ad
1075 5197 1230 5268 allegoriam
1244 5208 1285 5258 est
1297 5202 1501 5257 revertendum.
1524 5201 1640 5272 Propter
1652 5199 1771 5257 tornica-

147 5291 276 5348 dominati
297 5303 359 5348 sunt
378 5310 478 5356 eorum,
492 5294 537 5364 qui
551 5291 661 5345 oderunt
674 5307 727 5353 eos,
742 5305 858 5361 quorum
873 5288 933 5345 ido·
985 5288 1074 5345 tiones
1087 5298 1115 5344 et
1128 5289 1316 5346 immunditias
1336 5292 1422 5344 iratus
1434 5302 1472 5345 est
1486 5292 1575 5361 surore
1593 5288 1721 5345 Pontinus
1742 5290 1770 5344 in

146 5377 353 5438 lisseruieruut.
373 5381 487 5437 llultum
501 5394 583 5452 graue
602 5386 644 5434 est
656 5378 771 5446 bomini,
789 5380 855 5435 dum
879 5385 935 5434 tra·
985 5378 1080 5451 papuio
1093 5396 1141 5434 suo
1155 5381 1293 5452 castigans
1309 5395 1371 5434 eum
1388 5378 1470 5446 ieme,
1488 5378 1655 5451 pestilentia,
1668 5378 1768 5450 gladio.

145 5470 222 5528 ditur
232 5473 259 5528 iu
273 5483 435 5545 potestatem
447 5472 560 5529 inimici.
874 5475 882 5481 '
987 5469 1025 5525 Et
1036 5471 1202 5526 abominatur
1215 5483 1253 5525 est
1272 5471 1453 5525 hereditatem
1466 5486 1554 5536 suant,
1572 5471 1624 5527 lme
1638 5478 1690 5536 εει,
1705 5485 1770 5540 pro·

185 5561 266 5623 Vsus.
285 5565 332 5622 ts.
352 5563 388 5619 Et
398 5580 461 5622 eum
471 5564 515 5621 bis
525 5563 616 5621 traditi
628 5572 730 5634 essent,
746 5562 935 5619 tribularemnt
952 5613 956 5622 ,
986 5571 1046 5633 ριει
1066 5564 1151 5619 multa
1162 5562 1263 5635 flagitia
1275 5561 1480 5620 exhereditavit
1492 5577 1541 5619 eos
1554 5564 1590 5620 ab
1613 5561 1769 5620 haereditata

144 5671 191 5713 eos
205 5656 309 5714 inimici
318 5674 420 5722 aarum.
429 5657 476 5720 oui
489 5672 537 5716 eos
547 5657 667 5718 seruitio.
681 5666 712 5714 ut
725 5655 790 5716 olim
805 5653 934 5722 AEurptii.
987 5653 1113 5713 tidelibus
1128 5655 1303 5724 repromissa.
1329 5652 1461 5727 Populum
1475 5670 1551 5709 auum
1571 5661 1651 5713 rocat
1661 5661 1767 5730 propter
