3892 6067
200 271 253 327 eur
682 266 832 324 carinum
852 264 1049 324 tamensim
1069 265 1344 324 struendarum.
1493 224 1501 237 ⁹
1771 268 1827 322 etv

236 386 311 441 l'rrlis
327 385 425 442 citnlrte
457 400 558 441 romam
587 385 735 456 producent
761 396 786 440 ct
812 385 925 457 unguina
941 386 993 440 luit
1007 392 1030 445 ,t
1044 383 1147 439 abusus
1156 393 1216 438 evat
1230 384 1320 437 atllruc
1334 381 1444 452 spirans
1453 379 1628 436 minarumct
1644 380 1766 437 cadisin
1777 383 1837 438 ilia·

198 477 306 548 Moyses
319 477 346 530 in
362 473 490 546 AEgppm,
504 475 616 546 quando
629 474 720 530 adlrue
731 474 890 531 adolescens
903 473 990 545 AEgv·
1043 475 1149 545 cipulos
1160 490 1247 539 mene,
1255 475 1311 545 jam
1329 484 1394 529 tuuc
1417 482 1494 529 recte
1510 474 1637 528 utebatur
1665 483 1761 529 curura
1782 477 1837 530 bo·

198 570 285 640 prium
300 582 364 623 cum
378 564 494 622 llebraeo
509 567 644 621 rixantem
656 565 791 637 percussit
804 565 885 636 quasi
899 566 990 620 corrui·
1041 574 1098 621 stes
1114 580 1201 620 tucos.
1218 563 1314 620 Plures
1328 565 1356 618 in
1368 564 1441 620 bunc
1452 563 1564 619 modum
1576 564 1653 618 uitali
1666 573 1694 620 et
1709 565 1836 620 cornibus

199 659 338 728 drrsjustae
357 658 480 714 ultionis.
496 656 645 726 Qui'etiam
667 658 747 730 quasi
769 656 989 729 nngaiirterram
1041 656 1213 712 adversarios
1240 645 1382 722 ventilant,
1401 664 1428 710 et
1450 654 1557 726 ungulis
1583 664 1684 711 terram
1713 657 1837 712 excitant

197 749 345 817 excitabat,
358 750 470 821 quando
484 750 569 806 altera
584 750 629 807 die
640 749 710 806 duos
732 749 860 806 llcbuens
873 749 944 805 inter
961 764 992 804 se
1041 748 1214 805 aduersarius
1225 748 1350 804 ueritatis
1361 746 1528 813 ventilando,
1538 756 1566 802 et
1577 756 1685 801 terrena
1696 747 1837 818 sapientes

197 841 321 898 rixantes
334 842 369 897 ad
389 858 484 913 pacem
508 841 659 898 fraternam
686 843 854 914 pmvocabat
878 841 988 897 diceris:
1041 841 1075 896 ad
1087 855 1200 897 sensum
1212 840 1365 896 eoelcstium
1381 838 1566 908 provocando,
1581 836 1612 893 tr
1622 837 1734 908 quidem
1747 838 1835 908 placet

201 933 353 1001 ciramea.
384 935 481 1008 utquid
505 935 609 992 necetis
630 935 813 991 alterutrum?
839 936 910 1006 (Act.
939 949 989 1001 vn,
1041 931 1309 1003 bujusmodiritnlne
1324 931 1641 996 lieo,cuibonacuucta
1655 928 1837 1000 placentie·

196 1027 254 1098 ld).
269 1044 279 1079 r
294 1026 328 1081 Et
342 1027 452 1098 quidem
464 1027 568 1097 placuit
580 1025 638 1082 Ileo
652 1026 698 1083 liic
706 1025 769 1083 talis
779 1024 878 1081 adtulne
890 1040 991 1079 corano
1040 1033 1196 1081 rumtamen
1219 1040 1297 1095 snper
1318 1023 1429 1078 citrium
1453 1022 1582 1079 rtooettnm
1613 1037 1713 1076 cornua
1733 1022 1836 1092 produ·

196 1118 343 1189 producent
356 1128 381 1173 et
395 1119 528 1190 uirgato&
543 1127 664 1175 attamen
690 1133 769 1187 anper
793 1118 867 1172 bunc
880 1116 991 1170 uitulum
1041 1127 1140 1172 centem
1162 1124 1187 1170 ct
1199 1114 1313 1187 urrgnior
1327 1114 1412 1185 placet
1427 1114 1482 1169 Deo
1498 1115 1597 1169 burim
1616 1113 1660 1168 rl.a
1677 1114 1834 1183 maturitas,

197 1209 441 1265 rtottcllnmcdrnan
453 1211 651 1281 producentem,
666 1218 691 1264 ct
709 1206 823 1279 vrrgrtlos
837 1207 939 1278 placuit
953 1206 989 1275 ei,
1041 1223 1095 1279 qua
1106 1209 1203 1279 jugum
1225 1206 1338 1263 Domini
1360 1222 1444 1263 suane
1468 1206 1589 1263 suaviter
1614 1207 1835 1274 portaturum

197 1296 271 1371 «pund
284 1300 361 1357 idem
384 1301 485 1356 atteias
512 1301 642 1371 jambos
669 1314 786 1369 maguus
813 1297 912 1366 laetus,
931 1299 990 1368 jam
1040 1299 1262 1356 carnicolaetitic
1282 1298 1355 1356 Deus
1374 1300 1500 1355 laudatur
1524 1299 1552 1353 in
1570 1298 1705 1369 mipace,
1722 1295 1750 1352 iu
1777 1313 1835 1369 qrra

196 1391 265 1447 leris
279 1390 441 1447 obedientiae
455 1392 483 1446 in
493 1392 641 1462 AEgyptunv
654 1388 783 1445 reductus
796 1385 914 1442 Domino
927 1386 992 1441 mit
1041 1408 1093 1447 nec
1106 1391 1280 1447 adversarius
1291 1392 1475 1458 ventilandus,
1491 1406 1541 1446 nec
1552 1390 1628 1463 piger
1645 1399 1689 1446 est
1710 1390 1836 1447 excitan-

196 1491 271 1537 tente
285 1482 364 1538 sicin
379 1492 435 1537 tuta
446 1480 771 1554 tligyptoagrieultnram
786 1478 915 1551 grandem
928 1492 992 1549 per-
1041 1482 1103 1539 dus.
1116 1481 1173 1538 Par
1202 1484 1254 1539 ista
1281 1492 1324 1539 est
1352 1483 1511 1539 bominibus
1532 1482 1611 1538 bonae
1631 1482 1781 1538 voluntatis
1802 1482 1835 1537 in

196 1576 252 1645 egit
270 1575 416 1647 contingam
434 1574 486 1631 sibi
506 1575 597 1630 Aaron
616 1572 702 1629 tratre
727 1586 780 1630 stru
801 1572 880 1643 quani
903 1571 991 1626 altere
1040 1590 1128 1630 unum
1142 1574 1325 1647 congregatis,
1339 1574 1439 1644 quibus
1451 1583 1494 1630 est
1509 1574 1612 1629 bonurn
1631 1583 1659 1629 et
1677 1573 1834 1644 jucundum

196 1666 276 1733 lmre,
291 1677 322 1722 ut
334 1682 428 1723 seriten
440 1666 516 1722 rerbi
530 1665 578 1721 ltei
592 1680 722 1737 sparsum
739 1664 796 1721 illic
812 1664 840 1720 in
859 1663 991 1721 cordibus
1041 1665 1165 1722 babitare
1175 1667 1203 1722 in
1217 1682 1313 1722 urrurn.
1328 1665 1382 1722 Sed
1394 1666 1473 1737 plena
1486 1676 1514 1721 et
1533 1665 1652 1737 perlecta
1665 1666 1692 1721 in
1708 1667 1760 1722 bac
1782 1681 1835 1737 pe·

198 1758 369 1814 audientium
384 1758 488 1829 grande
509 1766 671 1828 operaretur
694 1756 840 1828 judicium,
854 1771 909 1811 riou
930 1770 991 1811 unu
1005 1729 1028 1783 B
1041 1758 1226 1830 regrinatione
1236 1774 1289 1830 pax
1304 1758 1356 1814 ista
1369 1773 1424 1813 riou
1440 1768 1532 1828 potest
1548 1773 1621 1824 esse,
1639 1757 1771 1828 guardam
1785 1759 1837 1814 laic

198 1847 329 1919 AEgyptio
343 1848 421 1918 qnasi
436 1847 569 1903 corrribus
587 1845 711 1902 vitulinis
733 1860 865 1915 percussu
879 1843 920 1898 rel
934 1859 991 1899 nno
1041 1849 1184 1918 initianda,
1200 1860 1228 1906 et
1238 1848 1265 1904 iu
1281 1849 1375 1905 tuturo
1388 1847 1594 1921 betregneertt
1602 1848 1832 1919 ennsrrmnsanda.

198 1938 314 1995 llebrnn
328 1938 368 1994 sie
387 1939 514 2007 liberate,
536 1938 585 1995 sad
618 1938 697 2008 quasi
721 1937 827 1993 betium
849 1939 990 2007 gravitatis
1040 1941 1069 1997 lu
1089 1957 1145 2012 qun
1160 1955 1244 2012 regne
1271 1955 1323 2012 ego
1334 1940 1461 1996 Christus
1484 1940 1543 2010 jana
1570 1938 1710 2010 triumphe
1729 1939 1833 2010 potitus

198 2029 496 2086 rnaturituteunirersa
516 2039 588 2086 terra
614 2028 726 2101 AEgypti
750 2038 873 2096 exarata,
892 2038 990 2086 ettota
1041 2030 1112 2087 ultra
1137 2031 1237 2087 choros
1264 2030 1424 2100 atigelcrum
1455 2029 1601 2097 exaltatus,
1615 2028 1721 2084 devicta
1743 2039 1833 2084 nrnrte

197 2121 374 2178 llebrrnorunt
389 2130 469 2193 gente
482 2121 545 2178 inde
558 2122 683 2178 liberata.
698 2119 768 2177 llirro
778 2121 861 2178 etiam
877 2122 990 2179 basiate
1041 2121 1126 2192 gloria
1134 2130 1166 2177 ct
1176 2121 1280 2176 bonore
1290 2129 1449 2189 cordatus,
1460 2119 1519 2190 jam
1533 2136 1588 2175 non
1603 2118 1702 2175 citatur
1714 2117 1832 2174 uomitus

196 2212 277 2285 quasi
292 2213 398 2285 mugitu
412 2212 580 2284 gmrtdiseno
595 2212 723 2270 laudabat
738 2212 825 2270 [lcum
851 2229 911 2267 cunt
922 2229 989 2268 con·
1040 2212 1131 2268 adbuc
1145 2211 1338 2278 ituurnlandns,
1357 2212 1421 2282 quia
1441 2226 1518 2267 mors
1536 2211 1603 2267 ruint
1626 2211 1696 2266 ultra
1711 2225 1766 2266 nnn
1781 2210 1832 2264 tle·

196 2308 260 2373 tice‚
271 2305 570 2377 etmagnideabatenm
582 2306 610 2360 in
624 2303 703 2360 teste
716 2303 757 2361 sic
767 2304 877 2361 dicens:
895 2323 904 2358 t
917 2304 990 2360 Cau·
1040 2303 1201 2371 minabitur,
1211 2304 1258 2360 sed
1273 2304 1316 2358 lm
1331 2302 1389 2358 sire
1399 2302 1490 2373 aquila
1506 2301 1689 2356 iterarinandus
1713 2299 1832 2354 latidudo

196 2413 288 2455 temus
315 2396 450 2465 Domitio,
475 2398 595 2470 gloriose
617 2397 691 2454 cuim
716 2398 907 2470 magnificatur
927 2408 987 2455 est:
1039 2393 1194 2448 riomertllci
1212 2392 1432 2456 consecutione
1447 2389 1830 2463 drogrrtpcdtoenmtntodde.

194 2504 297 2560 equum
316 2499 532 2546 etatcettserem
556 2488 671 2560 proiecit
684 2490 712 2544 in
732 2504 808 2545 mare
827 2487 927 2560 (Enod.
941 2506 987 2557 xv,
1039 2483 1179 2552 laudato,
1195 2495 1220 2540 et
1235 2485 1410 2556 rudgeridcodo
1429 2485 1456 2540 iu
1467 2484 1584 2554 meipso,
1595 2484 1642 2554 qni
1657 2497 1718 2539 sum
1736 2482 1830 2552 ‹psat-

196 2583 234 2652 l).
253 2601 263 2635 r
280 2581 355 2637 lstnd
365 2580 504 2637 cauticum
516 2579 606 2637 laudis
618 2578 738 2651 plorebat
753 2579 807 2636 beo
822 2596 900 2651 snper
916 2581 987 2635 ritu·
1031 2577 1137 2637 ,terium
1150 2576 1303 2648 jucundum
1316 2598 1326 2629 e
1345 2577 1373 2631 in
1394 2576 1503 2646 spiritu,
1524 2591 1610 2631 rcum
1624 2574 1728 2629 eitbara
1741 2572 1830 2643 (tear.

195 2676 251 2729 leur
269 2673 534 2744 nouellnnr,qnalem
554 2672 583 2728 iu
602 2672 719 2729 seldene
742 2671 852 2745 llnvses
875 2687 990 2744 expres·
1038 2684 1121 2735 nau,
1135 2669 1184 2739 5)r
1201 2668 1292 2724 earnis
1307 2667 1668 2737 mortificatrinpassiouc,
1682 2665 1831 2737 sedglaci-

194 2775 279 2835 eerat,
293 2765 405 2839 quando
416 2766 476 2821 zelo
487 2765 603 2837 justitiae
612 2772 987 2835 nunspercnsseratuuum
1038 2761 1126 2816 beatae
1140 2761 1167 2816 in
1181 2761 1391 2817 resurrectione.
1403 2757 1531 2814 landabo
1545 2759 1573 2814 in
1585 2759 1699 2831 angelis,
1713 2757 1831 2813 landabo

194 2858 353 2930 AEgyptturn
371 2872 426 2912 non
441 2856 476 2912 ad
489 2856 543 2913 boc
556 2855 782 2914 radendumloro
793 2856 906 2913 strictus
919 2856 988 2912 ulre-
1038 2853 1066 2907 in
1081 2851 1221 2909 Ecclesiir.
1236 2849 1393 2908 continebor
1404 2852 1431 2905 in
1442 2850 1582 2922 gentibus,
1595 2850 1710 2921 pratum
1725 2851 1754 2904 in
1779 2864 1830 2918 p.-

192 2947 302 3002 dieutiae
313 2946 357 3002 vel
369 2946 436 3018 jugo
449 2943 713 3016 jussioniallnmini,
729 2944 802 3001 sicat
809 2944 923 3017 jubente
932 2943 989 3000 bo-
1039 2947 1204 3019 pulis.dum
1233 2946 1390 3017 psallentes,
1406 2943 1605 3000 corvtltenteset
1620 2942 1762 2997 laudantes·
1785 2940 1830 2993 la·

193 3042 372 3117 1111110,11111,θ
390 3040 495 3107 diuisit,
516 3054 566 3110 per
590 3037 671 3111 11111118
693 3038 814 3095 medium
840 3035 986 3093 Pharaone
1000 3065 1021 3122 (ς
1038 3043 1093 3109 cio,
1106 3056 1177 3112 ques
1191 3041 1257 3096 mibi
1274 3056 1323 3111 per
1342 3039 1435 3105 tidem,
1452 3053 1527 3107 spem
1539 3046 1565 3093 et
1577 3036 1738 3092 charitatem
1746 3033 1829 3090 enad-

192 3148 256 3188 euru
271 3130 393 3187 exercitu
405 3146 457 3186 suo
469 3129 700 3201 eirenopopulum
715 3128 763 3186 Dei
783 3128 913 3185 traduxit.
1038 3134 1141 3190 unabo.
1155 3133 1190 3189 Et
1209 3134 1261 3190 boe
1278 3132 1447 3188 sacrificinm
1471 3130 1561 3187 laudis
1582 3130 1609 3185 in
1633 3146 1689 3197 me,
1701 3144 1734 3185 ae
1758 3128 1830 3183 meis

220 3221 285 3293 Ego
297 3222 381 3277 etiam
394 3220 523 3279 Cbristus
534 3221 614 3293 guasi
625 3219 986 3292 erratureornraproderem
1036 3225 1149 3296 piorelit
1167 3224 1221 3280 Deo
1237 3240 1314 3295 super
1325 3224 1438 3278 citriam
1454 3222 1586 3279 rromllann
1604 3238 1705 3277 cornua
1728 3220 1829 3290 produ·

188 3314 344 3385 etarrgnlos
360 3322 463 3370 terram
479 3312 560 3384 quusi
573 3312 681 3384 nugalis
696 3312 824 3378 excitavi,
847 3328 911 3369 oum
935 3315 986 3370 ad·
1036 3329 1137 3374 rentem
1165 3326 1190 3373 et
1210 3316 1334 3389 nugator.
1360 3315 1447 3387 Cujus
1468 3317 1564 3388 artique
1584 3314 1751 3372 sacrificium
1772 3329 1829 3368 trun

191 3406 246 3459 lruc
268 3405 403 3461 duodenis
425 3404 454 3460 in
468 3404 712 3461 rrrcdtndonorrm
727 3403 826 3461 sedens
840 3404 868 3460 in
884 3406 987 3476 templo
1036 3419 1255 3481 estpanpernm,
1281 3408 1328 3464 sed
1354 3407 1482 3474 diritnm,
1497 3422 1553 3462 noir
1580 3407 1754 3461 intirmorum
1778 3405 1829 3460 sed

190 3496 456 3568 interrogationibus
467 3495 535 3553 meis
550 3510 600 3553 eus
611 3494 665 3553 leci
677 3504 809 3562 anenms,
825 3495 862 3553 ita
874 3506 905 3552 ut
926 3508 986 3555 stu·
1036 3501 1159 3568 tertium,
1177 3500 1267 3572 qualis
1284 3508 1344 3556 erat
1364 3499 1481 3571 lloyses,
1495 3514 1559 3555 curn
1582 3499 1718 3570 percussit
1742 3495 1830 3567 AEgy·

188 3598 376 3662 perentsuper
388 3588 561 3660 prudentiam
583 3596 612 3644 et
627 3587 768 3659 responsis
785 3588 865 3656 meis,
877 3589 979 3660 quibus
1037 3594 1133 3663 prium,
1146 3591 1306 3664 qualiscrat
1323 3589 1432 3656 Petrus,
1457 3607 1520 3648 curu
1551 3589 1687 3662 percussit
1715 3603 1828 3645 servum

190 3681 286 3752 ntique
295 3696 359 3737 cunt
375 3678 427 3752 ipsi
445 3679 546 3737 terreni
553 3687 660 3747 essent,
675 3679 867 3736 excitabantur
880 3680 914 3737 ad
926 3696 985 3736 me-
1036 3683 1167 3754 prineipis
1178 3684 1362 3748 sacerdotum,
1380 3681 1470 3752 qualis
1484 3690 1544 3737 erat
1558 3679 1714 3752 Stephanus
1727 3681 1828 3752 plenus

189 3774 301 3830 ditanda
316 3774 450 3831 celestia.
468 3773 515 3831 Sic
526 3788 575 3845 per
586 3776 688 3830 multas
709 3772 856 3846 pmrabolus
866 3773 984 3830 excitari
1035 3778 1121 3847 gratia
1136 3776 1258 3831 vitulinae
1274 3775 1465 3831 teneritudinis
1481 3791 1514 3830 ac
1527 3774 1712 3846 pinguedinis,
1725 3782 1752 3828 et
1767 3772 1827 3829 lor-

189 3874 297 3924 mentes
321 3882 418 3924 curum
442 3865 747 3923 terrenasadveritatls
764 3864 982 3937 inquisitionem.
1035 3867 1152 3923 titudine
1175 3865 1412 3934 catalaunicum
1439 3882 1550 3938 diroque
1576 3877 1669 3922 taurea
1691 3867 1829 3922 rerrtilan·

189 3959 321 4016 Contione
334 3974 445 4030 quoque
454 3957 592 4016 interdum
604 3956 767 4014 ventilabam
779 3956 874 4014 brutos
887 3957 985 4013 adrer-
1035 3959 1115 4013 tinm.
1150 3955 1204 4014 Sed
1234 3955 1429 4013 ‹sacrilleinm
1452 3956 1541 4012 laudis
1566 3953 1756 4012 liutroridcabit
1780 3971 1829 4012 ma

189 4051 279 4106 varios
300 4065 377 4106 meos
392 4059 487 4121 aperte
508 4049 575 4106 ¹sine
600 4047 740 4120 parabolis
762 4047 939 4118 increpando,
953 4057 985 4104 ut
1035 4046 1122 4117 (l'rat.
1139 4064 1211 4115 mir,
1222 4048 1301 4117 23),»
1319 4062 1352 4103 ae
1363 4045 1471 4101 Patrem
1487 4062 1590 4113 meum,
1603 4047 1677 4119 quod
1690 4056 1745 4104 tam
1757 4065 1829 4119 pau·

188 4141 265 4197 verbi
279 4142 377 4214 gratia,
389 4156 454 4198 cum
466 4141 650 4198 subvertendo
660 4154 772 4198 mensas
782 4139 983 4197 nummulario·
1034 4139 1145 4211 peribus
1159 4155 1241 4210 quam
1257 4138 1398 4202 divitibus,
1414 4146 1469 4193 mm
1483 4138 1598 4195 intineris
1609 4155 1691 4210 quarn
1708 4139 1827 4195 lordbns

188 4250 262 4303 rum,
276 4243 304 4291 ct
327 4234 472 4292 cathedras
489 4235 666 4292 renuentium
694 4235 837 4293 columbas
863 4235 982 4292 cuderem
1033 4228 1131 4284 ederae
1142 4226 1272 4298 possibile
1283 4234 1336 4292 est,
1356 4225 1458 4300 irnngdc
1472 4242 1554 4284 urarru
1577 4244 1729 4300 pauperum
1743 4237 1770 4284 et
1781 4229 1827 4283 iu·

188 4320 264 4383 illis:
283 4344 292 4377 r
310 4323 450 4397 scriptum
466 4335 509 4383 est
523 4327 588 4398 quia
602 4326 702 4383 domur
715 4342 776 4383 mm
794 4326 893 4384 domm
915 4343 983 4383 dm.
1034 4322 1177 4373 firmorum
1192 4318 1254 4388 plns
1265 4316 1433 4387 acceptabile
1447 4327 1499 4386 est,
1515 4320 1627 4391 quarrdn
1649 4321 1775 4392 exerupln
1788 4321 1826 4375 il·

188 4417 406 4472 doarensium
421 4426 513 4471 antem
539 4417 643 4472 lecistis
670 4418 744 4472 ittam
766 4415 923 4486 speluncam
938 4420 982 4472 ld·
998 4400 1020 4456 D
1034 4410 1088 4464 lius
1102 4408 1275 4479 paupercule
1293 4409 1394 4476 viduae,
1407 4425 1469 4480 que
1484 4419 1571 4465 tntum
1582 4412 1684 4467 victum
1698 4427 1779 4467 sumn
1795 4411 1825 4467 in

187 4517 299 4562 trrnmm
318 4505 395 4578 (Lar.
411 4522 470 4574 ιιι,
484 4506 541 4577 tt).
556 4525 567 4557 r
584 4503 667 4561 item:
692 4504 761 4561 ‹Vae
775 4505 853 4562 robis
878 4505 982 4565 Scriboe
1033 4501 1147 4559 denaria
1158 4502 1244 4568 misit,
1256 4511 1283 4558 ct
1296 4502 1348 4573 ipsi
1362 4510 1461 4570 totum,
1473 4503 1547 4574 qnod
1560 4503 1666 4570 viverit,
1682 4505 1756 4576 quiid
1777 4519 1825 4559 sa·

188 4608 216 4653 er
229 4597 372 4664 ptuisset,
389 4599 436 4670 qut
460 4597 610 4667 ,decimans
641 4606 732 4652 rutam
756 4607 784 4652 et
805 4598 936 4655 arternum
953 4611 983 4657 er
1031 4594 1120 4665 pient,
1132 4594 1208 4664 quon·
1220 4602 1345 4664 praesunt,
1361 4594 1389 4648 iu
1404 4594 1512 4650 taudem
1526 4596 1646 4651 uentris
1660 4595 1706 4652 nd
1723 4611 1825 4666 exnun-

188 4705 271 4744 unnrc
287 4690 359 4756 elus,
387 4698 415 4746 et
435 4689 579 4761 praeteritis
605 4689 710 4760 majora
731 4688 810 4760 legis,
824 4689 982 4747 misericor.
1032 4684 1101 4739 durrt
1113 4685 1180 4739 nibil
1193 4685 1246 4741 sibi
1258 4685 1293 4742 de
1311 4702 1342 4742 se
1367 4695 1550 4753 reservantes,
1571 4703 1713 4759 rrutrqnam
1741 4704 1821 4744 suurn

187 4783 273 4847 diam,
294 4781 470 4851 justitiamet
494 4780 887 4855 lldcmlllattl.xrrrt‚25l.e
904 4782 980 4840 l'alia
1030 4775 1197 4831 ⁸⁹⁰l¹t¹¹¹²¹⁰¹¹¹
1218 4790 1235 4831 2
1259 4776 1351 4832 11111111
1376 4787 1546 4848 separabit&
1570 4778 1627 4834 11110
1656 4795 1696 4847 ⁸0.
1715 4796 1837 4852 8111111111.

187 4872 293 4937 rucene,
304 4880 332 4927 ct
350 4886 433 4940 opera
448 4873 583 4928 mirabilia
608 4873 712 4929 iaciens
733 4872 902 4928 assimilatus
917 4889 979 4929 auru
1031 4865 1187 4922 0111111θῦῡί
1205 4867 1366 4923 ubutlieuliae
1378 4869 1534 4926 subdetttes·

186 4961 270 5016 uitale
285 4959 385 5016 noirello
412 4978 514 5017 conrad
534 4963 689 5033 producenti
716 4971 743 5018 ct
765 4963 890 5036 ungriae.
918 4962 979 5020 Nun
1068 4956 1148 5014 Vtut·
1165 4958 1210 5013 55-
1229 4957 1339 5014 Videant
1354 4974 1492 5031 thtttt,
1502 4970 1528 5015 11
1541 4961 1674 5029 letentur,
1687 4963 1819 5033 quomam
1867 4960 1880 4980 ⁸

187 5053 267 5109 ilico:
287 5051 395 5106 tradenti
419 5067 529 5116 camna,
554 5051 602 5106 sed
629 5052 803 5121 producenti:
818 5053 895 5124 qnia,
913 5053 980 5109 dnm
1029 5050 1080 5106 etsi
1096 5051 1308 5108 vitulosollerre
1333 5060 1483 5123 nequeunt,
1510 5055 1563 5111 sint
1587 5056 1670 5111 niodo
1689 5071 1818 5125 properea

187 5145 379 5214 producuntur
389 5158 505 5210 cornua,
521 5143 555 5198 de
567 5143 612 5198 dic
631 5142 660 5197 in
685 5142 758 5198 diem
783 5145 896 5215 capiunt
910 5162 980 5216 ang·
1029 5143 1138 5213 spiritu,
1160 5142 1301 5199 laudantes
1331 5142 1418 5199 muru
1449 5145 1477 5200 in
1507 5156 1666 5218 paupertate
1688 5144 1818 5212 suadeo

188 5247 292 5305 retenta,
307 5237 457 5294 seeundum
468 5235 541 5308 quud
554 5251 614 5307 rgo,
628 5251 690 5292 cunr
719 5236 808 5293 adbuc
820 5239 919 5295 uitulus
933 5256 980 5293 rto·
1028 5233 1167 5304 placebant
1180 5250 1259 5304 anper
1272 5234 1385 5289 vitulum
1401 5236 1532 5291 noueltnrn
1551 5254 1650 5293 carrina
1668 5239 1818 5307 producen-

188 5330 381 5397 cellanensem,
396 5327 572 5401 proficiebam
592 5328 725 5400 sapientia
740 5339 767 5384 et
780 5337 860 5385 tctatc
874 5338 902 5385 et
915 5346 979 5399 gra·
1029 5339 1080 5382 tem
1092 5338 1117 5383 ct
1138 5328 1261 5399 aridulae.
1272 5328 1483 5401 Loetentnrergo
1491 5347 1629 5400 properea,
1638 5330 1703 5401 quia
1715 5329 1818 5387 oblatio

190 5424 226 5478 da
243 5422 314 5494 apud
330 5421 416 5478 [lcum
427 5432 455 5479 ct
469 5420 605 5478 bumines.
1026 5422 1083 5493 jam
1100 5435 1154 5476 non
1167 5421 1194 5474 in
1207 5420 1383 5478 iacultatibns
1403 5420 1491 5490 posita
1517 5431 1570 5489 est,
1584 5422 1632 5477 sed
1658 5424 1687 5476 in
1713 5431 1817 5489 meritc,

224 5513 291 5568 item
304 5516 374 5571 alius
387 5515 484 5569 titulus
498 5530 575 5570 tuens
589 5514 704 5569 nouellrn
719 5529 820 5569 cernuo
831 5513 978 5582 producent
1029 5512 1076 5568 nbi
1087 5513 1164 5567 diviti
1179 5528 1279 5583 panpm
1289 5524 1424 5583 aequatur.
1437 5510 1558 5568 Credant
1586 5513 1630 5570 bis
1644 5513 1736 5579 dictis,
1754 5513 1819 5583 qui-

188 5608 215 5660 ct
225 5603 337 5674 ungulae
348 5606 518 5673 adolescens,
528 5604 576 5676 qui
600 5602 748 5660 vocabatur
765 5601 877 5671 Saulus,
891 5604 979 5673 magis
1028 5603 1080 5658 bus
1093 5617 1219 5673 pauperes
1233 5602 1465 5674 evangelizantur,
1476 5605 1504 5660 lri
1516 5604 1704 5675 potissimum.
1717 5604 1774 5660 inm
1787 5605 1815 5659 bi

189 5694 325 5765 armagis
343 5696 559 5768 convalescebat,
585 5704 612 5755 et
626 5692 774 5754 corniculis
788 5694 889 5768 quibus
914 5703 978 5754 ante
1028 5695 1211 5767 solummedo,
1237 5695 1285 5768 qul
1311 5712 1437 5778 mergerer
1465 5706 1627 5770 permanent
1649 5706 1698 5753 aut
1713 5696 1817 5755 divictis
