3892 6067
132 219 193 282 257
419 214 698 274 cohhlh'iltmdtl
719 216 753 271 ΙΝ
770 216 940 274 usitatos,
960 246 997 258 -·
1015 215 1107 274 PARS
1123 215 1177 274 tlt.
1207 250 1230 261 -
1248 216 1347 303 isal..
1369 217 1484 277 ttt'ltt.
1726 224 1781 281 258

136 335 285 402 seducere,
298 329 348 390 ted
360 329 514 404 intelligant
528 346 559 388 te
577 331 647 388 duee
665 330 797 400 indigere.
820 330 936 387 doraum
949 333 975 391 Α
988 328 1189 387 Ecclesiastico
1213 330 1272 400 tihi,
1291 330 1371 390 Pater
1398 334 1494 405 juste:
1510 332 1688 392 ortanum
1709 325 1781 393 uati

136 441 254 502 quoqne
274 441 366 481 eoram
387 441 489 495 temper
507 427 628 494 lacerta,
643 434 674 481 ut
687 440 820 497 sequanos
839 438 935 482 eornm
986 438 1131 490 eorumne
1145 422 1261 490 videant,
1278 435 1303 479 et
1317 426 1426 482 doraum
1439 442 1528 481 eoram
1547 443 1648 497 temper
1661 428 1781 495 lacertu,

137 534 198 573 tton
212 518 268 572 sint
280 515 364 571 erecti
377 531 427 586 per
443 516 612 586 superbiam,
628 517 676 572 sed
692 515 828 572 incurvati
839 525 867 571 ιι
885 515 937 570 hu·
988 512 1207 583 utaempercurti
1219 523 1246 569 ιι
1255 516 1486 585 uunquamerecti
1499 532 1553 572 non
1565 516 1673 574 ualeant
1687 518 1781 589 oppri-

138 608 240 666 miliati
255 608 299 664 rel
329 606 363 663 ad
383 607 585 678 paenitentiam,
612 606 686 678 quod
711 623 760 679 por
779 607 936 664 misericor·
987 603 1170 668 merendune,
1182 613 1264 674 prout
1276 607 1381 662 uolunt.

139 702 218 756 diam
233 700 307 766 tolo,
323 699 366 755 tel
378 698 412 753 ad
424 713 547 770 poenam,
569 698 643 770 quod
667 714 716 770 per
741 700 847 771 justum
860 698 936 770 ludi·
1024 693 1131 767 Etonia
1148 693 1283 768 AEgyptiis
1307 697 1446 767 quondam
1477 698 1549 756 dllos
1574 698 1657 756 lsrael
1690 700 1782 771 oppri-

139 794 217 851 ta‘um
231 793 329 848 tolero.
351 788 387 845 Et
407 791 461 846 hoc
472 806 573 861 temper
585 791 623 846 lta
636 790 683 856 sit,
698 792 848 847 secundum
863 791 937 862 quod
988 787 1126 843 mentibus
1140 797 1167 844 et
1181 790 1337 847 odientibus
1348 790 1392 846 isti
1408 798 1473 847 sunt
1495 790 1523 845 in
1537 791 1641 847 malitia
1669 806 1783 861 compa·

139 881 207 940 dico
224 902 231 937 :
251 882 470 938 Doraumeorrtm
497 897 599 953 mntper
622 882 741 949 incuruo,
764 890 795 939 ut
805 891 833 939 ιι
847 882 937 955 pmui·
989 878 1068 934 randi
1089 878 1228 935 ueletiam
1255 879 1427 951 praelerendi,
1448 891 1644 952 comparentur
1673 897 1783 951 quoque

140 975 265 1031 tentibus
281 973 422 1029 humilitas
441 981 551 1029 maneat
570 973 746 1044 sempiterna,
760 982 788 1030 et
807 974 934 1046 imposui·
988 968 1043 1027 illis
1060 969 1087 1026 in
1105 986 1194 1041 pmna.
1211 970 1312 1028 Deillis
1323 971 1416 1029 dixisti
1438 972 1472 1029 ad
1482 972 1594 1046 lloysen
1610 992 1616 1028 :
1636 992 1646 1026 t
1661 972 1783 1029 Extende

140 1067 267 1122 tentibus
302 1064 458 1121 humiliatio
484 1065 549 1121 item
582 1066 760 1137 sempiterna,
795 1075 938 1138 utusque
986 1076 1101 1117 mantum
1117 1073 1191 1118 tuam
1210 1079 1293 1134 super
1309 1062 1468 1136 AEgyptum,
1495 1074 1522 1120 et
1539 1065 1728 1121 sluttenchrac
1754 1065 1781 1121 in

140 1159 170 1213 ia
195 1157 250 1212 illis
262 1172 311 1228 per
333 1154 496 1211 humilitatis
520 1155 660 1224 uirtutem,
673 1156 802 1228 noquein
823 1156 939 1227 istispet
989 1155 1107 1228 AEgppto
1120 1163 1174 1211 tam
1192 1156 1294 1223 dettsac,
1313 1166 1343 1213 ut
1358 1157 1462 1228 palpari
1481 1165 1594 1227 niteant,
1622 1167 1650 1214 et
1681 1156 1781 1213 laetum

140 1248 346 1304 humiliationis
371 1246 481 1319 pondus
513 1248 664 1305 incurratis
686 1248 740 1305 ulla
765 1249 803 1305 sit
828 1248 939 1305 occasio
989 1257 1032 1304 est
1047 1248 1084 1303 ita
1103 1247 1203 1319 (haud.
1221 1264 1248 1311 a,
1261 1248 1318 1319 il).
1337 1266 1346 1301 ι
1372 1247 1441 1304 Nam
1456 1250 1546 1320 spatio
1571 1249 1653 1304 trium
1675 1249 1782 1303 dierunt

139 1339 283 1395 elationis.
991 1340 1108 1397 tenchrae
1133 1339 1280 1396 horribiles
1306 1351 1385 1396 erant
1400 1357 1483 1412 super
1507 1357 1604 1398 omnes
1630 1341 1783 1413 AEgyptins,

177 1430 266 1486 Aliter
278 1448 286 1486 ε
299 1429 558 1487 Olacarentaroctrli
571 1447 661 1487 eornm
672 1430 827 1500 arrideant,
841 1441 866 1488 et
877 1431 940 1486 clor-
990 1429 1142 1487 obscuratis
1157 1430 1262 1487 seiten
1287 1431 1374 1486 oculis
1394 1446 1501 1500 eorum,
1520 1447 1574 1487 non
1594 1434 1727 1488 exstinctu
1756 1432 1783 1485 iu

138 1539 202 1577 aaut
219 1538 312 1576 eornm
325 1537 427 1592 aernper
453 1522 572 1577 insarno.
606 1520 743 1592 Scriptum
771 1532 837 1578 est:
857 1540 866 1574 ι
888 1520 940 1578 Sa·
989 1522 1031 1578 eis
1048 1519 1224 1589 risione,sed
1249 1521 1415 1577 circumfusa
1436 1523 1477 1578 eis
1500 1522 1621 1593 undique
1640 1524 1725 1578 densa
1736 1538 1768 1577 ca

138 1613 328 1683 pietttisoculi
354 1613 383 1669 iu
399 1614 488 1683 eapite
501 1615 573 1686 ejus,
589 1615 662 1672 oculi
679 1622 770 1671 autem
792 1615 939 1672 stultorum
991 1612 1085 1683 ligine,
1101 1612 1138 1666 ita
1158 1622 1189 1668 ιιι
1215 1627 1269 1668 uon
1284 1621 1379 1685 posset
1393 1614 1539 1685 quisquam
1567 1614 1677 1669 illorum
1693 1614 1785 1669 nidere

140 1702 172 1758 in
191 1703 294 1761 linibus
308 1712 389 1760 terrra
409 1688 513 1775 lacco.
543 1721 574 1773 tr,
586 1706 634 1773 lt;
670 1704 750 1762 Pron.
763 1722 830 1773 artu,
848 1706 906 1778 at).
926 1726 936 1761 r
954 1702 1103 1770 Biratrom
1127 1720 1220 1768 suum,
1244 1721 1295 1760 nec
1315 1720 1466 1761 moreresc
1478 1705 1512 1761 de
1525 1705 1587 1761 loeo
1604 1704 1631 1760 iu
1648 1713 1783 1776 quaerat.

140 1793 369 1866 Sapientiaoculi
385 1796 492 1852 suntin
527 1794 615 1867 capite
634 1796 705 1867 ejus,
734 1798 798 1868 quia
816 1796 940 1854 inChri-
993 1793 1040 1851 Sic
1051 1795 1146 1851 etistis
1159 1793 1320 1851 lilioslsrael
1329 1796 1531 1862 odientlhus,et
1541 1796 1718 1851 honosuculo
1733 1812 1783 1852 ne·
1840 1782 1843 1787 ’

140 1896 231 1955 stum,
245 1887 293 1959 qui
306 1898 349 1945 est
364 1896 447 1958 eaput
468 1887 593 1944 omnium
623 1888 769 1955 honorum,
792 1888 840 1961 otti
856 1890 940 1947 etiam
991 1884 1785 1958 qoaminspicierttihus‚velpotiusdespicientihusprnpe·

139 1988 268 2050 caputet
281 1979 445 2051 principium
456 1988 498 2035 est
514 1980 638 2036 omnium
653 1989 852 2050 creaturamm,
868 1981 941 2038 sieut
991 1978 1786 2052 diaturinlongumlatumqueptospeetns,utlicetlraheant

142 2073 204 2144 ipse
229 2073 315 2129 altu
348 2071 406 2143 Ego
430 2072 606 2144 principium,
632 2073 679 2144 qui
702 2074 840 2145 etloquor
862 2075 941 2132 nohis
991 2071 1107 2127 rationis
1116 2086 1243 2139 acumen,
1258 2081 1348 2127 tanuen
1363 2072 1448 2126 densa
1457 2070 1590 2127 fatuitatis
1599 2071 1715 2142 caligine
1728 2072 1786 2127 eir-

143 2160 241 2233 (loun.
269 2177 331 2228 ιιιι,
373 2162 432 2230 25),
461 2162 559 2218 »etde
584 2176 639 2234 quo
668 2161 879 2235 linyscsaitrt
910 2163 941 2221 la
992 2160 1122 2229 cnmlusi,
1138 2177 1193 2216 non
1212 2161 1370 2233 sepossint,
1381 2172 1464 2232 prout
1479 2163 1585 2229 uolunt,
1604 2178 1724 2229 morere,
1736 2179 1785 2219 seu

142 2253 287 2326 principio
304 2256 408 2310 crearit
421 2251 493 2310 oeus
505 2255 605 2310 coelum
620 2263 648 2310 et
681 2262 782 2311 terram
807 2254 893 2325 (Gen.
920 2272 940 2324 t,
993 2254 1145 2325 malaque
1152 2253 1312 2317 moliuntur,
1322 2268 1490 2324 promovere.
1505 2252 1569 2309 item
1583 2252 1786 2310 Sodomitaro·

141 2345 223 2417 l);a
250 2344 278 2399 in
302 2344 380 2410 illud,
396 2344 520 2416 inquam,
538 2354 664 2417 caputac
688 2346 851 2418 principium
876 2347 942 2404 diri·
993 2345 1787 2420 lentosirrumpcreindomumLotjustiticcsecitateper·

141 2445 249 2509 guntur
260 2437 333 2492 ocati
343 2436 486 2509 sapientis,
498 2446 528 2494 ut
546 2438 609 2494 inde
620 2437 737 2494 habeant
751 2451 824 2496 recte
835 2455 942 2512 sapere,
992 2435 1067 2492 cossi
1078 2444 1153 2504 suut,
1168 2445 1198 2491 ut
1209 2437 1311 2493 ostium
1327 2437 1450 2493 inuenire
1462 2453 1516 2494 non
1528 2440 1785 2510 possctrthen.atx.

142 2527 220 2583 nude
231 2526 334 2583 hahent
346 2542 417 2584 esse.
433 2526 513 2583 Oculi
526 2538 617 2585 autem
632 2529 780 2586 stultorum
796 2530 823 2585 in
841 2531 943 2590 llnihus
994 2527 1050 2599 ll).
1069 2526 1108 2584 ita
1124 2541 1152 2584 ιι
1175 2529 1220 2584 isti
1234 2527 1384 2585 Sodomitis
1398 2530 1424 2584 in
1438 2530 1611 2585 irnrnundltla
1623 2542 1651 2586 ot
1662 2533 1786 2603 treqnitia

144 2628 238 2685 terrae,
258 2620 324 2692 quia
349 2620 409 2676 sola
423 2629 530 2676 terrena
549 2621 670 2692 sapiunt,
685 2631 712 2678 et
737 2639 798 2693 quae
830 2639 942 2680 sursum
993 2619 1153 2677 consimiles
1162 2621 1275 2677 domum
1287 2621 1367 2692 justi,
1377 2621 1411 2677 de
1421 2637 1477 2692 qua
1491 2621 1640 2677 scribitur:
1658 2621 1787 2680 thomos

142 2719 212 2770 tant
229 2726 327 2784 sapere
348 2712 456 2769 nolunt.
477 2712 584 2781 Quibus
601 2714 666 2785 quia
692 2715 789 2772 utilius
803 2724 847 2772 ιιι
874 2715 943 2771 nihil
991 2710 1059 2784 justi
1074 2712 1191 2783 plurima
1204 2712 1336 2769 lortitudo
1349 2712 1442 2782 (Prot.
1465 2730 1510 2781 ar,
1530 2713 1569 2785 6),
1587 2731 1596 2766 ι
1613 2716 1735 2770 tolentes
1749 2717 1788 2769 ir·

143 2819 245 2876 sapere
260 2819 345 2876 quam
373 2804 446 2860 male
462 2820 569 2876 sapere,
585 2813 616 2860 ut
640 2806 733 2877 potius
757 2806 944 2863 assimilentur
994 2818 1122 2874 rumpere
1133 2817 1166 2858 ac
1195 2806 1366 2873 perturbare,
1385 2805 1425 2861 sie
1439 2807 1626 2876 percutiantur
1652 2806 1786 2874 caecitate,

142 2895 280 2968 iumentis
296 2896 501 2967 insipientihus‚
521 2913 605 2970 quam
621 2898 775 2955 habeantur
788 2913 837 2969 pro
849 2912 945 2955 sensa·
996 2904 1026 2951 ut
1039 2895 1141 2951 ostium
1155 2894 1278 2951 inuenire
1294 2898 1480 2967 nonpossint,
1501 2898 1606 2953 aditum
1623 2898 1727 2953 nullum
1741 2914 1786 2953 re·

145 2987 944 3059 tisetsapientihus,obscurentaroealieorumnerideant,
995 2984 1133 3057 parientes
1157 2986 1190 3042 ad
1214 2986 1430 3056 perturbandum
1460 2987 1612 3058 quemlihet
1630 2988 1720 3043 virum
1742 2988 1788 3058 ju·

144 3091 177 3136 ut
187 3082 296 3153 perdita
314 3082 358 3137 uel
372 3081 482 3147 obtusa,
507 3081 534 3137 in
561 3098 616 3154 qua
643 3082 806 3153 gloriantur,
835 3079 977 3139 subtili-C
994 3084 1078 3133 stum.
1106 3073 1197 3149 ipsum
1224 3077 1307 3131 etiam
1331 3077 1483 3145 Christum,
1499 3078 1546 3149 qui
1574 3078 1641 3135 dicit
1667 3097 1675 3134 ι
1701 3079 1788 3153 ‹Ego

144 3180 204 3227 tate
218 3171 341 3229 scietttla
351 3170 426 3227 intus
436 3172 465 3227 iu
477 3171 587 3228 homine
598 3173 737 3238 interiore,
750 3171 819 3230 loris
831 3188 942 3245 quoque
992 3183 1054 3224 sum
1068 3167 1169 3224 ostium
1185 3166 1276 3240 (loon.
1295 3184 1322 3235 ι,
1333 3167 1375 3240 9),
1391 3186 1402 3223 t
1416 3184 1557 3240 nunquam
1573 3170 1722 3238 inveniam,
1738 3173 1787 3242 <tui

145 3264 340 3332 humilientur,
364 3265 503 3320 incarnato
519 3264 598 3321 dorso
626 3264 654 3320 io
669 3264 781 3321 homine
807 3265 943 3322 exteriore
994 3257 1161 3317 Sodomitica
1186 3259 1326 3330 impietate
1344 3259 1415 3332 pleui
1438 3275 1493 3316 non
1513 3260 1638 3330 lldellter,
1658 3263 1706 3319 sed
1726 3263 1788 3319 ind·

145 3370 199 3413 sua
213 3353 367 3425 deiectione
391 3353 530 3411 interioris
548 3353 670 3410 hominis
684 3353 834 3410 caecitatem
848 3363 943 3411 conte·
992 3350 1089 3407 dclitcr
1118 3352 1207 3422 ipsum
1223 3361 1360 3423 quaeruut.
1388 3350 1485 3409 ltema
1511 3368 1574 3426 repe
1602 3353 1688 3427 Syria
1708 3355 1787 3412 missi

146 3451 251 3500 sunto.
267 3441 320 3499 Per
336 3441 432 3499 laeiem
448 3444 550 3514 quippe
577 3443 692 3500 interior
716 3444 809 3511 homo,
825 3443 943 3515 perdor·
992 3442 1094 3499 milites
1114 3442 1148 3498 ad
1170 3442 1333 3514 capiendum
1359 3443 1522 3515 prophetam
1550 3442 1678 3502 Elisaeum
1692 3446 1789 3518 legun·

146 3552 209 3591 aaut
230 3549 299 3590 rero
318 3534 439 3591 exterior
452 3551 508 3591 non
535 3535 686 3608 incongruo
711 3535 855 3606 accipitur,
879 3536 943 3607 quia
994 3543 1039 3589 tur
1051 3533 1174 3605 percussi
1210 3533 1332 3590 caecitate
1356 3532 1412 3605 (lt
1435 3533 1674 3606 transumpto
1700 3547 1790 3594 ιιιιιι·

146 3628 177 3683 in
193 3626 242 3682 illo
262 3625 355 3683 nultus
377 3625 463 3682 diuini
477 3626 628 3683 similitudo
642 3635 670 3683 ιι
693 3626 784 3698 imago
810 3627 943 3698 exprimi·
994 3625 1111 3683 scientes
1131 3640 1187 3698 quo
1208 3624 1289 3694 irent,
1312 3625 1340 3682 in
1366 3624 1518 3682 &mariam
1551 3629 1688 3685 ciuitatem
1717 3630 1791 3701 regit

147 3730 206 3785 tur,
223 3727 255 3774 ut
264 3718 317 3775 isto
329 3718 416 3789 ipsius
426 3718 559 3791 regimine
580 3719 708 3784 dueatur,
726 3728 828 3790 etpost
853 3719 944 3790 ipsum
994 3714 1076 3771 lsrael
1096 3715 1250 3783 introirent,
1270 3715 1318 3787 qui
1339 3725 1429 3772 tamen
1450 3732 1498 3773 ret
1522 3716 1606 3774 lsrael
1629 3719 1665 3774 ah
1689 3718 1789 3776 Elisao

146 3811 230 3883 quasi
242 3810 355 3866 doraum
367 3819 430 3882 post
444 3808 542 3866 iaciem
556 3809 700 3882 dirigatur.
715 3808 875 3868 ohscuratis
894 3810 944 3883 ipi-
993 3806 1150 3878 prohibitus
1164 3816 1207 3863 ιιι
1232 3822 1281 3863 ιιι
1296 3808 1405 3874 laedere,
1426 3809 1491 3866 licet
1513 3809 1615 3867 missos
1635 3810 1669 3867 ad
1686 3811 1786 3867 luden-

146 3914 195 3959 ttn·
205 3903 295 3960 oeulis
311 3901 450 3959 interioris
475 3901 597 3958 hominis
619 3915 791 3971 consequens
804 3911 846 3958 est
861 3901 944 3957 etiam
993 3899 1059 3956 dum
1076 3913 1116 3955 sc.
1132 3898 1179 3955 Sic
1192 3908 1220 3955 ιι
1244 3899 1290 3955 isti
1314 3900 1402 3956 hortos
1416 3899 1516 3956 ludere
1545 3902 1644 3973 parati,
1667 3904 1789 3959 caecitute
1809 3895 1813 3903 ’

145 3994 302 4051 dolormari
326 3993 449 4050 habitum
476 3993 631 4061 exterioris,
657 3992 696 4048 ull
729 3993 869 4063 attendam
896 4009 944 4050 roa
994 3990 1054 4047 utili
1077 3990 1276 4060 percutiantur,
1293 4000 1321 4047 et
1343 3992 1379 4048 ah
1393 3991 1460 4063 ipsis
1484 3992 1566 4051 hortis
1593 3994 1620 4049 in
1634 3995 1707 4051 hono
1728 3995 1790 4051 rin·

145 4084 405 4141 Nabuchodonosor
416 4098 498 4141 sensu
524 4083 658 4155 priuatus,
672 4081 754 4138 etiam
780 4081 945 4153 corporein-
995 4082 1187 4149 eantur,sicut
1203 4091 1230 4138 ιι
1252 4082 1291 4138 illi
1317 4082 1377 4155 Syri
1399 4083 1521 4140 bonitate
1534 4084 1599 4139 uicti
1629 4085 1713 4142 Elisei
1734 4102 1789 4141 nou

146 4174 372 4246 curratusquasi
385 4173 436 4230 hos
461 4172 553 4229 lenum
580 4171 700 4229 comedit
726 4178 829 4242 septem
853 4170 944 4240 annis,
995 4181 1182 4242 apposuerunt
1202 4172 1271 4228 ultra
1285 4173 1378 4229 uenire
1396 4177 1538 4230 interram
1553 4174 1791 4247 lsraeladquetu·

147 4267 315 4325 humiliatns
326 4266 378 4322 hac
390 4266 496 4338 pecuali
509 4264 692 4331 deformitate,
710 4264 797 4320 donec
811 4264 945 4320 medioata
995 4278 1078 4336 quam
1099 4262 1262 4319 laedendum.
1287 4261 1381 4336 Usque
1402 4264 1471 4320 adeo
1482 4263 1601 4322 inillam
1616 4266 1693 4339 Syris
1706 4284 1789 4339 quatu

147 4358 281 4432 soperbia
309 4358 468 4430 rmogtlotit
491 4355 565 4428 quod
584 4355 741 4413 ditissimus
758 4354 946 4412 dominaretur
996 4354 1128 4413 israelitis
1148 4353 1321 4411 utilcoculos
1344 4354 1519 4412 inimicomm
1536 4366 1633 4414 orante
1657 4361 1790 4431 propheta

142 4452 180 4508 in
199 4464 287 4523 regno
300 4450 455 4507 hominum.
471 4447 518 4505 Sic
532 4447 614 4504 etiam
633 4462 707 4503 nune
721 4446 863 4502 hominum
878 4462 945 4505 con·
961 4434 984 4490 ὓ
997 4448 1159 4506 obscuratos
1172 4447 1207 4504 ad
1231 4456 1339 4518 tempus
1352 4446 1447 4505 luisse.
1476 4447 1561 4520 igitur
1572 4451 1687 4522 geminae
1715 4452 1791 4508 utili·

148 4554 194 4600 tra
218 4543 391 4613 disciplinam
411 4541 542 4597 divinitus
564 4539 716 4596 institutam
728 4539 944 4610 superbientium
998 4540 1062 4597 tatis
1076 4541 1226 4596 intentione
1239 4539 1329 4597 oratio
1351 4541 1410 4596 haec
1427 4539 1586 4610 deprompta
1613 4543 1649 4597 sit
1664 4561 1672 4597 a
1690 4541 1791 4601 Olus·

148 4631 323 4704 ἀιιιιίιιιιιιιι
336 4631 475 4702 superbia,
491 4629 706 4686 ulciscerentur
720 4630 946 4695 oculieorum,ne
998 4641 1089 4686 rerrtsr
1110 4631 1181 4686 oculi
1203 4644 1311 4699 eorum,
1330 4648 1362 4687 rte
1391 4631 1508 4698 uideant,
1518 4643 1544 4686 ιι
1569 4632 1679 4688 dorsum
1699 4650 1791 4695 aarum

149 4725 269 4791 uideant,
283 4723 429 4779 etdorsum
441 4722 823 4791 eoramaentperiucurvotur.
839 4717 946 4788 Semper
998 4740 1099 4795 temper
1120 4725 1241 4790 iterumn,
1257 4731 1288 4779 ut
1319 4722 1424 4778 inimici
1445 4721 1575 4780 Ecclesiae
1597 4725 1701 4795 perdita
1713 4740 1792 4786 mco·

149 4815 227 4885 (ΒΝ,
244 4815 365 4887 ll¹²¹¹dl¹¹
385 4823 460 4882 auot,
476 4814 570 4886 quales
581 4813 663 4869 m⁰ll⁰
677 4820 751 4868 ⁸⁰⁰²·
766 4810 833 4866 Nam
848 4810 871 4866 Si
886 4810 947 4866 iue-
1000 4817 1035 4872 tis
1057 4816 1159 4872 astutia
1172 4830 1279 4885 sempor
1301 4815 1422 4870 habeant
1445 4814 1480 4872 ad
1504 4815 1566 4872 aliis
1578 4817 1621 4872 uel
1644 4819 1726 4874 etiam
1750 4817 1791 4877 si·

150 4905 367 4964 rimatteratt'et
389 4905 506 4962 humiles
519 4903 619 4973 effecti,
634 4919 687 4960 non
711 4918 759 4959 eos
784 4902 869 4973 lentii
893 4902 945 4959 isla
999 4909 1083 4965 himet
1097 4908 1250 4964 nocendum
1262 4921 1377 4978 corpora
1406 4906 1535 4977 inualida,
1550 4919 1575 4965 ιι
1598 4909 1679 4964 dorsa
1701 4912 1793 4967 tuear·

152 4997 322 5064 maledictim
334 4996 382 5067 sed
394 4996 522 5053 corrrenlt
536 4995 577 5053 eis
592 4995 737 5050 humilium
751 4993 891 5050 beatitudo
902 5009 947 5052 se·
999 5008 1060 5054 uela
1085 5012 1209 5069 temper:
1227 4997 1252 5054 sl
1277 5007 1368 5054 tamen
1397 5000 1525 5072 superbla
1547 5015 1641 5055 eorum
1669 4998 1793 5057 ascendit

151 5088 375 5149 eundumillud:
402 5086 505 5144 «Beati
537 5101 670 5158 pauperes
685 5085 793 5157 spiritu,
815 5088 945 5156 quonlam
999 5105 1116 5163 semper.
1129 5090 1171 5147 td
1181 5105 1265 5161 quam
1282 5092 1484 5162 reprimendam
1498 5090 1540 5146 uel
1554 5089 1791 5160 exstinguendam,

153 5182 280 5252 iptorum
296 5187 339 5238 etl
352 5194 466 5253 regnum
481 5178 615 5239 morum
642 5176 753 5250 (Molli.
766 5192 793 5234 ι.
808 5176 848 5246 5).
870 5195 881 5230 ι
904 5174 946 5232 lili
1000 5180 1119 5239 neultra
1131 5183 1243 5238 modum
1258 5183 1399 5240 ascendat.

152 5289 231 5342 raro,
244 5274 280 5332 de
293 5273 396 5346 quihus
409 5273 478 5330 alias
496 5272 598 5330 dicitur
613 5290 621 5329 ι
638 5290 648 5324 t
662 5270 701 5328 lle
714 5270 886 5329 obliviscaris
899 5285 948 5328 ro·
1036 5270 1120 5329 Vsus.
1144 5272 1190 5329 25.
1211 5271 1326 5343 Eponae
1337 5273 1406 5327 tram
1427 5282 1509 5328 tunm.
1533 5269 1595 5327 lion
1616 5269 1678 5327 dico
1695 5289 1702 5326 ι
1720 5271 1792 5328 stilla

153 5382 201 5427 oet
219 5366 397 5431 inimieorum
424 5374 554 5434 tuorum
580 5362 950 5435 superbientemque
1001 5363 1168 5433 minutatim,
1196 5365 1244 5421 sed
1262 5362 1399 5433 :offanae
1424 5364 1536 5434 copiose
1566 5361 1594 5417 in
1609 5376 1714 5418 morem
1741 5361 1794 5421 du·

152 5459 285 5526 oderunt,
325 5456 449 5515 ascendit
482 5468 589 5529 semper
611 5452 699 5526 (Proh
723 5468 821 5522 tulit,
843 5453 902 5525 23).
938 5471 949 5508 ι
1001 5458 1084 5517 minis
1106 5458 1198 5531 magni
1229 5472 1312 5529 super
1337 5472 1397 5526 eos,
1425 5465 1457 5513 ut
1490 5456 1595 5514 scillcet
1615 5470 1665 5514 eos
1693 5457 1794 5513 ohruat

154 5551 336 5608 incursentur
349 5563 467 5622 semper,
491 5547 704 5605 utetidensllat
728 5545 808 5602 ineis
822 5544 876 5603 ista
897 5544 950 5603 im·
1001 5549 1269 5624 intemporaliter
1306 5548 1410 5607 iactum
1439 5556 1550 5607 ιιιιιιιι
1574 5549 1696 5606 ιιιιιίιι
1735 5546 1792 5605 llo·

154 5642 291 5716 precatio,
319 5656 402 5715 quam
431 5654 482 5714 ego
506 5638 634 5698 Christus
662 5653 696 5696 et
726 5651 774 5695 ore
807 5636 949 5711 psallentis
1002 5657 1084 5702 mano
1106 5642 1216 5706 ludaeos
1236 5652 1466 5716 instantemque
1481 5644 1509 5702 in
1531 5643 1643 5702 modurn
1670 5638 1798 5700 hortinis·
