3892 6067
128 199 173 255 tlt
223 259 226 268 ,
412 197 690 258 contuebuntur]
712 202 745 258 ΙΝ
765 204 934 263 usitatos
956 239 990 248 —
1009 209 1103 270 caus
1121 212 1175 269 vlt.
1195 242 1230 254 -
1248 211 1346 271 esst.
1367 213 1448 271 bxv,
1692 218 1743 276 iifl

127 327 233 385 unoque,
247 328 307 385 guse
322 321 419 372 contra
432 315 582 374 Ecclesiam
602 316 650 376 bei
665 329 694 376 et
705 336 838 392 personas
854 337 900 378 eo·
915 341 938 397 g
952 339 1062 385 mus-ut
1076 329 1104 385 in
1124 330 1197 387 bono
1215 330 1357 403 proposito
1369 330 1485 387 tirmiter
1496 345 1663 401 perseveres,
1676 339 1742 404 gnra

126 404 277 462 desiastims
291 405 430 475 oriuntur,
446 416 472 465 te
491 408 549 465 zelo
562 410 899 469 charitatisexardcseere
950 436 1002 477 nos
1017 435 1163 492 personam
1183 432 1270 489 tuam,
1285 431 1416 495 tanquam
1432 422 1584 479 litteratum
1595 435 1620 480 et
1633 425 1743 496 tergm

125 494 311 567 cognoscimus,
325 507 440 568 paterno
463 500 561 556 ass'ectu
586 503 761 573 gaudemus„
776 514 804 561 et
817 504 899 561 devo·
950 512 1120 579 sumrirrun,
1132 522 1245 584 paterna
1257 514 1391 570 charitate
1402 513 1551 585 diligimus,
1560 523 1588 570 et
1602 514 1743 586 inquibus

125 587 211 643 turrem
226 595 301 643 tuam
313 587 341 643 in
360 587 483 646 bomine.
494 592 695 651 collaudamus.
709 593 811 650 Verum
827 610 898 666 quo·
950 608 1101 663 secundm„
1112 608 1198 665 neum
1210 623 1359 679 possumus
1368 610 1542 667 honorasset
1554 624 1637 665 manu
1649 619 1742 667 terrem

125 677 186 732 niam
197 676 296 733 bonum
319 687 362 736 est
385 681 514 751 incipere,
539 683 586 740 sed
611 685 698 740 multo
720 684 899 741 meliuseon-
948 700 1086 758 volumus,

117 784 255 838 summare,
267 770 441 829 dilectionem
463 780 537 830 tuam
561 774 588 831 in
610 773 727 832 llomino
740 790 899 834 commone-

129 942 1732 979 m

622 1192 897 1289 GERHOHI
936 1192 1232 1287 bristout

439 1387 486 1443 ill)
505 1353 745 1444 Ebbbbtubtttt
764 1384 1068 1444 tuetttuetseoebtt
1088 1383 1399 1443 slbzutttttttzusutt.

145 1745 323 1804 Serenissinro
337 1744 450 1803 domiuo
463 1760 515 1802 suo
526 1756 554 1802 et
571 1746 646 1803 Patri
661 1745 693 1802 Ε.
707 1743 873 1802 uenerabilis
885 1743 1017 1801 Ecclesiae
1042 1743 1208 1801 irrrarcrrsis
1229 1740 1449 1813 archiepiscopo,
1471 1741 1556 1800 irater
1573 1742 1605 1800 G.
1617 1742 1652 1800 de
1672 1742 1736 1799 llei-

115 1840 247 1911 cbersperg
257 1839 391 1909 devotos,
406 1837 546 1895 orationes
564 1854 627 1895 cum
638 1837 700 1895 lidei
715 1837 880 1895 obedientia.

143 1931 242 1988 Partem
257 1931 442 2004 expositionis
455 1932 642 2001 Psalmorum,
657 1951 740 2007 quam
755 1935 874 1992 neodem
892 1934 1013 2004 uidistis,
1030 1951 1105 1992 nnnc
1126 1934 1213 1992 odoro
1227 1933 1447 2008 perspiciendam
1470 1935 1572 1991 restris
1595 1933 1737 1991 columbi-

115 2026 150 2080 nis
161 2025 329 2097 stagnilinis
340 2026 428 2083 oeulis
444 2027 634 2084 :columbinis
650 2035 762 2099 propter
786 2026 992 2097 simplicitatem
1005 2025 1134 2097 pietatis;
1149 2025 1280 2097 aquilinis
1300 2031 1411 2095 propter
1428 2038 1544 2081 acumen
1562 2022 1734 2082 subtilitatis.

114 2116 228 2175 Pomode
243 2118 337 2176 oculis
351 2131 495 2176 cornorum
511 2120 819 2192 sinistcejudieantium
842 2120 876 2176 de
900 2120 1013 2191 scriptis
1036 2119 1105 2176 mels
1130 2133 1183 2191 ege
1207 2132 1306 2189 parum
1327 2131 1411 2184 euro,
1434 2117 1584 2182 dummodo
1609 2118 1735 2189 placeant

113 2212 188 2268 oeulis
199 2211 293 2269 dilecti
307 2220 336 2268 et
352 2211 679 2286 dilectaetdilecti,cn1'ns
693 2213 767 2270 oculi
780 2212 854 2270 sicut
865 2212 1012 2282 columbe,
1025 2227 1087 2283 qnae
1101 2212 1173 2268 lacte
1186 2219 1254 2267 sunt
1266 2208 1340 2275 iotae,
1358 2217 1387 2266 et
1408 2209 1531 2267 resident
1540 2209 1620 2279 Juxta
1633 2210 1735 2265 llrrenta

113 2305 274 2374 plenissim23
294 2306 592 2379 dileete,cu1usoeuli
606 2308 814 2376 columbarum,
829 2307 1069 2380 absqueeoquod
1093 2306 1261 2364 intrinsecus
1286 2304 1361 2361 latet.
1378 2300 1497 2360 Proinde
1516 2315 1578 2366 ros,
1600 2297 1681 2354 Pater
1705 2299 1734 2354 iu

113 2396 399 2468 bonianenarisstme
417 2401 567 2473 dignemini
587 2402 726 2474 perlegere
739 2401 903 2473 opusculum
918 2400 994 2457 lilioli
1007 2411 1036 2457 et
1049 2399 1153 2456 serruli
1171 2397 1266 2467 vestri,
1281 2406 1310 2455 et
1328 2397 1431 2468 siquid
1447 2394 1476 2451 in
1492 2408 1526 2451 eo
1540 2408 1590 2450 ros
1610 2389 1733 2457 odendit,

112 2490 180 2633 sribia
190 2492 348 2564 significate
372 2493 432 2551 sine
455 2494 542 2552 dubio
567 2494 676 2553 invente
700 2494 749 2552 Dei
777 2494 923 2552 elementia
948 2493 991 2549 nel
1013 2492 1217 2550 emendandum
1236 2491 1279 2548 rel
1300 2485 1458 2548 rationabili
1485 2482 1647 2542 detersione
1672 2496 1734 2538 mu·

112 2591 163 2634 nen
182 2594 236 2635 nur.

116 2769 1734 2807 ww

549 3180 553 3186 .
640 3021 819 3138 elas
862 3022 1193 3138 suerrus.

451 3419 685 3512 ruerem
722 3415 1038 3511 raouoous
1074 3412 1373 3509 ossuum.
1432 3523 1447 3576 ,ἶ

140 3760 315 3822 ireoedentis
325 3763 415 3834 partis
428 3764 536 3835 psalmo
554 3763 651 3820 ultimo
666 3760 805 3819 adsedem
820 3776 887 3832 apo-
904 3768 925 3823 Β
940 3760 1064 3827 Dorrrrne,
1083 3759 1146 3815 tolle
1164 3761 1283 3816 urrinrnut
1296 3775 1382 3816 areant
1398 3758 1461 3832 tlt!
1476 3759 1541 3832 llcg.
1559 3776 1616 3829 xrs,
1632 3761 1672 3833 i).
1682 3759 1730 3820 i'el

111 3856 217 3913 rumam
232 3858 344 3914 directo
362 3856 500 3925 dillusius,
517 3872 600 3928 quam
618 3856 717 3927 psalmi
732 3856 889 3928 reguircbat
939 3852 1086 3910 cuminus
1105 3853 1222 3910 :diction
1242 3864 1281 3910 est
1301 3854 1367 3909 stilti
1384 3870 1455 3911 nrors
1476 3871 1556 3927 guam
1578 3856 1633 3911 nito
1654 3855 1729 3928 (ion.

111 3948 236 4018 expostus,
247 3948 359 4021 erogati
376 3963 482 4014 sumus,
494 3948 559 4002 dum
571 3947 803 4016 exordinationes,
818 3961 888 4019 quas
940 3962 978 4014 tu,
991 3946 1031 4016 5).
1238 4011 1240 4013 v

110 4037 132 4092 in
148 4035 261 4099 Ecclesia
276 4040 328 4097 liei
351 4040 409 4096 lieri
421 4040 547 4096 ridemus
570 4048 598 4095 et
619 4039 756 4106 dolemus,
774 4039 888 4096 auribus
975 4040 1062 4108 Quam
1079 4054 1144 4095 rero
1161 4040 1200 4096 illi
1223 4039 1307 4097 luerit
1331 4049 1442 4112 accepte
1467 4051 1569 4098 nostrae
1586 4043 1729 4114 parvitatis

109 4133 250 4199 apostolicis
263 4131 386 4189 tideliter
400 4140 428 4188 et
444 4130 610 4189 sufficienter
635 4145 774 4201 exponere
799 4130 887 4202 gratia
938 4130 1094 4203 persuasio,
1117 4129 1185 4185 illud
1205 4131 1266 4187 siue
1279 4130 1364 4186 dubio
1386 4141 1445 4187 eret
1464 4148 1514 4202 pro
1529 4132 1641 4198 indicio,
1654 4134 1729 4203 quod

110 4218 146 4276 be
161 4220 265 4280 serente
290 4224 385 4281 conati
409 4239 516 4291 sumus,
531 4223 673 4280 eredentes
698 4231 726 4279 et
746 4232 888 4295 sperantes
938 4228 1042 4277 nostrae
1055 4219 1217 4275 humilitatis
1237 4235 1382 4290 personam
1398 4231 1492 4292 postca
1513 4221 1660 4278 destinarit
1678 4238 1730 4293 pro

110 4313 168 4380 quod
180 4315 214 4370 dc
224 4323 333 4371 turono
345 4314 488 4386 apostolici
503 4315 644 4387 regiminis
662 4329 712 4386 per
726 4324 829 4372 sancte
844 4331 888 4372 re·
938 4311 1139 4370 Ecclesiasticus
1152 4311 1214 4368 iidei
1226 4327 1260 4368 ac
1271 4312 1425 4384 disciplinae
1450 4312 1602 4370 seminibus
1616 4314 1729 4370 mitten·

109 4403 257 4463 mrdntionis
272 4421 375 4479 papam
401 4405 553 4478 Eugenium
577 4407 758 4480 procederent
777 4407 886 4483 lulgnga
937 4405 1019 4461 disin
1030 4404 1085 4461 duo
1099 4419 1197 4476 magua
1209 4419 1303 4475 regna.
1321 4401 1495 4475 ngarerum
1508 4404 1635 4462 videlicet
1647 4414 1730 4478 atque

109 4499 222 4552 drudes
242 4506 273 4554 et
307 4496 432 4554 tonitrus
455 4506 551 4553 contra
575 4498 736 4555 multimode
760 4514 886 4555 errorum
937 4494 1120 4568 Rutenorum,
1133 4511 1190 4567 quo
1203 4504 1295 4551 tannen
1313 4496 1407 4552 uenire
1421 4512 1477 4553 non
1500 4498 1642 4569 potuimus
1664 4515 1730 4571 pro1

110 4593 214 4643 martra
238 4599 268 4646 et
291 4589 534 4646 exordinationem
557 4598 693 4661 portenta.
710 4589 745 4646 Et
767 4592 801 4647 ad
826 4591 887 4647 lraec
937 4597 998 4659 pter
1018 4588 1150 4644 offensam
1167 4589 1241 4661 regis
1261 4587 1403 4660 Ungarici,
1421 4590 1528 4660 pridem
1540 4605 1590 4661 per
1608 4605 1660 4649 rros
1684 4593 1729 4650 ia·
1842 4657 1845 4668 ¹

110 4673 200 4739 quidem
214 4679 410 4750 persuadenda
426 4681 503 4736 illum
520 4679 578 4737 beo
591 4682 696 4753 gratias
708 4682 884 4752 benevolum,
937 4682 1052 4752 crepati,
1066 4689 1094 4737 et
1105 4681 1140 4736 ob
1155 4681 1209 4737 bne
1221 4680 1302 4737 nobis
1315 4680 1389 4737 irati.
1406 4679 1482 4740 lilius
1502 4682 1587 4755 igitur
1598 4693 1729 4758 maginare

110 4760 202 4825 docum
217 4780 246 4827 et
267 4780 409 4829 attentum
429 4772 585 4831 invenimus
600 4774 753 4831 auditorem
766 4791 887 4846 praesen·
937 4775 1050 4831 ulterius
1069 4772 1186 4832 llcrodis
1201 4788 1250 4830 seu
1264 4772 1419 4830 Pharaonis
1433 4776 1586 4836 devitantes
1608 4779 1730 4838 incidere

109 4861 248 4933 ittaeiper
262 4872 391 4921 nostram
406 4880 552 4935 personam
566 4867 689 4938 predicti
714 4868 814 4940 psnlmi
837 4883 886 4925 ex·
937 4880 1035 4923 manns
1057 4875 1196 4933 cruentas,
1212 4865 1356 4938 legationis
1381 4866 1564 4927 ministerium
1585 4871 1671 4931 nobis
1684 4874 1729 4932 inr

108 4948 412 5028 minuentiumque
429 4957 522 5014 audita
539 4973 588 5030 per
605 4974 637 5016 os
656 4966 785 5016 nostrum
796 4960 831 5018 de
842 4960 885 5018 bis
934 4956 1061 5028 junctum
1087 4971 1143 5011 non
1158 4955 1299 5027 potuimus
1321 4959 1445 5031 exsequi,
1472 4962 1598 5034 eoquod
1618 4965 1730 5035 scriptis

108 5048 385 5118 memmimus,
401 5050 483 5106 etiam
501 5049 660 5108 vivaet'dcis
681 5051 883 5122 exhor-tatinum
937 5047 1041 5103 nostris
1063 5046 1157 5103 missis
1180 5046 1208 5102 itt
1234 5043 1382 5119 Unguriam
1407 5050 1584 5124 leiigetztnus
1606 5055 1729 5125 praetiicti

108 5131 147 5188 scd
158 5134 281 5196 effectum
299 5149 396 5197 nostro
410 5141 519 5198 affectui
537 5142 746 5200 desiderabilem
769 5161 825 5202 non
843 5147 885 5202 in·
899 5107 920 5163 c
939 5137 1128 5195 crudelitatem
1142 5133 1337 5196 llcrodianar'n.
1350 5138 1397 5197 Sic
1408 5140 1504 5210 dilato,
1513 5151 1542 5199 et
1554 5142 1646 5200 ablato
1660 5143 1731 5215 lega·

109 5223 229 5296 Mnus,
243 5230 315 5304 qnia
330 5229 367 5287 illi
390 5232 472 5289 beato
486 5233 612 5304 virolam
634 5233 786 5292 tuncreiut
807 5237 884 5293 alteri
940 5232 1024 5289 tionis
1044 5231 1197 5289 ministerio
1212 5231 1240 5288 in
1261 5247 1405 5302 personum
1432 5243 1554 5292 treunam
1577 5235 1730 5308 perEuge-

108 5308 163 5372 ΓΜ
171 5323 411 5392 persecutionibus
425 5324 513 5396 plebis
526 5324 657 5383 llomanae
668 5336 796 5400 mnquam
807 5327 885 5384 ieza-
938 5324 1015 5380 nium
1029 5338 1127 5394 papam
1139 5324 1276 5381 destinato
1291 5325 1337 5383 ille
1346 5326 1426 5383 beata
1440 5337 1529 5385 morte
1543 5327 1621 5394 obiit,
1630 5328 1728 5401 suique

107 5401 165 5463 tes.
175 5411 266 5484 impiae
278 5416 470 5473 uexationibus
484 5418 658 5490 grar‘eto,nel
668 5419 750 5476 etiam
761 5431 790 5477 ut
804 5420 885 5476 alteri
938 5415 1054 5472 lerunris
1067 5431 1100 5471 ac
1111 5416 1190 5473 bonae
1203 5417 1351 5473 voluntatis
1363 5418 1434 5489 apud
1449 5434 1511 5488 uos,
1522 5420 1578 5476 imo
1589 5430 1616 5478 et
1630 5421 1658 5477 iu
1670 5431 1728 5480 tota

107 5487 173 5553 ime
189 5504 401 5574 tempestatibus
430 5518 529 5568 rosato
555 5524 629 5565 mors
655 5509 804 5582 optabilior
834 5510 886 5568 tuit
938 5518 1032 5576 sancta
1048 5507 1291 5567 Ecclesia‘duicem
1312 5511 1421 5584 reliquit
1445 5513 1606 5570 memorium
1633 5516 1729 5573 dotem

108 5593 314 5660 maritmitn
332 5607 436 5658 utcum
459 5589 515 5656 b'iia
533 5599 636 5658 diecret
653 5620 660 5658 :
677 5600 783 5673 Sulpicii
800 5603 884 5679 ¹milri,
939 5602 1011 5690 tibus
1034 5603 1225 5676 multis,quod
1254 5614 1315 5676 post
1341 5606 1416 5663 ilium
1439 5606 1465 5663 ia
1492 5608 1556 5667 sede
1578 5611 1748 5678 apostolice.
