3892 6067
116 247 191 311 tora
636 238 820 302 uteustrto
840 240 872 298 tn
891 241 1029 299 canuto.
1049 237 1221 297 nannete.
1432 206 1441 287 Ϊ
1673 250 1755 329 ¹teto

115 367 237 440 sumpsit
257 365 387 422 intumet
406 364 554 436 plastnatit
565 374 593 419 et
609 364 753 435 iecitnpus
766 378 909 420 manuum.
926 360 1107 433 Aplenitndo
1132 358 1257 431 gentiunt
1275 358 1483 432 subintraverit,
1507 363 1546 423 its
1564 381 1633 439 gens
1658 382 1754 428 anostra

113 459 186 518 ilino
199 459 285 516 isaias
301 476 308 513 :
325 475 335 511 t
351 455 384 512 St
397 473 481 525 uittae,
499 456 598 529 inquit,
614 456 739 525 Domine,
755 457 837 512 Pater
859 472 909 511 no·
962 462 1020 510 tota
1033 459 1198 534 cousumpta
1212 451 1311 508 inisset
1328 453 1433 526 absque
1455 456 1592 528 reliquiis,
1614 457 1688 516 sicut
1702 460 1754 517 So-

113 562 175 608 ster
186 565 218 609 es
229 559 270 618 tu,
283 564 335 606 nos
352 563 418 605 sero
433 548 520 604 lotum
535 566 543 615 ;
565 558 593 604 et
613 550 740 610 detonet
752 563 836 620 opera
851 564 911 605 ma·
962 543 1074 602 dominc
1088 558 1185 600 omnes
1197 542 1259 613 igue
1269 551 1296 598 et
1305 544 1438 615 sulphure
1446 554 1511 604 suut
1521 550 1690 620 consumpti,
1707 567 1755 607 es-

113 656 203 697 nuum
217 652 327 695 tuarum
338 654 435 694 omnes
446 653 496 695 nos
510 638 590 708 (lani.
601 655 674 707 rnre,
683 638 722 709 8).
737 638 789 694 »Et
798 647 910 694 sauctus
962 643 1041 705 cepto
1055 633 1117 699 Lot,
1145 633 1193 705 qui
1209 641 1264 690 oon
1286 642 1347 690 erat
1363 650 1397 690 er
1427 636 1491 694 iltis.
1519 636 1600 705 Quod
1620 640 1693 711 apud
1712 658 1756 697 st·-

112 731 186 789 lolt:
206 749 216 786 t
231 730 329 789 Manus
340 736 393 787 turre
405 729 529 786 lecerunt
543 745 586 785 nte
606 742 634 787 et
648 732 852 802 plasmaverunt
866 744 911 785 me
961 727 1104 802 pluaginta
1116 725 1282 798 buerpretes
1295 727 1333 784 ita
1347 728 1446 800 legitur
1460 745 1469 786 a
1496 729 1530 785 lu
1541 732 1628 788 medin
1641 733 1756 789 deornm

113 832 202 881 totum
222 823 251 881 iu
266 823 383 880 circuitu
396 822 457 895 (iob
471 839 498 890 r,
518 823 574 894 i8).
591 841 600 874 r
627 822 700 895 Ergo
732 823 785 879 etsi
811 831 910 879 caetera
961 809 1122 875 animatione
1135 821 1311 890 contorseris,
1327 835 1382 876 non
1395 821 1533 891 praeterire
1546 821 1623 892 libet,
1635 827 1756 881 max'tnc

113 916 249 973 Dominus
257 922 388 988 operatus
398 922 451 982 est,
464 914 547 971 bomo
567 914 911 985 tamenpropriumquod-
961 918 1027 990 quia
1039 915 1164 982 incoetu,
1190 915 1247 971 site
1266 916 1444 971 inconvento
1472 915 1601 973 Ecclesia
1621 919 1755 975 usitatum

112 1007 177 1063 dam
191 1023 261 1079 opus
276 1021 408 1062 manuum
422 1003 531 1062 Domini
557 1017 610 1074 est,
626 1007 700 1078 qnod
712 1006 839 1062 diabolus
861 1021 911 1076 per
960 1016 1013 1064 est.
1027 1005 1149 1078 Simplex
1164 1006 1276 1078 quidem
1288 1006 1478 1077 interpretatio
1494 1016 1522 1064 ει
1535 1008 1657 1079 opinatio
1668 1010 1755 1080 vulgi,

112 1108 272 1168 serpentem
288 1097 464 1153 mortificavit
484 1107 574 1154 morte
594 1097 704 1165 atrimae,
726 1096 910 1168 subsequente
961 1099 1001 1154 ait
1011 1098 1109 1154 beatus
1126 1096 1330 1168 llierouymus,
1350 1096 1384 1152 de
1411 1094 1555 1153 Salvatore
1581 1098 1752 1172 intelligitur,

112 1204 146 1241 es
160 1187 235 1257 justa
246 1186 293 1243 Dei
306 1188 439 1243 renuentia
458 1187 582 1257 eorporis
598 1195 695 1244 morte.
719 1185 777 1242 lloc
792 1188 909 1257 opusita
961 1190 1036 1262 qnod
1060 1189 1131 1245 inter
1158 1190 1231 1246 duos
1258 1189 1379 1245 latrones
1396 1188 1546 1245 crucifixus
1567 1191 1676 1261 agnitus
1706 1191 1753 1248 sit.

113 1278 310 1334 montilleatum
328 1277 517 1345 rinitlcaturus
538 1286 597 1334 erat
622 1279 651 1332 in
674 1277 760 1332 medio
777 1293 908 1331 nerinorum
960 1280 1014 1349 Qui
1031 1290 1124 1337 autern
1137 1281 1247 1347 melius,
1263 1279 1317 1336 boc
1329 1280 1445 1359 dicunt,
1457 1281 1531 1352 qnod
1548 1280 1574 1336 in
1598 1280 1687 1352 prima
1700 1281 1756 1336 Ee·

113 1370 177 1424 riter
193 1370 312 1425 bortrinis
336 1384 472 1425 annorum
489 1369 672 1439 septuaginta.
690 1368 724 1425 Ει
747 1370 784 1424 ita
804 1368 908 1424 laetum
961 1374 1056 1443 elegis,
1080 1388 1143 1445 quae
1156 1372 1190 1428 de
1210 1372 1422 1429 circumcisione
1443 1372 1506 1439 luit,
1533 1373 1607 1429 etde
1622 1377 1755 1446 praepnein

112 1471 165 1518 est.
183 1460 252 1517 Cum
268 1460 342 1516 onim
369 1470 443 1517 esset
457 1461 516 1532 ipse
542 1460 675 1517 Dominus
702 1461 787 1516 borno
807 1459 907 1527 iaetus,
959 1476 1124 1540 congregata
1135 1464 1245 1522 dnobus
1258 1466 1366 1537 populis
1378 1466 1484 1523 sebinc
1499 1465 1562 1520 inde
1579 1466 1754 1537 cingentium

113 1554 198 1627 paulo
211 1554 303 1609 minus
314 1569 397 1625 quam
413 1554 441 1607 in
461 1551 547 1608 medio
571 1552 743 1625 septuaginta
765 1568 906 1618 antrorum,
959 1559 1114 1615 intellectus
1125 1558 1161 1614 sit
1175 1556 1301 1613 Salvator
1313 1568 1340 1614 et
1353 1557 1485 1615 creditus.
1502 1557 1572 1614 Sunt
1583 1557 1629 1628 qui
1640 1573 1690 1629 per
1698 1557 1754 1613 duo

114 1645 221 1703 scilieet
235 1653 342 1701 aetatem
355 1644 460 1700 babens
471 1659 606 1700 annorum
620 1643 731 1716 triginta
742 1642 837 1710 trioni,
849 1643 908 1714 ipse
960 1649 1090 1705 animalia
1102 1649 1157 1704 ‹tno
1170 1647 1326 1719 intelligant
1339 1646 1526 1716 Testamenta,
1542 1646 1648 1704 Nouum
1663 1655 1691 1702 ει
1702 1644 1755 1702 Vc·

115 1736 259 1793 moriendo
273 1747 356 1807 atquc
372 1735 542 1804 resurgendo
571 1735 719 1790 vivillearlt
733 1749 803 1805 opus
814 1750 906 1803 suoru,
924 1712 944 1768 B
960 1749 1015 1806 tus,
1030 1754 1093 1811 quae
1105 1754 1168 1794 tere
1184 1738 1336 1795 animantia
1347 1739 1403 1795 sint
1416 1748 1500 1811 atque
1510 1740 1613 1807 uitalia,
1625 1754 1687 1811 quae
1697 1739 1755 1811 spi·

114 1843 202 1900 genus
218 1827 381 1894 humanum,
398 1826 541 1882 moriendo
559 1834 676 1881 mortem
699 1826 834 1881 destruxit
845 1826 908 1882 arti*
959 1841 1032 1898 rent,
1046 1838 1074 1889 et
1090 1831 1118 1884 ln
1139 1843 1260 1901 quorum
1286 1829 1376 1886 uredio
1400 1829 1534 1886 Dominus
1558 1837 1751 1903 cognoscatur.

113 1934 222 1974 ntorum
237 1927 394 1974 nostrarum
411 1918 599 1990 :resurgendo
609 1920 693 1973 vitam
705 1919 840 1989 reparavit
850 1934 909 1975 eor·
960 1900 1092 1993 Sequitur
1108 1938 1115 1975 ε

114 2027 216 2083 porum
238 2018 407 2067 nostrorum.
435 2008 519 2080 igitur
535 2010 606 2064 miro
629 2009 712 2065 modo
738 2010 790 2066 iste
806 2009 906 2078 timuit,
996 2011 1196 2070 VerebDens
1211 2010 1754 2080 nbnastroneniet,rtSonotmentonte

114 2102 162 2175 qui
178 2102 205 2158 iu
224 2102 278 2158 isto
294 2101 392 2156 timore
406 2100 459 2156 boe
474 2100 575 2170 ipsunt,
604 2100 679 2171 quod
703 2100 825 2168 timebat,
841 2114 908 2171 pru·
959 2104 1081 2160 Pteron.
1097 2103 1212 2174 Semper
1238 2102 1370 2158 hactenus
1396 2103 1559 2159 admirando
1580 2104 1753 2162 exclamare-

113 2194 251 2266 plretoudo
265 2193 364 2260 oravit,
378 2202 408 2249 nt
419 2191 501 2248 eitius
514 2191 715 2260 luerenorandt·
725 2193 906 2264 prophetavit,
959 2205 1013 2251 rat.
1029 2193 1109 2251 Nunc
1135 2209 1194 2249 rem
1220 2193 1309 2263 ipsam
1324 2193 1408 2250 latius
1422 2193 1515 2265 eloqui
1542 2193 1648 2265 incipit,
1669 2208 1752 2265 super

114 2286 188 2357 qnnu
205 2286 288 2341 eitius
304 2283 458 2339 faciendum
474 2292 556 2338 esset.
958 2288 1039 2359 eujus
1049 2285 1238 2358 magnitudine
1252 2285 1387 2342 attonitus
1401 2285 1629 2342 exclamationem
1643 2284 1751 2357 premi·

151 2376 252 2433 lternnt
267 2376 322 2431 ait:
336 2374 369 2430 ln
385 2374 470 2430 aredio
483 2390 612 2429 otrnornm
629 2383 720 2429 notum
731 2375 822 2445 [acies.
836 2374 907 2442 Quid
959 2391 1034 2439 serat
1049 2400 1056 2436 :
1073 2379 1155 2446 Deae,
1171 2378 1271 2450 inquit,
1286 2379 1380 2447 reniet,
1397 2389 1424 2435 ει
1437 2378 1553 2436 saneim
1565 2381 1659 2437 nesciet.
1673 2378 1752 2436 Unde

115 2478 210 2526 uotttm
231 2467 316 2524 iacies
341 2469 369 2521 in
386 2467 473 2523 altero
499 2466 585 2522 aredio
605 2468 758 2522 antrorum?
783 2467 908 2525 Diximus
959 2472 1068 2530 seruiet?
1080 2471 1121 2527 Ab
1133 2478 1258 2526 restruet
1271 2470 1303 2525 de
1315 2468 1752 2539 morttePltnron.Quodtlerri-

114 2560 200 2630 euim,
215 2560 280 2632 quia
296 2560 323 2615 in
351 2559 438 2614 medio
451 2575 582 2613 ranorum
603 2560 665 2615 rite
681 2560 813 2629 bominis,
837 2575 908 2632 opus
960 2576 1003 2624 sto
1018 2565 1067 2621 Dei
1081 2565 1152 2620 Filio
1166 2563 1271 2622 scimus
1290 2569 1333 2617 vet
1348 2562 1497 2630 credimus,
1511 2572 1623 2634 propter
1640 2563 1713 2633 quod
1723 2568 1753 2619 et

115 2662 195 2707 tuum
210 2650 362 2716 lillflctsli·
394 2651 486 2708 idest
514 2652 644 2723 templum
668 2661 758 2720 tunm,
777 2655 907 2723 temptum
959 2658 1110 2730 loquimur,
1139 2655 1256 2711 libenter
1274 2653 1376 2711 inistis
1392 2654 1533 2725 prophetat
1550 2649 1753 2710 terbisintelli-

116 2757 176 2798 non
203 2741 390 2798 manutentum
414 2745 539 2814 eorporis
567 2744 605 2800 tui
628 2741 742 2801 ludaico
771 2745 909 2815 impietate
959 2750 1062 2822 gimus,
1077 2762 1132 2818 qua
1144 2760 1160 2801 a
1172 2743 1335 2812 Docesiuit,
1357 2752 1385 2800 et
1398 2744 1427 2799 in
1441 2744 1514 2799 bone
1526 2743 1658 2819 mundum
1677 2739 1753 2800 venit

115 2831 238 2889 solutum
254 2831 404 2900 suscitasti,
416 2843 444 2888 et
456 2848 519 2889 eom
531 2832 592 2904 ipso
606 2834 716 2906 generis
739 2834 852 2890 bomani
869 2836 910 2890 ui·
959 2839 1044 2894 borno
1058 2834 1149 2892 lactus
1161 2833 1505 2904 secundumoperationem
1520 2830 1637 2902 Spiritus
1650 2831 1750 2888 salicti

115 2932 174 2979 tam
184 2925 327 2998 reparasti.
341 2923 413 2992 Quid
427 2925 511 2983 iae'es
536 2936 633 2981 uotum
652 2926 681 2981 in
694 2927 780 2982 altero
795 2926 908 2983 dimidio
960 2929 1081 3002 Spiritus
1090 2927 1163 2985 eninr
1176 2935 1289 2983 sanetus
1303 2927 1375 2983 sicut
1390 2925 1418 2980 in
1434 2923 1526 2980 multis
1546 2921 1750 2993 scripturarum

115 3028 263 3084 antrorum,
278 3015 331 3072 nisi
347 3017 399 3073 boe
417 3017 506 3088 ipsum
519 3059 527 3085 ,
546 3018 620 3089 quod
634 3033 730 3075 revera
746 3019 904 3075 atellense-
919 3045 941 3104 (ς
960 3023 1040 3089 loeis,
1055 3022 1092 3077 ita
1107 3028 1135 3076 et
1148 3019 1193 3074 bio
1207 3027 1281 3075 reete
1293 3032 1343 3089 per
1368 3025 1494 3073 anstrum
1510 3014 1680 3085 intelligitur,
1702 3015 1749 3085 qul

116 3105 229 3177 tisiam
256 3107 360 3163 dictum
378 3123 448 3179 opus
480 3118 568 3165 tuum.
591 3108 660 3166 Cum
684 3109 757 3165 enim
777 3111 906 3181 completi
958 3124 1058 3175 ventus
1069 3119 1112 3170 cst
1127 3110 1243 3177 calidus,
1253 3119 1282 3166 et
1295 3125 1311 3166 e
1326 3108 1438 3181 regione
1455 3107 1555 3179 lrigidu
1571 3105 1692 3177 aquiloni
1702 3119 1749 3176 op

115 3194 218 3255 suerint
236 3198 407 3268 septuaginta
422 3198 553 3267 anui,er
571 3213 627 3270 quo
642 3198 709 3255 illud
722 3214 792 3270 opus
816 3208 907 3265 tuorn,
958 3209 1087 3278 positus,
1112 3218 1168 3275 quo
1197 3200 1355 3272 significari
1376 3200 1446 3256 solet
1477 3199 1590 3270 spiritus
1614 3196 1751 3267 malignus

114 3286 182 3344 illud
204 3290 334 3360 templum
352 3296 430 3344 tuum
445 3290 586 3348 :edilieasti
610 3292 777 3364 decerpere
793 3293 907 3364 rirgiuis
960 3298 1076 3370 Spiritui
1094 3301 1191 3351 saneto
1206 3293 1372 3351 conuarius.
1394 3291 1455 3363 lpsa
1480 3300 1571 3347 autem
1594 3288 1642 3344 Dei
1660 3288 1751 3346 Patris

115 3381 222 3449 matris,
233 3382 290 3453 jaun
305 3391 369 3438 tutte
382 3391 478 3437 uotum
491 3381 594 3438 iactum
612 3384 674 3453 erit,
692 3385 758 3455 qnid
778 3395 908 3455 operatus
958 3401 1138 3462 personapet
1161 3394 1283 3442 montem
1309 3383 1430 3450 Pisonen,
1455 3382 1512 3440 siue
1532 3381 1683 3438 secundum
1708 3396 1751 3435 se·

116 3473 156 3529 sis
183 3468 358 3530 venientibus
384 3472 516 3531 llomanis
540 3482 568 3531 et
595 3476 738 3531 ueritatem
763 3483 839 3531 tuam
853 3480 906 3530 lnt-
958 3482 1098 3554 ptuaginta
1110 3479 1287 3549 interpretes,
1300 3493 1349 3548 per
1363 3484 1476 3532 montem
1489 3472 1640 3530 ambroseus
1651 3483 1676 3529 et
1688 3489 1744 3528 cort·

114 3564 253 3636 lll‘fflllbus
276 3564 304 3619 5¹¹
318 3564 504 3621 (Ιθὸῑῐΰθῑῑῡΰθ
531 3565 625 3636 ‘emili
645 3566 806 3633 manuhelis
824 3581 908 3638 super
958 3575 1068 3629 oeream
1079 3569 1334 3642 argumentumque
1345 3564 1751 3636 videlieetincomprehensibilia

114 3671 177 3728 quae
191 3657 356 3713 calumniam
370 3656 557 3714 sustinuistis
577 3658 732 3715 dicentibus
750 3678 757 3714 :
775 3678 786 3710 r
802 3657 852 3714 llic
866 3658 908 3713 di·
958 3672 1020 3718 runt
1031 3662 1136 3732 judicio
1156 3660 1213 3730 einr
1230 3671 1256 3715 et
1284 3657 1478 3729 investigabiles
1501 3657 1551 3712 oie
1567 3657 1636 3726 ejas,
1657 3666 1682 3711 et
1698 3656 1749 3710 irn-

113 3749 155 3804 sit
170 3767 177 3804 :
193 3747 310 3805 Possum
338 3749 480 3805 destruere
508 3747 639 3820 templum
655 3746 712 3817 Dei,
736 3757 763 3804 et
782 3757 844 3819 post
859 3748 908 3803 tri·
958 3769 1050 3807 menso
1068 3762 1107 3805 est
1130 3749 1247 3804 altitude
1276 3749 1435 3803 diuitiarum
1457 3748 1596 3819 sapientie
1623 3755 1648 3801 et
1665 3746 1751 3802 ιείεε-

113 3839 199 3896 dutum
222 3840 386 3897 reaedificare
408 3841 476 3896 illud
495 3839 606 3913 (blattis.
623 3855 697 3907 xrrr,
713 3840 770 3909 tlt.
789 3839 905 3896 ritem:
958 3847 1004 3900 tire
1021 3843 1078 3913 einr
1092 3856 1102 3896 5
1117 3841 1191 3912 qnod
1213 3840 1314 3907 inuuit,
1344 3848 1375 3894 nt
1394 3854 1480 3909 supra
1504 3838 1637 3906 diximus,
1654 3839 1751 3897 titulus

116 3951 127 3985 r
142 3930 213 3998 Vah,
228 3933 275 4003 qui
286 3932 406 3990 destruis
427 3934 558 4004 templum
572 3931 634 3999 Dei,
650 3940 677 3987 et
692 3932 720 3986 in
734 3932 825 3988 triduo
840 3932 906 3988 illud
958 3936 1018 4006 ipse
1033 3951 1040 3986 ι
1058 3931 1152 3988 Oratio
1171 3929 1299 3985 lirinens
1314 3929 1447 4002 proplertoe
1467 3945 1515 4001 pro
1528 3931 1749 4000 ignorationibus.

113 4023 282 4080 reaedificas!
296 4025 426 4097 egiloni.
439 4041 521 4090 satu,
535 4021 742 4095 lblll'oneuim
756 4025 908 4080 remanebit
993 4024 1080 4079 Porro
1101 4022 1172 4076 Dens
1194 4030 1224 4077 et
1240 4020 1354 4076 Sanetus
1379 4022 1438 4092 ipse
1455 4030 1498 4077 est
1513 4020 1640 4078 Christus
1663 4020 1751 4078 Fibns

113 4116 404 4188 lapissnpcrlapidem,
415 4114 908 4188 quinondestruatur.lliraetpaven·
958 4118 1017 4185 Dei,
1034 4118 1127 4187 utique
1143 4115 1212 4170 Dens
1224 4130 1316 4181 verus,
1335 4115 1418 4169 lrotno
1433 4110 1559 4179 Sonetas,
1575 4127 1748 4182 neqrmqnam

113 4210 149 4266 da
158 4209 283 4266 celeritas
298 4210 389 4280 operis
404 4209 454 4275 tei,
469 4208 594 4275 Domine,
606 4207 672 4279 qnia
686 4208 714 4261 in
724 4207 810 4261 teredio
821 4223 906 4261 orno·
958 4211 986 4265 in
999 4206 1189 4280 iniquitatibus
1202 4213 1361 4275 conceptus,
1379 4204 1465 4275 etqui
1481 4216 1623 4275 peceatum
1640 4218 1695 4259 tren
1708 4203 1748 4258 le·

115 4321 176 4360 runt
187 4310 357 4369 nestrorum,
367 4317 502 4357 annornm
514 4302 697 4373 septuaginta,
710 4301 757 4371 qui
776 4300 839 4356 titae
857 4316 907 4356 no·
958 4303 1006 4367 eit,
1020 4317 1070 4357 nee
1092 4301 1219 4355 inuentus
1233 4306 1275 4352 εει
1292 4296 1373 4352 dolus
1388 4295 1478 4350 inore
1493 4294 1564 4365 ejus.
1589 4293 1642 4350 lste
1655 4292 1747 4365 igitur,

115 4406 181 4454 strae
195 4396 260 4451 auriti
274 4404 349 4461 suut,
366 4393 517 4450 titilieabis
542 4394 618 4461 illud,
633 4394 705 4449 sieut
719 4392 776 4464 jam
801 4391 905 4448 dietum
922 4387 945 4443 D
958 4397 1056 4469 inquit,
1079 4395 1162 4449 sentiet
1182 4388 1373 4458 claustram
1394 4396 1437 4444 cst
1449 4396 1480 4443 ut
1492 4387 1584 4443 ueniat
1608 4385 1669 4455 iste,
1687 4387 1749 4457 Spi-

114 4499 168 4558 est,
182 4501 209 4545 et
220 4490 248 4544 in
264 4490 350 4544 altero
363 4488 524 4544 eorumdem
540 4501 676 4542 annorum
702 4485 793 4541 medio
805 4485 905 4557 prndi-
956 4489 1027 4544 ritus
1041 4494 1152 4544 sanetus
1165 4483 1272 4541 efficiet.
1286 4481 1354 4539 Natu
1372 4492 1480 4554 propter
1493 4479 1653 4535 charitatem
1669 4494 1748 4534 suam

114 4580 243 4636 cantibus
257 4578 387 4650 apostolis
403 4578 443 4633 sio
457 4586 548 4631 notrtm
562 4577 646 4648 socies
664 4576 730 4647 quid
755 4577 861 4648 egeris,
876 4585 906 4632 ut
956 4593 1083 4650 maguam
1098 4577 1186 4633 mittet
1196 4589 1260 4630 eum
1273 4571 1346 4629 Deus
1356 4570 1448 4640 Pater,
1464 4569 1585 4626 charitas
1595 4577 1686 4623 autem
1698 4565 1751 4621 Pa-

114 4673 239 4743 ejusdem
251 4672 342 4742 operis
355 4671 393 4727 tui
405 4671 521 4741 gloriam
532 4669 670 4724 aemulalttt
686 4668 904 4740 templiludaici,
958 4669 1008 4725 tris
1019 4668 1152 4724 mittentis
1166 4676 1194 4722 et
1207 4665 1279 4733 Filii,
1298 4647 1458 4736 qoimissus
1473 4671 1526 4726 est,
1538 4659 1652 4731 quidest
1662 4659 1747 4727 aliud,

116 4765 209 4834 templi
238 4762 400 4830 mannlneti,
429 4763 569 4818 occultare
597 4762 656 4817 site
679 4760 828 4817 obscurare
851 4777 906 4817 non
957 4759 1012 4816 nisi
1035 4758 1154 4830 Spiritus
1173 4755 1308 4813 sarnetusi
1329 4752 1433 4824 Ergoa
1459 4750 1562 4824 Spiritu
1588 4759 1749 4808 sanctone

113 4854 214 4925 possit,
229 4854 293 4925 quia
304 4854 474 4909 destructum
489 4851 656 4923 crintlagnn
671 4852 722 4920 ira,
735 4862 906 4923 ntagnatuuc
958 4852 1025 4919 niet,
1041 4852 1123 4906 idest
1140 4857 1170 4911 ut
1183 4848 1283 4912 tertiat,
1299 4844 1371 4900 sient
1385 4844 1443 4916 jatn
1468 4844 1599 4907 dixiruus,
1628 4840 1748 4912 Spiritus

115 4946 419 5017 pressuramitpopulo
433 4946 507 5002 bule.
521 4945 573 5000 Sed
588 4943 671 5014 quitli
957 4953 1070 5002 sanetus
1094 4942 1202 5008 eliciet,
1223 4949 1252 4996 et
1282 4939 1401 5010 Spiritus
1422 4941 1509 4996 sancti
1533 4940 1584 4995 crit
1612 4940 1746 5010 operatio,

153 5036 220 5093 Cnnt
236 5038 321 5092 iratus
336 5037 626 5108 literis,miserieordite
643 5033 907 5090 recor·dnberir.Non
957 5035 1030 5107 quod
1055 5049 1118 5089 eum
1144 5034 1220 5099 uirgo
1243 5032 1401 5102 incorrupta
1427 5031 1570 5102 concipiet,
1598 5040 1625 5087 et
1651 5045 1745 5085 ererum

116 5135 221 5188 erimus
246 5131 318 5187 sieut
348 5129 478 5198 Sodoma,
504 5145 559 5185 nou
581 5129 731 5186 eDleiemur
756 5129 834 5200 quasi
852 5127 907 5184 Go-
957 5125 1206 5194 Deumteruntque
1231 5123 1371 5178 bominem
1393 5123 1490 5193 pariet.
1518 5120 1674 5176 Secundum
1690 5129 1746 5175 tres
1850 5170 1855 5179 ‚

117 5223 241 5290 morula,
259 5222 306 5278 sed
321 5223 443 5294 reliquiae
458 5223 540 5279 salvae
555 5221 621 5277 fient
644 5237 676 5278 es
693 5221 782 5278 uobis.
800 5220 906 5277 llineet
958 5216 1026 5271 istas
1054 5215 1136 5269 utrius
1163 5229 1234 5269 teras
1249 5222 1277 5269 et
1296 5230 1410 5270 sumator
1428 5213 1541 5268 Deitatis
1555 5226 1687 5291 personas
1698 5208 1747 5266 tri·

117 5312 205 5369 lsairs
219 5315 304 5371 dicit:
323 5333 332 5367 r
346 5313 405 5369 Nisi
420 5314 553 5370 Dominus
567 5314 736 5369 exercituum
753 5313 908 5384 reliquisset
957 5310 1009 5364 bns
1025 5307 1247 5363 distinctionibus
1269 5308 1407 5362 canticum
1422 5305 1611 5377 propheticum
1638 5303 1748 5360 subdis-

117 5405 201 5463 n'obis
228 5422 331 5476 semen,
358 5407 438 5478 quasi
454 5406 575 5463 Sodoma
597 5405 757 5468 fuissemus,
772 5412 800 5460 et
827 5403 907 5475 qnasi
958 5400 1101 5472 tinguitur.
1134 5398 1345 5455 Distinetionuro
1374 5397 1533 5452 earumdem
1560 5396 1668 5466 signatu
1705 5408 1747 5452 est

118 5499 271 5557 Gontorrba
285 5500 390 5558 similes
402 5514 526 5555 essemus
539 5496 647 5571 (isnin,
658 5498 696 5569 9).
714 5517 723 5549 r
741 5495 775 5552 Et
788 5511 830 5553 est
844 5512 907 5552 sen-
958 5508 1076 5563 semper,
1098 5491 1172 5560 «qnod
1200 5488 1332 5545 Hebraice
1353 5488 1409 5544 selo
1420 5497 1448 5544 et
1468 5504 1484 5543 a
1512 5486 1613 5545 Graecis
1628 5488 1747 5545 transla-

118 5608 186 5649 sus:
202 5590 261 5649 Nisi
276 5591 409 5647 Dourinus
423 5592 646 5661 praeordinasset,
668 5600 700 5645 nt
714 5590 838 5662 reliquie
853 5590 908 5646 sal·
958 5586 1064 5642 toribus
1088 5585 1295 5654 interpretatum
1313 5591 1355 5638 est
1369 5582 1531 5652 diapsalma,
1543 5583 1577 5637 de
1589 5598 1645 5654 quo
1657 5583 1747 5638 seien-

119 5699 158 5740 toe
170 5683 236 5741 liant
249 5700 282 5742 es
296 5683 386 5750 nobis,
404 5692 432 5739 et
446 5684 536 5739 omnis
551 5682 633 5740 lsrael
655 5684 748 5742 saltus
770 5684 815 5747 sit.
843 5700 907 5741 eum
957 5680 1022 5736 dom
1042 5686 1094 5743 est,
1111 5675 1252 5746 quodnisi
1268 5675 1294 5729 in
1319 5677 1447 5745 psalterio
1464 5688 1492 5735 ot
1503 5678 1531 5734 in
1547 5679 1672 5738 praesenti
1687 5678 1748 5733 loeo
