3892 6067
130 296 201 353 1393
560 288 734 347 plauctus
752 288 795 344 DE
813 287 973 347 cuuntcts
991 287 1127 345 SAECUL.
1148 286 1193 343 ΕΤ
1210 285 1337 345 REGUL.
1700 288 1770 346 tant

128 414 275 473 diaconum
289 413 385 470 sancta
396 411 518 487 mundus
536 410 625 468 ulcio
636 410 762 481 priuauit.
782 408 863 465 illac
873 425 925 465 au·
941 423 963 479 q
978 423 1039 479 qua·
1062 405 1096 462 ad
1120 406 1246 462 consulta
1268 402 1449 475 bulgarorum
1465 401 1540 469 data,
1556 403 1699 461 continent
1713 405 1771 462 brec

127 508 257 567 ctoritate
278 502 404 564 munitus
431 520 494 561 cum
518 504 621 560 diceret
636 502 748 574 quidam
764 502 925 569 canonicus,
977 500 1049 557 iuter
1059 506 1157 555 caetera
1171 516 1202 554 :r
1222 496 1260 553 ne
1277 496 1444 570 presbyteris
1458 496 1547 563 tobis,
1560 497 1608 567 qui
1620 498 1682 554 laici
1692 501 1770 567 estis,

126 598 162 656 de
177 598 229 654 bac
240 613 271 652 rc
286 596 483 670 interrogatus,
494 595 569 667 quod
585 593 731 651 manifeste
754 593 926 650 incontinen·
976 608 1027 648 ncc
1040 590 1219 662 judicandum
1236 601 1288 656 est,
1308 603 1361 645 nec
1374 589 1408 645 de
1425 587 1480 643 rita
1500 603 1595 645 corum
1619 590 1769 662 quidquam

126 701 169 747 tes
179 688 336 758 c'ericluen
352 688 442 745 adbuc
450 685 577 758 privandi
592 684 753 754 officio,sed
764 685 822 755 jam
832 693 926 740 essent
976 681 1208 753 investigandum,
1231 680 1278 736 scd
1295 680 1487 751 episcoporum
1509 680 1624 750 judicio,
1637 680 1771 752 quidquid

125 780 241 854 privati;
260 780 357 835 talium
384 779 553 847 defensores,
576 776 670 834 nescio
694 792 731 832 an
756 777 809 848 ipsi
824 774 925 831 fuerint
975 774 1041 831 illud
1057 782 1108 840 cst,
1118 772 1324 830 reservandum.
1341 791 1351 826 ι
1366 771 1400 828 Et
1414 780 1477 844 pust
1492 772 1583 844 aliqua
1602 791 1608 827 :
1628 769 1768 840 «Sumite,

126 872 211 937 tales,
246 871 351 927 scilicet
383 870 599 936 incontinentes,
627 866 807 925 frenduerunt
842 883 925 939 super
973 865 1075 939 inquit,
1091 865 1127 921 ab
1144 860 1376 920 omnisacordote
1390 862 1524 934 intrepide
1548 862 1651 919 Christi
1669 869 1771 936 arrystc·v

124 978 190 1020 eum
206 960 336 1018 dentibus
358 961 428 1026 suis,
446 960 569 1017 dicentes
594 974 658 1015 enm
680 958 922 1014 adnumerandum
974 960 1025 1031 rja,
1042 958 1174 1031 quoniam
1189 957 1283 1014 omnia
1298 956 1325 1011 in
1343 955 1397 1014 ilde
1411 964 1574 1029 purgantur.
1592 976 1602 1008 r
1621 955 1685 1013 llaec
1699 956 1770 1012 dixit

124 1055 273 1121 baereticis,
300 1054 348 1126 qui
373 1052 496 1110 auferret
523 1061 688 1125 potestatem
715 1052 864 1124 episcopis.
889 1053 924 1108 dt
973 1068 1043 1124 papa
1054 1050 1410 1116 Nicolaussciseitantibus,
1422 1058 1452 1105 ut
1466 1049 1526 1120 ipsa
1537 1064 1669 1120 responsa
1679 1056 1769 1105 osten-

125 1148 173 1204 ille
187 1155 333 1219 postquam
353 1162 407 1202 non
424 1146 537 1203 tolerari
556 1152 681 1204 senserat
692 1144 830 1201 mitiorem
845 1146 922 1201 illum
972 1145 1052 1210 dunt,
1065 1160 1120 1199 non
1145 1145 1235 1200 solum
1251 1145 1285 1200 dc
1301 1141 1470 1215 presbyteris
1490 1140 1701 1208 fornicantibus,
1719 1139 1768 1195 sed

126 1238 316 1294 damnationis
334 1237 459 1304 modurn,
475 1252 531 1309 quo
545 1236 718 1293 interdicitur
729 1236 860 1303 officium,
875 1237 923 1293 ad·
972 1237 1055 1292 ctiam
1077 1235 1308 1302 adulterantibus,
1329 1233 1481 1291 ostendens
1509 1248 1606 1290 eorum
1630 1232 1766 1290 audlenda

125 1329 193 1398 iecit
207 1329 354 1399 majorem,
371 1342 426 1400 quo
443 1326 594 1400 Gregorius
616 1324 673 1394 vlt,
693 1341 757 1382 rere
770 1325 922 1397 septiformi
972 1327 1177 1399 offlcia‚qnoad
1196 1344 1284 1400 usquc
1311 1330 1347 1383 ab
1373 1328 1510 1399 episcopis
1528 1343 1624 1384 eorum
1643 1327 1723 1385 detur
1736 1326 1764 1381 ia

126 1421 236 1492 Spiritu
253 1422 361 1492 plenus,
377 1419 518 1478 interdixit
530 1421 571 1477 eis
586 1421 669 1477 etiam
685 1418 808 1476 ecclesiae
826 1417 922 1474 introi·
970 1436 1020 1487 cos
1036 1421 1111 1493 iusta
1125 1421 1271 1478 sententia.

124 1528 183 1571 turn
198 1516 315 1574 dicens:
332 1535 342 1565 ι
364 1516 393 1574 Si
415 1518 463 1590 qui
477 1524 542 1573 sunt
554 1514 718 1588 presbyteri,
738 1516 781 1571 uel
798 1513 920 1580 diaconi,
1008 1514 1111 1572 chcu.
1122 1513 1199 1582 Scio,
1215 1513 1310 1582 frater,
1327 1514 1378 1571 ista
1401 1514 1521 1586 capitula
1543 1514 1674 1582 inueniri,
1686 1514 1765 1571 seda

122 1608 167 1664 uei
182 1608 356 1675 subdiaconi,
367 1609 415 1680 qni
427 1610 454 1665 ia
465 1608 583 1665 crimine
597 1606 920 1679 fornicationisjaceant,
969 1604 1122 1663 Catholicis
1137 1621 1193 1662 non
1209 1606 1289 1661 rideo
1302 1605 1356 1663 illis
1376 1605 1492 1661 obediri.

123 1697 315 1755 interdicimus
329 1699 414 1756 eisex
431 1699 479 1756 bet
493 1709 572 1772 parte
586 1701 795 1772 omnipotentis,
811 1710 839 1756 et
856 1716 920 1756 san·
1009 1695 1116 1754 Secut.
1137 1696 1218 1754 blodo
1239 1697 1292 1753 illis
1308 1694 1444 1752 Catbclici
1470 1711 1524 1751 non
1557 1696 1698 1765 obediunt,
1717 1698 1765 1754 sed

121 1793 161 1848 cti
177 1790 251 1847 Petri
266 1793 439 1861 auctoritate,
450 1794 574 1851 roclena
587 1794 740 1861 introitum,
756 1794 919 1866 usquedum
935 1780 956 1836 Β
970 1790 1088 1848 antebac
1099 1790 1270 1847 obedierunt.

121 1884 274 1956 poeniteant
285 1893 313 1942 ct
327 1887 482 1943 emendent.
497 1885 526 1942 Si
544 1886 591 1958 qul
605 1901 670 1943 vero
685 1888 713 1942 in
737 1896 850 1959 peccato
866 1903 918 1944 suo
1006 1882 1111 1939 Restm.
1126 1880 1217 1951 Certe,
1230 1881 1328 1950 frater,
1343 1897 1432 1953 neque
1448 1883 1530 1939 modo
1544 1898 1634 1956 neque
1649 1884 1765 1940 antebac

121 1989 299 2047 perseverare
313 1975 474 2045 maluerint,
490 1977 583 2033 nulfus
599 1986 721 2058 restrum
740 1992 836 2034 eorum
849 1993 918 2050 pre
970 1974 1139 2032 fornicantes
1164 1983 1193 2032 ct
1214 1975 1399 2031 adulterantes
1426 1973 1532 2045 accepti
1551 1974 1664 2030 fuerunt
1691 1990 1765 2031 sanas

122 2066 216 2125 suniat
240 2069 362 2140 recipere
385 2066 519 2138 offcium,
549 2069 615 2142 quia
643 2070 798 2127 benedictio
821 2087 917 2129 eorum
969 2063 1290 2133 montisbuminibus,et
1306 2065 1392 2121 ctiam
1409 2066 1684 2136 tuncreprobabilcs,
1699 2083 1764 2123 curn

121 2162 293 2218 convertitur
305 2162 333 2219 ia
345 2163 750 2231 maledictionem,etoratioin
762 2174 917 2236 peccatum,
970 2158 1094 2214 nundum
1118 2172 1134 2213 ι
1155 2155 1288 2230 Gregorio
1312 2154 1360 2212 Vll
1380 2155 1494 2213 luerunt
1514 2157 1657 2216 eliminati.
1685 2156 1765 2216 Unde

122 2250 369 2311 Deminntcstautc
378 2272 426 2326 per
437 2258 599 2329 proplietam
615 2276 622 2311 :
636 2253 917 2328 Maedicaminqnit,
969 2249 1075 2307 licitum
1099 2257 1143 2307 est
1166 2249 1286 2323 opinari,
1302 2250 1325 2307 si
1345 2265 1362 2305 a
1382 2249 1495 2322 iuniore
1511 2249 1636 2309 Nicolao'
1647 2255 1709 2312 data
1722 2269 1765 2313 est

122 2347 451 2405 remunerationesque
465 2350 596 2423 (naraon.
613 2350 694 2421 ms).
711 2347 918 2418 Quiveronntc
968 2342 1029 2399 naeo
1043 2343 1132 2415 iussio
1148 2343 1183 2400 de
1197 2345 1334 2402 urrunnun
1347 2343 1543 2404 fornicantium
1562 2349 1665 2417 atarto,
1684 2353 1764 2423 quast

122 2440 307 2499 saluberrimo
320 2454 456 2515 praecepto
474 2445 585 2502 obrdirc
606 2443 736 2512 noluerit,
758 2442 918 2501 idolotatria
968 2435 1075 2501 mitius,
1090 2446 1120 2492 1¹²
1135 2452 1165 2494 St
1176 2438 1357 2510 colliderent,
1370 2439 1501 2510 primitus
1514 2456 1578 2497 tum
1590 2444 1631 2499 eis
1646 2446 1761 2517 agendo.

121 2543 263 2605 peccalum
286 2536 413 2605 iucurrit,
430 2538 558 2594 Samuele
586 2547 664 2608 teste,
678 2549 705 2595 ct
719 2539 799 2596 beato
813 2537 917 2610 Grego·
967 2528 1117 2602 Postquam
1133 2531 1298 2588 exstiterunt
1309 2531 1521 2604 incorrigibiles,
1534 2535 1650 2605 ipsemet
1663 2553 1693 2592 se
1702 2552 1764 2592 cor-

121 2626 166 2682 rio
185 2627 503 2686 instruente.Pnooamm
520 2630 655 2687 ariolandi
671 2639 779 2687 estnon
795 2631 916 2698 obedire,
968 2624 1048 2689 rexit,
1070 2624 1181 2694 quando
1197 2625 1225 2681 ia
1243 2625 1348 2697 synodo
1370 2625 1474 2681 eisdem
1497 2627 1587 2683 officia
1609 2629 1761 2688 interdixit.

120 2724 148 2773 et
169 2718 260 2776 soclus
287 2719 450 2778 idololatriae
467 2722 541 2778 nolle
563 2725 749 2796 acquiescere.
769 2723 916 2780 Peccatum
968 2712 1030 2771 '4¹⁸0
1053 2716 1131 2785 l'uxta
1155 2716 1266 2785 lflf¹¹¹³⁸
1284 2731 1421 2772 ⁰²⁰⁰¹¹¹¹¹¹l
1436 2719 1536 2787 Ρῠῑῑθῐῑ
1549 2721 1705 2779 auctoritati
1720 2734 1763 2781 est

121 2807 205 2881 igitur
220 2811 385 2882 paganitatis
400 2812 527 2883 incurrit,
541 2817 679 2887 quisquis,
695 2816 761 2873 dum
779 2815 915 2873 Cbristia·
967 2804 1209 2876 dcfulfssfffldum·
1230 2807 1274 2863 fel
1300 2809 1353 2864 ¹¹⁰⁰
1367 2808 1551 2880 Sfssfiffldilffli
1571 2815 1644 2884 ‘1¹¹⁰d
1662 2814 1690 2870 5¹¹
1703 2816 1761 2887 ifl8²

120 2915 187 2958 naun
201 2917 232 2958 se
244 2904 353 2971 asserit,
367 2905 426 2961 sedi
439 2907 597 2977 apostolicas
608 2909 719 2966 obedire
725 2910 887 2966 cmtcmnit.
901 2929 911 2963 r
965 2899 1073 2971 85⁰0th
1087 2898 1188 2956 factum
1201 2908 1244 2957 ²⁶²
1254 2900 1446 2971 episcoporum
1460 2903 1606 2973 iudicium,
1616 2916 1678 2978 post
1688 2911 1761 2980 quod

159 2992 266 3050 Secu..
276 2992 338 3061 Quo
354 2997 444 3054 modis
460 2999 575 3069 perbaec
587 3000 699 3056 omnia?
966 3000 1077 3048 nonest
1092 2992 1208 3049 ulterius
1222 2993 1391 3051 audiendum
1406 2994 1514 3053 illorum
1531 2998 1705 3056 interdictum
1718 2999 1761 3056 of-

156 3083 260 3142 Rsoou.
284 3085 421 3145 Nimirum
439 3106 489 3161 poi·
500 3108 533 3148 02
554 3108 617 3165 (με
638 3092 696 3149 dixi
710 3094 854 3166 expeditur
870 3096 916 3151 in.
966 3084 1071 3141 llciurn.
1087 3084 1226 3142 Si⁴autcm
1241 3102 1257 3142 a
1272 3087 1367 3158 priore
1377 3086 1491 3145 Nicolao
1505 3091 1568 3147 data
1585 3100 1627 3148 est
1642 3093 1687 3149 illa
1698 3093 1759 3165 jus·

120 3177 272 3249 terrogatio
295 3189 342 3236 tua
357 3180 391 3237 de
412 3182 513 3238 minori
529 3184 913 3258 mododamnationis,‘qucm
966 3177 1020 3244 ⁵5⁰.
1034 3187 1108 3234 lecit
1129 3187 1252 3235 ⁰⁰fle⁰¹²
1265 3186 1308 3236 ⁰⁸²
1329 3182 1580 3252 asucccssoribus,
1595 3185 1660 3255 quia
1680 3202 1760 3258 '01¹⁰‘

120 3266 270 3323 ostendcrc
287 3284 343 3325 non
366 3272 443 3343 potui
460 3272 520 3329 sine
534 3274 680 3332 collatione
704 3275 828 3347 majoris.
844 3277 914 3334 For·
966 3286 1053 3343 gnans
1063 3280 1123 3327 erat
1134 3273 1250 3330 sancitis
1259 3274 1422 3344 potioribus.
1437 3275 1517 3334 Unrlc
1533 3279 1660 3351 pluribus
1672 3285 1760 3355 magis

119 3358 243 3416 nicantes
256 3361 330 3418 enim
341 3364 436 3422 altaris
451 3365 581 3431 ministri,
591 3367 615 3424 si
625 3376 771 3440 postquam
782 3364 914 3425 ‘fornicati
965 3379 1048 3435 quam
1067 3364 1113 3420 uni
1130 3364 1272 3435 obediens,
1285 3376 1312 3423 et
1324 3368 1397 3424 iuter
1408 3378 1505 3425 caetera
1526 3370 1689 3444 Gregorium
1702 3372 1773 3443 Vll,=

119 3448 232 3520 fuerint,
248 3453 337 3511 officia
348 3471 405 3512 non
419 3459 655 3530 presumpserint,
673 3460 799 3528 erunt.in
813 3461 914 3518 minori
965 3454 1044 3526 qnasi
1063 3455 1156 3510 tubam
1180 3454 1306 3523 audiens,
1323 3472 1375 3530 ego
1389 3458 1424 3516 de
1443 3460 1538 3519 missis
1558 3477 1654 3520 corum
1673 3467 1760 3538 magis

118 3543 304 3614 damnatione,
330 3546 457 3605 uidelicet
482 3550 511 3605 in
530 3550 686 3608 officiorum
720 3554 914 3610 tantummodo
965 3564 1022 3606 nun
1036 3564 1115 3617 curo,
1130 3564 1213 3621 quam
1229 3549 1253 3605 si
1264 3559 1443 3609 cantarentur
1457 3568 1473 3609 a
1488 3569 1606 3626 pagano.

119 3634 325 3709 privationeidt
339 3639 362 3696 si
377 3651 472 3698 contra
484 3642 658 3699 interdictum
673 3644 914 3715 sedisapostolicae
1001 3641 1202 3698 breonense
1225 3657 1260 3699 ne
1285 3640 1468 3703 sacramentis
1495 3646 1583 3706 facias
1610 3651 1759 3722 injuriam,

118 3740 301 3800 praesumunt,
311 3739 454 3804 peccatum
466 3734 630 3807 paganitatis
645 3735 836 3804 incurrunt,et
849 3738 913 3808 ipsi,
965 3748 1038 3803 qum,
1062 3733 1128 3790 licet
1147 3735 1275 3792 haeretico
1290 3735 1456 3802 celebrante,
1470 3752 1526 3793 non
1547 3740 1679 3797 amittunt
1704 3744 1759 3801 rina

118 3828 147 3874 ct
160 3819 208 3889 qui
221 3820 340 3878 scienter
359 3837 456 3880 eorum
478 3824 633 3893 interdicta,
644 3825 701 3881 imo
714 3834 741 3882 ct
754 3840 914 3884 excommu·
966 3825 1099 3881 suamet
1112 3825 1157 3880 isti
1174 3824 1291 3882 necdum
1305 3836 1370 3883 sum
1381 3827 1483 3885 addicti
1491 3829 1622 3901 baeretici,
1633 3838 1760 3906 quamtis

119 3910 209 3968 niceta
222 3911 312 3969 officia
325 3913 450 3972 audiunt.
967 3913 1081 3971 Nicolao
1097 3915 1288 3974 haeresiarchae
1303 3917 1331 3972 in
1346 3915 1420 3974 facto
1436 3919 1491 3976 sint
1503 3924 1660 3994 propinqui.
1796 3910 1800 3915 ’

155 4001 262 4061 Serus.
278 4005 312 4062 Et
328 4007 387 4063 baec
403 4017 446 4063 est
465 4010 574 4066 novitas
599 4009 734 4078 inaudita,
752 4024 807 4081 qua
821 4009 914 4067 officia
1001 4005 1105 4063 Rutun-
1123 4005 1214 4065 Unum
1238 4015 1325 4066 restat
1345 4008 1530 4080 probandam,
1555 4014 1660 4071 scilicet
1685 4021 1759 4089 quod

118 4109 216 4152 eorum
235 4098 306 4156 dicis
322 4099 572 4158 excommunicata
590 4100 653 4169 Ubi,
672 4116 777 4173 quaeso,
792 4111 835 4159 est
856 4103 914 4159 baec
965 4098 1159 4155 hamaicorum
1180 4114 1213 4155 ea
1235 4109 1408 4157 sacramenta
1429 4110 1507 4159 extra
1519 4102 1670 4162 Ecclesiam
1687 4109 1759 4164 cele·

117 4186 369 4244 excommunicatio
391 4188 534 4248 factaivel
553 4191 600 4248 ubi
628 4192 912 4250 saltemsaltexconr-
964 4188 1054 4255 brata,
1080 4188 1144 4244 licet
1166 4198 1300 4260 quautam
1332 4191 1367 4248 ad
1390 4189 1508 4249 formam
1531 4197 1756 4255 sacramentalem

117 4276 305 4336 muniretionc
320 4280 485 4338 interdicta?
964 4277 1021 4333 sint
1036 4279 1153 4350 integra,
1166 4280 1238 4336 sicut
1251 4280 1356 4353 integra
1369 4291 1411 4338 est
1425 4281 1574 4355 aliquando
1589 4301 1689 4345 manus
1702 4302 1759 4345 aaa·

154 4370 258 4430 Rasna,
274 4372 415 4447 interroga
438 4392 537 4448 papam
560 4378 757 4448 Alexandrum,
774 4388 911 4450 pompam
963 4378 1070 4442 putata,
1092 4381 1184 4428 tamen
1209 4390 1225 4429 a
1250 4374 1352 4431 uirtute
1379 4376 1469 4431 sancti
1495 4377 1615 4449 Splritus
1638 4380 1675 4437 ita
1693 4391 1759 4438 sunt

116 4460 399 4537 llrcolanm,quorum
413 4482 481 4539 pene
497 4471 635 4527 sententia
646 4479 690 4527 est
700 4471 794 4528 eadem
807 4471 911 4527 paneas
925 4487 950 4545 υ
962 4479 1061 4532 uacua,
1077 4464 1150 4522 sicut
1166 4464 1201 4522 ab
1226 4468 1350 4524 humano
1375 4484 1458 4526 sensu
1485 4478 1512 4527 et
1537 4471 1637 4542 spiritu
1658 4489 1758 4530 uranus

118 4555 192 4613 bunc
215 4566 338 4614 tenorem
353 4576 387 4614 a«
406 4557 516 4628 Nullus,
528 4561 666 4632 inquiunt,
679 4561 773 4620 audiat
797 4562 910 4619 missam
963 4564 1113 4626 amputata.
1128 4556 1162 4612 lit
1173 4557 1248 4630 quod
1263 4557 1319 4615 illis
1335 4559 1484 4632 aliquando
1500 4562 1622 4619 faustum
1642 4572 1686 4620 est
1704 4581 1756 4621 no-

116 4650 279 4722 presbyteri,
289 4666 372 4721 quem
387 4652 440 4709 scit
460 4652 649 4711 indubitanter
661 4656 845 4712 concubinam
864 4657 913 4711 ba·
963 4662 1027 4703 mun
1040 4648 1153 4707 haelsstls
1165 4659 1220 4706 ¹²⁰¹
1239 4649 1392 4719 Nic⁰l³iliss
1407 4668 1489 4723 quarn
1505 4646 1685 4724 simoniacis,
1696 4659 1763 4729 (lille

117 4740 192 4808 nere,
208 4749 256 4797 aut
270 4742 508 4803 subintroductam
525 4745 680 4802 mutierem,
699 4765 709 4799 r
734 4746 813 4803 unqe
828 4747 911 4803 eiiam
963 4737 991 4793 ln
1002 4738 1105 4799 erroris
1116 4742 1160 4799 sui
1170 4753 1244 4800 secta
1257 4743 1389 4813 indurati,
1400 4746 1580 4817 synodalibus
1593 4759 1763 4806 sanctorum

117 4840 213 4888 sancta
228 4834 349 4904 synodus
364 4837 417 4893 boc
431 4853 448 4893 a
460 4837 551 4908 capite
563 4840 660 4895 statuit
673 4839 725 4895 sub
744 4854 911 4897 excommu-
962 4830 1075 4890 Patrum
1083 4834 1303 4905 diffinitionibus,
1314 4846 1343 4893 et
1349 4835 1532 4898 decretalibus
1539 4857 1633 4899 eorum
1645 4846 1755 4902 statutis

116 4924 255 4982 nicatione
268 4924 363 4986 dicens
380 4948 388 4984 a
406 4947 415 4982 r
435 4929 598 5001 Quicunque
608 4930 794 4999 sacerdotum,
813 4932 908 4988 diaco·
962 4926 1080 4983 scienter
1093 4927 1545 5005 inobedientes,apostatarnmquc
1553 4936 1704 5007 pertinacia
1714 4938 1758 4993 eis

116 5033 233 5086 trorum,
262 5019 506 5091 subdiaconorum,
534 5031 596 5094 post
623 5021 803 5079 coustitutum
826 5023 912 5081 bcatae
961 5017 1168 5074 recalcitrantes
1184 5018 1276 5075 studio
1296 5028 1324 5076 et
1342 5022 1482 5080 voluntate
1499 5024 1756 5098 refragantur.lloc

115 5113 256 5167 memoriae
273 5113 442 5170 sanctissimi
462 5129 539 5186 papae
552 5115 653 5171 Leonis
665 5113 701 5171 de
715 5116 842 5173 castitate
856 5110 911 5173 cle·
961 5118 1054 5165 autem
1077 5107 1274 5182 indiligenter
1291 5112 1458 5184 determino,
1470 5132 1505 5173 nc
1525 5118 1588 5190 quis
1603 5133 1647 5174 mc
1662 5120 1756 5176 credat

116 5200 247 5271 ricorum,
261 5214 288 5260 et
306 5212 415 5273 caetera.
434 5225 443 5259 r
459 5205 531 5263 Ecce
554 5206 582 5261 hi
609 5206 665 5263 duo
682 5205 799 5262 Romani
817 5207 910 5278 ponti-
962 5202 1089 5261 baeresim
1112 5203 1254 5276 assignare
1273 5205 1313 5262 sic
1331 5207 1418 5278 tapso,
1434 5220 1464 5265 ut
1482 5209 1541 5282 ipse
1557 5220 1620 5267 autc
1634 5211 1753 5281 lapsum,

115 5292 182 5349 tices
204 5303 357 5365 testantur,
386 5298 439 5353 sub
459 5298 746 5356 excommunicatione
765 5306 908 5366 statuturo,
960 5302 1063 5365 etpost
1074 5294 1103 5350 in
1114 5296 1292 5353 continentiae
1307 5302 1448 5369 proposito
1463 5299 1563 5370 fuerit;
1578 5299 1754 5358 sicutPetrus

115 5394 147 5441 ut
169 5385 371 5445 incontinentes
400 5405 455 5446 non
487 5390 627 5447 celebrent
651 5391 827 5448 interdictum
857 5391 910 5449 sibi
960 5395 989 5442 et
1000 5394 1074 5455 ante,
1086 5396 1114 5443 ct
1132 5394 1196 5457 post
1206 5386 1361 5459 martionis
1372 5390 1492 5461 lapsum,
1506 5390 1560 5447 fuit
1571 5392 1598 5448 in
1611 5393 1754 5465 proposito

115 5477 247 5535 officium.
260 5477 356 5546 Quaere
368 5489 397 5537 tu
408 5481 489 5539 abeis
499 5482 533 5538 de
543 5483 596 5539 ista
606 5484 908 5553 excommunicatione;
960 5494 1103 5551 nunquam
1115 5478 1390 5551 netandisshtfswms
1402 5492 1429 5539 ei
1441 5483 1503 5539 iden
1510 5480 1622 5541 Petmm
1635 5485 1753 5544 dicimus

115 5569 184 5626 mibi
204 5569 307 5627 sufficit
330 5571 397 5629 illud
421 5589 437 5629 a
462 5589 532 5645 papa
548 5572 682 5646 Gregorio
707 5574 908 5647 supradictum,
960 5573 1079 5644 lapsum,
1101 5571 1280 5645 similiterque
1297 5572 1381 5645 lapsis
1395 5589 1450 5630 nou
1465 5575 1621 5633 claudimus
1640 5591 1753 5648 recupe-

115 5663 161 5718 ubi
176 5661 277 5719 officiis
290 5678 386 5721 corum
397 5666 517 5722 ostendit
530 5664 589 5722 deri
603 5680 750 5739 paganum.
960 5666 1054 5723 rande
1078 5666 1176 5724 salutis
1197 5666 1306 5724 facilem
1331 5667 1446 5724 aditum.
1468 5667 1554 5727 ludas
1580 5676 1684 5740 autem,
1703 5668 1751 5741 qui

152 5754 258 5815 Serus.
275 5757 479 5833 Quiddicisad
499 5757 660 5817 illaflicolai
682 5776 762 5835 papae
786 5762 906 5830 decreta,
959 5758 1088 5831 quaesivit
1114 5758 1346 5831 opportunitatem
1367 5766 1397 5815 ut
1420 5756 1514 5816 iesum
1543 5760 1751 5832 sentennaco
