3892 6067
153 269 221 327 itit
581 268 647 326 tte.
668 267 712 331 DE
729 267 857 326 dudum
878 267 922 323 ΕΤ
941 267 1084 324 donent.
1103 266 1181 323 illut
1202 264 1354 324 libitinis.
1716 274 1786 328 tino

150 400 207 442 uris
229 384 267 441 ιιι
287 398 404 455 persons
428 380 500 440 neus
512 392 538 439 et
562 384 656 439 bomo.
674 402 732 438 r-
746 383 779 440 ll.
808 384 944 440 llaxinrns
959 387 982 444 Α
996 384 1070 440 nitus
1085 381 1145 454 ejus
1159 381 1256 453 Filius,
1268 370 1295 439 ln
1309 370 1386 441 nullo
1400 379 1519 459 gignenti
1537 384 1576 442 rel
1594 397 1692 444 netues
1703 389 1786 446 dassi-

147 479 296 551 episeopus
310 476 345 533 de
357 474 446 532 Natali
459 475 584 533 Domini:
606 475 751 533 ‹Verbum
760 477 940 535 carolactum
996 474 1080 540 milis,
1097 475 1139 531 tel
1167 475 1267 532 virtute
1290 474 1413 542 interior,
1434 476 1475 532 rel
1495 485 1616 550 tempore
1639 482 1785 550 posterior.

148 578 201 638 est,
212 577 243 625 ut
260 585 314 624 nou
338 567 412 625 Dens
426 579 590 625 reniteretur
602 570 629 626 in
655 570 810 635 bominem,
835 569 884 625 sed
913 577 944 624 ut
995 564 1082 634 Quam
1097 560 1222 623 uidelicet
1236 567 1419 639 mortalitatem
1434 568 1494 639 ipse
1509 568 1643 628 Dominus
1666 571 1693 627 in
1715 573 1787 629 div'·
1831 618 1840 630 .

149 660 233 717 bomo
250 657 452 730 glorillearetur
476 658 504 713 in
523 658 620 716 linum.
640 680 650 712 r
669 659 742 716 Idem
754 677 761 713 :
774 679 784 714 r
798 657 942 726 Quomodo
994 658 1079 714 nitate
1101 657 1197 714 babuit
1219 658 1379 729 prinsquam
1404 660 1523 718 mundus
1548 673 1621 720 esset
1643 665 1715 736 npud
1734 664 1787 721 Pn-

149 750 381 823 eomprebendere
391 749 761 809 honoratetbeumttaetus
773 750 943 825 ingenitum?
994 757 1074 816 trem,
1091 749 1189 821 ipsein
1211 749 1382 807 humanitate
1396 765 1432 807 cs
1453 759 1575 824 temporo
1589 755 1787 813 incarnationis

149 845 275 901 rtrortalis
303 846 453 900 eternum?
474 843 503 899 Si
525 844 690 917 investigere
713 845 810 903 niteris
824 846 942 917 qualiter
993 842 1137 912 accepite·

149 937 223 994 bene
247 936 445 1003 inhominem,
472 938 514 993 uel
542 937 625 993 bomo
642 937 768 994 transivit
796 939 824 994 ln
844 937 939 1009 boum,
1031 932 1074 990 ιι.
1095 932 1278 1007 Hieronymus
1309 935 1343 992 ad
1365 920 1478 992 Paulam
1504 940 1532 993 et
1555 937 1732 997 Eustochium
1759 944 1786 998 in

149 1028 282 1098 investiga
297 1026 373 1096 prius
392 1026 415 1082 ιι
438 1034 527 1098 potes,
551 1026 691 1098 quomodo
702 1041 736 1083 ex
749 1026 837 1082 nihilo
852 1025 941 1086 iactrrs
993 1042 1121 1083 sermone
1136 1026 1176 1083 De
1187 1028 1374 1099 assumptione
1394 1039 1496 1085 sanctae
1509 1029 1624 1097 llariae:
1642 1051 1652 1084 r
1666 1033 1787 1091 Obsecro

147 1127 192 1176 cst
213 1118 345 1175 muudus.
376 1118 535 1176 ›ldemzr
562 1118 676 1176 Decreto
696 1118 816 1191 quodam
837 1119 942 1176 ineom-
993 1118 1172 1186 insolide,
1192 1128 1296 1176 tantam
1311 1134 1345 1178 nc
1355 1120 1436 1177 talem
1449 1121 1564 1193 gratiam
1578 1137 1613 1178 ne
1626 1122 1654 1179 in
1669 1135 1787 1182 uacuum

148 1211 340 1282 prebeusoque
357 1219 490 1281 conceptu
510 1211 634 1283 procedit
658 1210 694 1266 de
714 1211 823 1268 mortali
840 1212 940 1270 lemine
993 1211 1217 1284 recipiensque
1232 1222 1275 1268 est
1294 1212 1322 1267 in
1338 1212 1449 1269 cbristo
1461 1213 1536 1282 iesu,
1551 1214 1578 1270 in
1598 1231 1654 1287 (μισ
1674 1214 1789 1276 [lenset

147 1302 241 1359 divina
251 1303 406 1377 progenies.
416 1301 471 1359 Nec
485 1302 586 1357 mirum
598 1315 664 1357 stne
679 1300 703 1356 si
717 1301 823 1358 exstitit
849 1301 941 1357 divina
994 1303 1077 1358 bomo
1101 1304 1142 1359 sic
1160 1313 1203 1359 est
1215 1303 1311 1359 unitus
1325 1301 1354 1357 in
1371 1319 1425 1359 una
1439 1304 1590 1375 eademque
1611 1321 1740 1376 persons,
1757 1319 1788 1364 nt

148 1397 288 1464 nativitas,
303 1394 350 1454 nbi
373 1411 429 1451 non
455 1402 514 1450 eret
538 1393 658 1448 bumana
683 1392 836 1461 conceptio.
856 1391 942 1463 Igitur
993 1396 1099 1468 legatur
1113 1410 1196 1467 quarn
1211 1408 1284 1465 saepe
1301 1395 1328 1450 in
1350 1395 1450 1451 divinis
1464 1394 1617 1466 Scriptbrie
1634 1400 1717 1456 borno
1730 1401 1787 1455 lien

148 1489 222 1547 Dens
236 1489 283 1563 qui
309 1488 380 1559 apud
398 1486 562 1553 tenuerat,
587 1484 707 1555 prodivit
724 1499 739 1539 tr
757 1482 825 1550 Deo,
841 1493 942 1541 etearo
993 1493 1146 1544 coaeternus
1159 1498 1269 1558 propter
1282 1486 1433 1543 unitionem
1447 1488 1788 1557 subsistentiaefacdeinde

147 1580 195 1637 liei
212 1595 274 1652 quae
288 1581 315 1635 in
331 1578 388 1635 neo
402 1591 457 1633 non
480 1585 550 1643 erat,
564 1576 699 1648 prooessit
717 1575 902 1631 ‹exsemine›
993 1577 1066 1636 Dens
1087 1578 1193 1634 bomini
1207 1594 1369 1649 eompassus
1385 1597 1392 1633 ε
1408 1594 1471 1635 cunr
1495 1595 1545 1636 nee
1564 1580 1737 1640 ininitiabilis
1751 1587 1789 1642 ιιι

181 1672 226 1729 ΙΙΙ.
243 1672 411 1745 Augustinus
425 1670 460 1727 de
475 1667 621 1743 Symbolot
636 1686 646 1721 r
662 1667 740 1737 Quod
755 1668 849 1726 sedere
860 1666 942 1725 Pater
993 1669 1086 1735 bomo,
1100 1684 1151 1725 nec
1173 1669 1311 1740 possibilis
1337 1666 1420 1727 Deus.
1436 1662 1537 1727 Temen
1559 1671 1600 1729 sie
1626 1674 1720 1732 unitus
1745 1686 1787 1732 est

145 1767 258 1832 (licitur,
277 1781 332 1821 non
345 1764 423 1822 flexis
437 1762 585 1835 poplitibus
598 1764 749 1835 putandum
769 1771 822 1832 est,
845 1779 880 1821 ne
895 1764 938 1819 in·
955 1757 1063 1815 illinus
1077 1774 1129 1816 suo
1153 1760 1274 1830 corpori,
1297 1769 1328 1816 ut
1353 1761 1456 1817 nnllam
1481 1762 1603 1832 patiatur
1627 1764 1686 1823 tierl
1718 1766 1788 1823 inter

145 1858 273 1914 eid-umus
289 1856 355 1913 illud
369 1854 556 1926 sacrilegium,
568 1854 598 1910 in
619 1868 675 1927 quo
699 1861 859 1912 exsecratur
872 1869 939 1926 apo·
995 1850 1081 1906 Deum
1095 1860 1124 1908 et
1143 1851 1284 1909 hominem
1309 1851 1431 1908 bumana
1457 1852 1587 1923 opinione
1611 1854 1786 1925 distantiam<

146 1948 236 2005 stolus
258 1963 317 2015 eon,
331 1947 625 2018 quicommutareruut
636 1946 752 2017 gloriam
777 1944 942 2015 incorrupti·
993 1959 1028 2000 ne
1048 1941 1130 2012 iorte,
1142 1945 1217 2016 quod
1231 1945 1322 2001 absit!
1336 1944 1408 2001 alius
1426 1944 1513 2001 filius
1527 1944 1574 2003 bra·
1586 1954 1614 2004 et
1630 1947 1703 2006 alins
1715 1950 1788 2005 lilius

147 2041 213 2098 bilis
237 2039 297 2107 Ilei,
312 2039 340 2094 in
363 2037 572 2095 similitudinem
600 2035 788 2107 corruptibilis
807 2034 938 2092 bominis.
994 2035 1119 2093 bominis
1139 2035 1279 2092 credituri
1299 2036 1454 2093 Praesertim
1480 2036 1545 2108 guia
1568 2038 1704 2107 scriptura
1722 2058 1788 2098 con·

148 2132 214 2188 'laie
227 2132 301 2187 enirn
319 2129 497 2187 simulacrum
513 2127 590 2185 neins
605 2136 647 2185 est
661 2126 820 2184 Christiano
831 2125 860 2182 in
872 2136 942 2183 tem·
993 2128 1079 2185 nectit
1090 2135 1118 2183 et
1127 2136 1309 2200 concorporat
1323 2126 1409 2184 Deum
1423 2136 1451 2184 et
1474 2127 1625 2194 bominem,
1643 2140 1673 2185 nt
1694 2144 1745 2189 nec
1758 2132 1790 2189 ιιι

147 2225 193 2296 plo
204 2223 357 2281 collocare:
371 2222 458 2278 multo
481 2222 570 2295 mugit
583 2230 626 2278 est
645 2218 781 2275 treferium
805 2218 833 2274 in
846 2219 940 2287 eorde,
993 2227 1117 2291 tempore
1131 2218 1272 2276 bominem
1287 2219 1378 2291 quien
1392 2217 1460 2287 Deo,
1472 2233 1523 2275 nec
1536 2218 1564 2275 in
1577 2222 1708 2291 passione
1724 2237 1789 2293 posa

146 2317 195 2373 ubi
206 2326 302 2374 rerum
313 2314 361 2372 Dei
379 2315 511 2387 templum
524 2322 577 2382 est,
589 2314 613 2370 si
634 2328 650 2369 ι
671 2320 780 2370 terrena
794 2312 942 2383 cupiditate
993 2311 1029 2368 sit
1043 2311 1078 2367 ab
1090 2311 1201 2367 bomine
1212 2309 1297 2366 licum
1311 2310 1479 2368 discernere.
1498 2329 1508 2365 r

150 2420 233 2479 atque
257 2420 352 2463 errore
363 2405 538 2463 emundetur.
555 2404 660 2462 Sedens
684 2419 751 2476 ergo
768 2403 842 2460 Deus
867 2402 941 2475 qnod
1029 2402 1263 2476 Vltdugustinus
1275 2404 1303 2459 in
1314 2402 1386 2460 libro
1402 2403 1592 2471 Questionum
1604 2405 1674 2463 Noti
1691 2405 1788 2465 Testa·

146 2501 261 2569 dicitur,
280 2514 336 2555 non
352 2498 540 2555 membmrum
556 2498 731 2571 positionem,
752 2496 799 2553 sed
824 2494 942 2568 judicia·
993 2495 1099 2552 menti:
1116 2514 1126 2547 r
1144 2495 1274 2552 Christus
1294 2495 1341 2552 liei
1354 2494 1439 2552 Filius
1458 2510 1493 2553 et
1512 2507 1615 2554 aeterno
1634 2507 1677 2557 est
1690 2510 1790 2557 mentr-

148 2590 322 2661 riamilgurat
335 2597 580 2661 potestatemzqua
592 2588 638 2645 ille
652 2589 784 2660 majestas
799 2602 941 2659 nunquam
992 2589 1058 2645 dum
1083 2586 1215 2660 Spiritum
1237 2589 1392 2646 sanctitatis
1415 2589 1514 2661 :justa
1533 2606 1645 2648 carnem
1669 2601 1735 2653 tero
1754 2608 1788 2648 er

146 2693 234 2750 earet,
246 2697 354 2754 semper
365 2682 447 2754 digne
461 2681 552 2753 dignis
569 2681 724 2737 tribuendo.
738 2682 855 2738 liextere
866 2680 941 2736 illius
993 2681 1200 2739 neminemne
1224 2691 1363 2738 natusest
1379 2681 1465 2737 Filius
1488 2683 1555 2751 ileo,
1570 2692 1601 2740 ut
1622 2685 1649 2739 in
1671 2692 1790 2757 utroque·

147 2771 787 2840 estsrnnmebcatitudo,ntsinistra,miseriain
802 2770 939 2841 quahaedi
994 2788 1049 2828 nou
1078 2773 1166 2831 lactus
1190 2773 1247 2828 Deo
1259 2771 1347 2830 Filius
1365 2773 1509 2840 habeatur,
1534 2774 1581 2830 sed
1608 2784 1728 2833 natus.»
1757 2775 1790 2831 tit

146 2867 365 2923 constituuntur.
381 2885 391 2918 r
413 2863 488 2920 idem
509 2862 537 2919 in
560 2863 631 2919 libro
644 2878 681 2918 ιι
708 2862 742 2919 de
754 2862 870 2918 Ciritnte
882 2861 941 2929 bet,
993 2864 1176 2935 posteliqua:
1196 2884 1205 2917 r
1223 2862 1349 2920 Salvator
1359 2878 1425 2934 crgo
1443 2872 1470 2920 et
1486 2871 1567 2922 nutus
1582 2877 1622 2923 eet
1636 2866 1788 2923 secundum

146 2974 208 3029 cap.
223 2952 578 3023 leruredamrisdirinn
592 2952 767 3010 librinomen
786 2951 941 3022 occepitln
993 2968 1105 3011 carnem
1124 2931 1222 3011 littus
1249 2953 1307 3010 Dei.
1336 2952 1396 3008 Non
1420 2953 1495 3009 enim
1518 2963 1635 3025 poterat,-
1657 2958 1731 3028 qnod
1754 2958 1789 3014 de

144 3067 177 3107 ea
189 3050 291 3121 qnippe
302 3046 507 3118 quodammodo
521 3042 621 3118 legitur
629 3040 762 3117 quidquid
778 3057 810 3098 ea
825 3041 942 3101 iaciente
994 3052 1090 3100 sancto
1112 3053 1239 3101 sanctum
1258 3055 1354 3099 natum
1377 3046 1430 3108 est,
1457 3059 1512 3099 non
1534 3044 1569 3101 de
1589 3044 1646 3101 Deo
1671 3062 1786 3104 nator.»

145 3141 288 3197 recolitur.
306 3138 383 3195 Sicut
404 3138 444 3196 ait
457 3137 622 3211 Apostolus:
641 3133 738 3191 Omnes
759 3134 829 3189 enim
856 3104 977 3190 stobi·c
995 3132 1068 3191 ldem
1085 3135 1113 3190 in
1127 3132 1243 3205 epistula
1254 3134 1289 3191 ad
1304 3134 1444 3191 Romanos
1455 3134 1514 3191 ait:
1538 3156 1548 3188 ι
1564 3135 1647 3194 Recte
1660 3116 1789 3195 Cbristut

147 3233 409 3291 musantetritunoi
436 3232 556 3308 Domini,
582 3240 612 3285 nt
639 3234 739 3301 refect
762 3229 943 3300 uniusquisque
994 3226 1660 3300 dicitnrnonpredesttnatusseennoumidquod
1672 3227 1790 3286 ostior-

147 3343 207 3399 ιιι
218 3343 265 3399 per
278 3343 374 3398 corpus
387 3327 477 3398 gessit,
492 3325 546 3381 sine
558 3323 655 3381 bonurn
668 3323 721 3379 rite
737 3321 837 3393 mnium
852 3321 940 3392 (Rom.
993 3315 1219 3383 innuentem
1239 3318 1311 3388 apud
1325 3316 1423 3374 Deum.
1440 3316 1476 3375 tn
1487 3321 1553 3391 quid
1565 3321 1639 3377 enirn
1651 3322 1791 3391 praedesti·

148 3437 205 3487 ιιι,
222 3420 284 3493 iiix
300 3418 544 3476 tribunalllomini
560 3414 868 3489 appellansmajestatis
883 3415 943 3485 eius
994 3418 1125 3475 narretur,
1150 3423 1214 3465 cunr
1245 3406 1304 3481 jam
1336 3419 1410 3467 esset
1443 3412 1503 3469 sine
1534 3413 1655 3470 termino
1686 3416 1790 3487 sempi-

148 3511 397 3574 ereelsitudinem,
420 3524 483 3580 quae
510 3508 640 3565 omnibus
665 3506 767 3578 ubique
798 3505 827 3561 in
853 3504 943 3561 οιιιιὖ
994 3499 1107 3555 ternusl
1123 3498 1297 3555 illudentem
1312 3500 1386 3572 quod
1410 3500 1532 3558 nondum
1548 3512 1610 3558 erat
1630 3513 1695 3562 ante
1717 3513 1790 3561 tem·

151 3607 203 3660 ints
225 3600 450 3676 apparebimur
473 3599 648 3657 maniiestata
666 3598 802 3653 ridebunt
824 3596 900 3669 impii
914 3596 941 3651 in
994 3606 1072 3662 pora,
1100 3592 1324 3662 praedestinatum
1353 3601 1412 3649 erat
1437 3602 1468 3651 ut
1496 3594 1524 3651 in
1552 3603 1675 3666 tempore
1702 3597 1788 3654 tieret.

150 3710 232 3767 guent
258 3699 444 3766 pupugerunt,
459 3698 487 3747 et
511 3690 642 3761 plangent
666 3704 696 3744 se
726 3702 822 3744 omues
855 3687 943 3741 tribus
995 3683 1088 3754 ltaque
1100 3685 1252 3739 seeundum
1269 3684 1345 3755 quod
1362 3691 1405 3740 est
1420 3684 1503 3741 bomo
1513 3686 1735 3757 praedestinatas,
1747 3697 1791 3745 est

150 3798 240 3843 m,
258 3803 268 3839 ,
995 3790 1050 3831 nou
1066 3775 1155 3831 solum
1170 3784 1201 3830 ιιι
1221 3775 1282 3831 sine
1299 3775 1406 3831 meritis
1421 3786 1495 3832 esset
1511 3786 1594 3849 caput
1613 3789 1748 3848 nosuunr,
1763 3790 1791 3835 et

184 3877 229 3935 ll.
248 3877 411 3934 Ambrosius
425 3889 566 3948 exponens
589 3871 657 3930 illud
678 3888 686 3928 t
711 3870 789 3928 btrtt
812 3871 943 3928 Ιιιιιιιιιι
995 3872 1026 3920 ut
1048 3880 1098 3922 nee
1119 3864 1225 3937 origine
1238 3865 1359 3921 traheret
1383 3879 1434 3922 nec
1449 3866 1590 3924 voluntate
1616 3878 1791 3941 perpetraret

150 3971 264 4027 domino
290 3980 377 4025 seeo:
399 3967 465 4025 Sede
486 3965 619 4022 odentrit
637 3963 701 4019 meis
716 3961 806 4034 (Prot.
821 3977 877 4029 ern,
905 3964 943 4034 l).
994 3964 1149 4027 peceatum,
1164 3964 1192 4011 et
1209 3964 1285 4012 uter
1306 3954 1531 4013 mortalinatura
1551 3956 1747 4015 clarificaretur
1762 3960 1790 4016 in

153 4083 163 4117 ι
183 4061 435 4119 eonsummntums
449 4065 585 4131 precepta
595 4054 739 4122 Dominus,
757 4052 838 4110 iidem
851 4054 945 4109 aemi·
996 4047 1192 4108 immortalem.
1208 4047 1256 4104 sed
1271 4048 1353 4104 etinm
1374 4055 1406 4103 nt
1427 4056 1500 4103 esset
1517 4045 1604 4105 Filius
1620 4048 1670 4106 liei
1691 4050 1720 4106 in
1734 4050 1790 4106 rir-

150 4154 329 4213 serieordism
343 4150 499 4210 testamenti
514 4149 557 4206 eui
572 4149 626 4206 tine
639 4145 789 4205 concludit.
806 4143 900 4202 iidem
917 4145 944 4201 in
996 4147 1066 4195 tute.
1083 4135 1180 4206 Quies
1198 4137 1692 4209 quobnmoessecoepit,l'iliusllei
1707 4142 1790 4212 coepit
1902 4124 1913 4153 ‘

150 4262 185 4306 eo
206 4256 238 4305 ut
248 4246 390 4304 Gbristurn
404 4243 489 4300 Deum
511 4250 539 4298 et
551 4239 699 4298 Dominum
713 4248 850 4306 nostnun,
863 4244 892 4293 et
910 4236 944 4291 ad
996 4228 1259 4296 bitterrensem
1275 4237 1330 4284 tem
1342 4229 1414 4284 celsa
1423 4236 1467 4283 est
1479 4237 1506 4283 et
1516 4243 1624 4285 summa
1638 4232 1790 4301 protectio,

149 4341 289 4398 dexteram
307 4338 355 4396 Dei
373 4338 468 4395 tedere
480 4336 640 4401 credamus;
655 4346 710 4388 non
729 4329 803 4402 quod
815 4343 945 4400 corpore·
996 4321 1188 4394 predestinata
1205 4322 1333 4377 lurmnme
1347 4330 1461 4386 natnrae,
1477 4330 1507 4376 ut
1521 4335 1577 4392 qno
1591 4322 1731 4379 tolleretur
1748 4326 1790 4378 a!-

75 4456 78 4461 ’
151 4435 214 4492 liter
235 4434 330 4491 sedent
343 4430 390 4504 qui
410 4431 511 4500 ubique
531 4437 582 4485 est.
595 4427 718 4498 [lenique
738 4425 797 4496 ipse
819 4423 848 4479 in
860 4422 944 4479 Patre
958 4447 982 4502 D
997 4418 1052 4473 tius
1066 4431 1120 4471 non
1136 4416 1257 4473 baberet.
1279 4413 1358 4472 Unde
1381 4415 1464 4470 etiam
1481 4415 1634 4471 secundum
1655 4416 1790 4488 Spiritum

150 4525 216 4596 quia
236 4539 292 4580 una
306 4521 460 4580 substantia
473 4518 532 4584 bet,
552 4518 617 4589 grtia
635 4531 691 4573 nnn
705 4515 804 4583 uirtus,
815 4529 870 4570 uns
885 4530 945 4568 ma·
996 4510 1220 4568 sanctificationis
1240 4510 1342 4567 dicitur
1362 4507 1443 4565 iacta.
1459 4507 1520 4565 Non
1534 4509 1608 4565 enirn
1627 4509 1721 4567 earinis
1742 4525 1786 4566 ru·

149 4622 246 4691 icstas.
265 4617 326 4690 lpse
348 4631 415 4686 ergo
436 4615 465 4671 in
478 4612 569 4679 Patre,
586 4620 614 4668 et
635 4610 664 4666 in
688 4610 750 4680 ipso
762 4606 854 4675 Pater,
875 4606 942 4679 qnia
995 4604 1098 4676 pidine,
1115 4603 1162 4659 sed
1179 4603 1239 4660 solo
1253 4602 1300 4659 Dei
1314 4616 1439 4669 munere,
1461 4599 1508 4655 bet
1530 4599 1618 4655 Filius
1633 4599 1791 4671 unigenitus

151 4714 225 4771 Deus
237 4713 266 4768 in
281 4709 371 4767 Verbo
395 4715 438 4764 est
455 4714 484 4762 et
501 4703 621 4761 Verbum
633 4702 662 4757 in
685 4700 742 4757 lieo
755 4698 850 4757 estin
863 4697 944 4754 Patre
995 4705 1145 4767 eorroeptus
1158 4704 1200 4752 est
1220 4704 1248 4751 et
1268 4704 1359 4751 natus.
1376 4712 1385 4746 r

152 4809 209 4879 ipse
226 4804 324 4863 sedens
337 4802 371 4858 sd
384 4801 523 4858 dexteram
541 4796 642 4862 Patris,
653 4792 718 4865 grtia
729 4792 804 4848 Petri
817 4805 943 4857 consors,
1030 4788 1099 4845 vlit.
1119 4787 1303 4845 Ambrosius:
1323 4807 1332 4838 r
1349 4784 1427 4842 toiri
1447 4794 1475 4841 et
1491 4783 1594 4841 retolli
1616 4783 1789 4857 scripturam

151 4897 222 4956 nulli
236 4895 386 4955 secundus.
399 4891 460 4963 lpse
474 4890 576 4945 missus
597 4902 614 4943 a
631 4885 712 4942 Patre
726 4883 791 4955 quit
805 4882 945 4939 deseendit
995 4880 1127 4947 divinam,
1141 4878 1281 4936 etlilium
1297 4877 1345 4934 liei
1361 4891 1498 4949 nusquam
1512 4876 1603 4933 inueni
1618 4877 1789 4950 adoptivum.

151 4991 186 5046 de
205 4990 276 5047 ooelo
303 4987 395 5043 Patris
421 4984 582 5055 impleturus
603 4976 757 5036 arbitrium.
785 4974 863 5031 Tolle
881 4974 944 5031 binc
997 4972 1051 5029 Sed
1077 4972 1151 5028 sicut
1176 4970 1305 5027 Christus
1326 4968 1489 5040 inquantum
1514 4968 1586 5026 Deus
1610 4977 1663 5037 est,
1679 4977 1790 5025 natura·

151 5082 272 5152 perlidiae
286 5079 464 5152 questiones,
488 5084 517 5131 et
537 5073 615 5145 plena
631 5068 728 5141 religio
740 5076 794 5125 est.
808 5064 864 5123 Nee
875 5080 945 5137 prn-
995 5064 1056 5120 liter
1073 5062 1199 5118 habetut
1211 5060 1247 5117 sit
1262 5061 1395 5116 naturalis
1407 5059 1494 5116 lilius
1505 5068 1533 5116 et
1546 5059 1581 5117 sit
1597 5058 1686 5126 beus3
1699 5060 1736 5114 ita
1748 5058 1791 5112 in-

152 5172 239 5228 tertur
252 5170 317 5242 quia
331 5169 366 5225 nd
378 5168 519 5224 denternm
539 5163 624 5229 sedet,
638 5175 689 5216 nee
703 5158 832 5231 injuriam
843 5155 945 5228 patitur
996 5163 1130 5227 quantum
1150 5154 1234 5211 bomo
1253 5162 1308 5221 est,
1327 5168 1374 5225 per
1387 5152 1503 5223 gratiam
1516 5150 1599 5206 babet
1618 5159 1649 5207 ιιι
1663 5149 1699 5207 ιιι
1718 5149 1788 5206 idem

153 5265 217 5336 quin
235 5266 369 5330 mittitur;
383 5261 486 5335 grndru
499 5274 554 5315 non
572 5256 704 5329 queritur
725 5252 874 5326 dignitatis,
898 5252 943 5306 ubi
997 5246 1084 5303 Filius
1100 5243 1147 5302 [lei
1167 5245 1312 5302 naturalis.
1331 5265 1341 5297 r

153 5357 294 5430 plenitudo
310 5366 352 5413 est
366 5352 552 5413 divinitatisr
1032 5336 1077 5393 lli.
1103 5334 1166 5392 llee
1187 5345 1347 5393 sanctorum
1370 5332 1527 5389 testimonia
1548 5330 1691 5387 credibilia
1719 5330 1790 5385 lama

192 5448 224 5505 V,
244 5447 316 5504 neor
330 5461 470 5517 exponens
485 5445 550 5501 iliud
567 5460 574 5498 ε
591 5440 676 5497 Peter
691 5439 760 5512 guod
773 5438 846 5494 dedit
868 5438 948 5513 milri,
997 5440 1061 5489 sunt
1080 5429 1173 5496 nimie,
1198 5428 1226 5484 id
1246 5426 1429 5484 contestantis
1444 5424 1518 5495 quod
1541 5422 1653 5478 dentum
1671 5421 1718 5477 ilci
1734 5437 1790 5477 non

153 5543 242 5613 moires
257 5536 378 5595 emitur
397 5547 457 5594 ert:
478 5536 544 5594 dicit
560 5535 587 5591 in
603 5533 716 5589 bomilia
733 5551 765 5588 :r
786 5530 875 5603 llejus
896 5547 945 5586 au·
996 5522 1184 5581 manniactam
1198 5520 1276 5577 decet
1297 5517 1455 5576 sanctitudo
1470 5517 1500 5575 in
1518 5513 1716 5588 longitudinem
1731 5513 1790 5569 die·

155 5648 211 5692 tem
225 5632 354 5691 omnibus
376 5629 449 5700 qued
464 5627 606 5684 mediatori
628 5625 676 5683 Dei
697 5634 725 5681 et
739 5622 880 5680 bominum
897 5623 946 5677 bo·
996 5634 1069 5675 rum.
1089 5614 1142 5672 Sed
1158 5624 1192 5669 nt
1211 5612 1318 5669 firmius
1335 5609 1493 5677 credantur,
1508 5605 1625 5663 addetur
1639 5605 1694 5663 illis
1713 5604 1791 5659 testi·

156 5730 222 5786 mini
238 5726 301 5783 lesu
316 5723 428 5779 Christe
441 5720 521 5776 Pater
534 5720 619 5788 dedit,
638 5720 689 5775 boe
703 5726 745 5774 ost
762 5726 792 5772 ut
806 5714 945 5786 titunige·
997 5708 1120 5766 mnniem
1142 5705 1189 5762 llri
1210 5703 1299 5761 Patris
1325 5701 1359 5759 dt
1382 5701 1452 5758 coelo
1477 5697 1621 5756 clamantis
1643 5717 1649 5750 :
1676 5694 1730 5752 itte
1751 5700 1793 5749 et

315 5820 450 5887 Parnon.
470 5812 599 5876 CXClV.
1615 5792 1655 5851 dd
