3892 6067
143 249 201 306 889
446 245 727 304 coltttnsattttott
744 246 779 302 tlt
797 246 967 304 essenos,
985 276 1026 304 -·.
1039 243 1130 304 etas
1149 243 1217 302 tttt.
1237 275 1273 288 --
1290 243 1389 302 PSAI..
1409 246 1504 303 txtt
1729 249 1783 308 ΞΝ

144 361 230 417 nolite
245 360 372 417 emelim
388 361 416 417 lu
431 361 517 417 altana
531 380 613 418 coms
625 373 757 428 oestrum,
777 379 887 429 cerusa,
901 364 943 418 iu·
955 371 981 429 Α
995 377 1051 418 uon
1076 369 1141 418 sunt
1169 361 1222 417 alia
1243 362 1304 433 ejus
1328 378 1439 432 romeu,
1462 378 1544 435 quam
1571 378 1632 419 mea
1655 378 1781 422 munera.

144 464 244 520 quam,
262 449 384 514 illorum,
406 448 493 505 illest
517 452 654 520 potentias
677 466 785 514 eorum.
801 465 852 521 ega
877 466 940 506 eoo·
1029 450 1121 506 Gloria
1131 450 1220 518 Patet,
1235 453 1279 507 cui
1289 452 1424 509 dicimus:
1441 452 1632 525 Carpitelintur
1642 454 1780 512 tiliDeae.

144 542 265 614 [stupam
278 542 307 595 iu
326 542 417 611 βιιιιι,
432 543 584 597 secundm
607 542 742 613 quoditie
759 543 881 613 psalmus
906 543 940 598 ti·
992 541 1087 600 Gleria
1104 542 1187 610 Filio,
1205 544 1253 615 oui
1266 544 1352 601 dicit:
1377 546 1445 602 Cum
1457 563 1581 618 accepero
1600 557 1714 617 tempas,
1733 565 1781 619 epo

145 635 253 690 tulatar
268 634 296 687 iu
312 633 403 703 finem,
414 633 479 703 quia
505 647 556 706 epo
577 632 636 704 lpse
650 635 712 702 finit
726 649 774 689 ero
787 633 867 688 malis
878 648 938 687 eor·
987 634 1112 705 iustitiae
1123 634 1261 706 judicato,
1274 646 1299 691 et
1312 637 1403 692 omnia
1426 655 1525 693 cornua
1537 649 1706 709 peecatorum
1718 655 1782 695 cou-

145 722 492 790 nilot,uteuxriluileumr.
512 723 614 791 nonis,
643 734 674 780 ιιι
699 731 938 790 consummentur,
991 726 1120 798 [rippam.
1148 724 1241 781 Gloria
1263 725 1377 797 spiutni
1395 740 1498 797 taneto,
1524 729 1605 800 eujus
1621 730 1693 786 dune
1717 741 1782 787 sunt

144 823 234 885 atque
265 815 326 869 itleo
358 813 550 870 exultabuntur
576 831 675 870 caroea
695 815 783 886 justi,
807 830 841 872 ιο
865 815 939 886 quod
991 831 1096 874 narona
1112 815 1179 887 justi
1190 818 1335 876 exaltanda
1350 818 1378 874 in
1400 828 1542 876 aeterrtuut.
1559 820 1655 876 Amen.

150 985 1771 1017 mmmm—m

696 1195 872 1312 PARS
914 1196 1229 1319 OCTAVA.

502 1615 735 1708 INCIPIT
770 1612 1086 1710 PROLOGUS
1121 1616 1419 1712 GERIIOHI.

182 1959 254 2029 Quid
269 1960 342 2032 apis,
354 1960 446 2016 anima
461 1976 531 2029 mea,
547 1977 632 2034 quare
649 1962 736 2019 tristIs
756 1977 796 2032 es,
809 1972 837 2019 et
853 1979 940 2035 quare
954 1974 976 2031 Β
990 1964 1069 2019 edunt
1090 1979 1141 2032 me,
1165 1965 1252 2021 adlrue
1269 1967 1399 2035 esuriunt,
1412 1975 1438 2022 et
1451 1968 1497 2039 qul
1517 1967 1609 2024 liluot
1626 1985 1676 2037 me,
1694 1970 1781 2026 adnue

142 2055 295 2113 conturbas
310 2055 376 2110 me?
392 2053 524 2112 'Iristarls
544 2055 580 2112 «le
601 2070 682 2126 opere
707 2054 877 2126 imperfecto,
903 2073 937 2114 eo
987 2053 1077 2110 sitient
1093 2053 1190 2123 (Eccli.
1209 2072 1285 2125 xrrr,
1297 2056 1356 2128 ιθ).
1378 2054 1520 2114 volueram
1545 2058 1656 2130 quidem
1672 2043 1779 2117 illarum

142 2148 220 2220 quod
235 2147 355 2219 psalmos
369 2147 531 2219 exponendo
542 2148 614 2206 uelut
629 2149 656 2203 iu
669 2149 759 2205 media
779 2147 823 2204 via
836 2148 938 2206 deleei·
988 2145 1035 2203 siti
1052 2155 1080 2202 et
1091 2146 1193 2203 esuriei
1213 2147 1340 2205 satisfieri
1352 2165 1385 2205 ex
1400 2150 1518 2207 leetioue
1539 2150 1709 2208 voluminum
1732 2170 1781 2225 per

142 2242 180 2297 sti
190 2239 290 2311 partina
310 2241 434 2311 eorporis
449 2238 617 2307 infirmitate,
628 2241 727 2310 partim
741 2255 775 2296 ex
786 2239 832 2297 illu
845 2240 936 2307 taedio,
987 2247 1098 2295 sanctos
1111 2236 1206 2294 Patres
1230 2237 1258 2294 ln
1275 2237 1402 2297 Psalmns
1414 2240 1562 2307 editorum,
1577 2241 1717 2298 ueletiam
1732 2258 1781 2315 per

141 2346 202 2401 qno
216 2330 350 2387 dormitas
367 2328 439 2384 ultra
458 2328 835 2398 modum,lac1eutemoram
852 2344 937 2398 spon·
987 2328 1093 2402 glossas
1118 2329 1311 2400 magistrorum
1325 2331 1358 2388 de
1375 2330 1420 2390 his
1433 2332 1501 2404 Ipsis
1523 2332 1710 2392 uolumlulltus
1732 2349 1781 2392 ex·

143 2436 188 2487 sa.
199 2421 247 2491 qui
262 2420 284 2476 si
298 2421 346 2476 tibi
358 2420 487 2475 uelociter
499 2419 664 2488 advenisset,
678 2420 734 2474 imo
745 2420 767 2476 si
780 2419 828 2474 tihi
840 2418 937 2475 luisset
986 2428 1104 2490 eerptas.
1123 2421 1158 2476 At
1168 2422 1221 2477 ittae
1234 2432 1397 2494 opportune,
1410 2424 1567 2496 importune
1578 2403 1683 2483 iosfiaut
1696 2425 1779 2496 mihi,

143 2513 203 2581 hie,
221 2528 276 2568 noo
292 2511 393 2568 luisses
407 2520 528 2578 mortua,
546 2526 596 2566 nee
616 2511 696 2581 quasi
720 2510 810 2566 triduo
831 2509 937 2580 sepulta
987 2519 1019 2568 ut
1033 2512 1056 2567 si
1072 2526 1126 2567 oon
1140 2512 1262 2583 plenaria
1274 2515 1445 2585 expositione
1465 2516 1536 2572 sieut
1551 2517 1684 2574 haetenus
1696 2533 1780 2576 euua-

142 2604 214 2660 nihil
229 2620 347 2675 operans
359 2603 450 2672 vitale,
462 2613 510 2657 aut
522 2604 617 2671 etiam,
633 2603 707 2674 quod
724 2601 801 2672 pejus
815 2609 867 2668 est,
879 2601 936 2672 jam
987 2603 1048 2672 bar,
1067 2603 1162 2661 saltem
1177 2605 1313 2663 brer‘iario
1329 2609 1448 2679 quodam
1463 2608 1491 2665 in
1506 2607 1641 2678 Psalmos,
1662 2611 1709 2682 qui
1731 2612 1780 2668 atl-

142 2697 234 2753 leteus
249 2696 322 2752 velut
338 2695 454 2751 cadaver
474 2692 697 2765 quatriduanum.
717 2689 781 2747 luele
796 2691 883 2749 telstis
894 2707 935 2759 es,
987 2695 1042 2751 hue
1053 2703 1168 2762 restant,
1181 2697 1219 2751 ita
1235 2712 1406 2770 pereurrant,
1420 2707 1450 2755 ut
1461 2699 1513 2755 etsi
1528 2715 1583 2756 non
1604 2701 1777 2771 exponendo,

141 2790 237 2848 anima
260 2806 331 2859 mea,
350 2799 378 2846 et
399 2787 463 2845 iude
485 2788 633 2845 eonturltas
652 2803 707 2844 nte.
737 2785 790 2843 Sed
814 2802 893 2858 spera
908 2785 936 2839 in
986 2786 1084 2842 saltem
1109 2785 1190 2856 quasi
1215 2787 1338 2844 canendo
1355 2790 1388 2845 ari
1414 2790 1490 2845 illum
1511 2790 1592 2846 fluent
1609 2791 1778 2862 perveniam,

141 2881 212 2952 lieo,
228 2882 359 2953 quoniam
372 2882 467 2938 videns
482 2878 614 2937 Dominus
624 2879 720 2936 lentes
731 2888 758 2935 et
767 2886 876 2935 orantes
886 2893 936 2949 pro
987 2873 1167 2932 ubidicitur:
1185 2872 1277 2931 Omnia
1300 2878 1408 2948 spiritur
1423 2877 1514 2936 laudet
1531 2878 1674 2934 Dominum
1689 2877 1777 2954 (erat.

142 2982 172 3029 te
189 2987 312 3042 sorores,
324 2973 383 3045 jam
398 2972 447 3028 tibi
469 2970 605 3043 reparavit
628 2986 662 3026 ex
689 2979 766 3041 parte
790 2968 935 3025 sanitatem
986 2979 1030 3033 ct,
1045 2964 1083 3036 6).
1103 2964 1185 3022 Adsis
1198 2980 1274 3038 ergo,
1286 2964 1405 3038 Sptritus
1420 2966 1543 3023 omnium
1555 2967 1701 3038 spirituum
1722 2968 1780 3025 ler-

141 3066 281 3136 corporis.
311 3063 413 3121 Potens
443 3074 485 3120 est
510 3064 591 3121 etiam
621 3062 779 3119 earumdem
808 3059 935 3132 precibus
987 3056 1093 3113 tissime
1117 3055 1199 3112 simul
1223 3071 1256 3112 ae
1279 3057 1453 3124 suavissime,
1472 3057 1580 3113 fortiter
1599 3073 1632 3115 ae
1658 3068 1780 3116 suarum

140 3166 275 3213 exoratus
287 3157 409 3223 tedium,
425 3171 481 3227 quo
498 3155 631 3227 premeris
645 3154 772 3225 laevigare
786 3152 935 3210 cantabiles
986 3149 1135 3222 disponens
1143 3150 1246 3218 omnia,
1258 3159 1289 3206 ιιι
1299 3158 1326 3206 te
1338 3149 1472 3223 dirigente
1483 3150 1565 3222 pedes
1575 3165 1652 3206 meos
1664 3150 1691 3205 lu
1706 3151 1778 3207 viana

141 3249 192 3304 titt
214 3247 341 3304 iaciendo
348 3247 560 3320 justificationes
574 3255 636 3302 tuas
650 3246 678 3302 iu
698 3245 758 3301 loco
780 3245 936 3317 peregriua·
986 3241 1062 3311 pacls
1082 3255 1192 3297 curram
1208 3240 1270 3297 sine
1287 3238 1452 3296 olleudieulo‘
1466 3256 1515 3311 per
1529 3240 1581 3296 lroe
1593 3239 1705 3311 longum
1720 3250 1779 3297 sta·

140 3339 227 3397 ιίοιιίι
244 3347 309 3407 tua,
320 3347 402 3409 prout
414 3339 481 3409 ipsae
493 3338 520 3393 io
537 3337 593 3394 lieo
606 3337 711 3394 dilectae
732 3351 842 3393 sorores
853 3350 935 3407 expe·
949 3320 971 3377 C
987 3331 1063 3388 otum
1088 3332 1222 3404 usquead
1237 3331 1422 3388 desideratum
1437 3331 1573 3399 bravium,
1595 3329 1651 3403 quio
1666 3340 1779 3403 accepto

140 3440 215 3499 ιιιιιι,
233 3445 297 3502 quae
312 3412 485 3486 Psalmorum
509 3427 695 3499 expositiones
709 3425 799 3482 adhue
826 3426 934 3493 sitiunt,
988 3423 1101 3494 spiritns
1114 3439 1192 3482 meus
1203 3424 1274 3482 iuter
1285 3422 1400 3496 spiritus
1414 3431 1440 3480 et
1451 3423 1558 3480 animes
1570 3423 1708 3495 justorum
1719 3421 1780 3479 lau·

140 3524 234 3580 adhue
247 3522 374 3580 esuriunt
392 3521 470 3594 jttxta
488 3520 554 3576 illud
575 3517 721 3590 Sapientiae
739 3517 842 3574 dietrrm
858 3535 865 3572 ς
882 3515 936 3583 Qut
988 3514 1035 3570 det
1047 3513 1207 3571 Dominum.
1292 3509 1294 3512 ’

141 3674 1774 3711 W

690 3831 953 3926 PSALllIUS
988 3833 1179 3927 LXXV.

180 4211 269 4271 Nelea
284 4211 311 4266 iu
323 4204 512 4271 ledoeolleut,
534 4204 563 4257 io
582 4200 669 4259 Israel
687 4213 813 4271 mpetum
837 4212 931 4252 nomen
947 4194 1045 4267 oejns
1060 4193 1170 4268 (Multo.
1190 4210 1255 4263 xxv,
1280 4195 1337 4265 ll).
1353 4213 1364 4247 ι
1385 4194 1416 4251 Io
1436 4208 1555 4251 eonem
1577 4192 1651 4264 quod
1675 4190 1733 4247 ait:
1749 4199 1778 4247 ιιι

139 4305 209 4376 eina.
230 4296 473 4362 FinemomnIum,
488 4289 757 4366 quemetsperanto
772 4287 932 4355 metuimus,
986 4284 1194 4356 adsuefaceret
1223 4299 1312 4339 omues
1338 4294 1490 4339 mansuetos
1513 4293 1601 4351 terre,
1628 4283 1778 4354 plurimum

139 4406 169 4452 et
184 4391 331 4451 metuendo
348 4402 503 4461 speramus,
516 4383 612 4456 quiuta
630 4383 687 4454 jam
708 4377 934 4450 recapitulatione
988 4383 1196 4433 mansuetorum
1211 4389 1274 4446 spes
1291 4373 1438 4430 animatur.
1459 4371 1532 4430 Idem
1546 4380 1590 4430 est
1601 4372 1687 4441 euim,
1705 4387 1737 4427 ae
1754 4372 1779 4427 si

140 4488 267 4561 maturus
292 4484 344 4541 iste
372 4478 497 4538 intendit.
528 4475 632 4540 Notou,
661 4472 766 4544 inquit,
788 4472 816 4526 iu
838 4468 937 4525 ludeo
987 4466 1425 4540 atnru:msurgenstn1nateto
1434 4474 1602 4534 mansuetos,
1611 4464 1779 4537 quipeceata

139 4578 225 4646 Dese,
236 4578 265 4631 iu
280 4572 367 4631 lsrael
380 4585 504 4642 mnpnurn
522 4565 709 4635 nomenoius:
726 4573 751 4618 et
771 4562 870 4632 tuctus,
897 4568 936 4614 eat
987 4575 1038 4617 sua
1053 4575 1108 4616 nou
1126 4558 1286 4627 delendum,
1308 4558 1357 4616 sed
1376 4556 1557 4629 eleemosynis
1575 4571 1609 4613 ea
1629 4556 1777 4625 rodmunt,
1841 4575 1849 4592 ·

140 4674 171 4727 itt
189 4686 255 4742 poce
271 4668 345 4724 locor
362 4665 432 4737 ejus.
459 4661 499 4718 Ae
514 4660 662 4731 deiueeps:
678 4656 716 4711 lle
734 4654 798 4711 eoelo
814 4653 936 4708 audituro
986 4651 1104 4709 salvabit
1128 4651 1244 4709 dicendo
1259 4670 1267 4707 ε
1285 4647 1418 4718 «Venite,
1441 4647 1578 4705 benedimi
1600 4645 1690 4704 Petris
1712 4647 1777 4716 mei,

142 4739 372 4832 {emtiisdiciom
387 4771 397 4810 :
415 4764 486 4809 terro
501 4750 618 4818 tremuit,
634 4757 660 4804 et
673 4746 782 4820 quieuit,
803 4758 864 4797 eum
887 4755 932 4794 ea·
986 4741 1117 4814 percipite
1135 4758 1261 4814 reguum,
1275 4740 1348 4813 qnod
1370 4739 1449 4796 voille
1466 4748 1593 4811 paratum
1610 4747 1653 4796 est
1664 4738 1699 4795 al)
1720 4736 1778 4794 ori·

141 4857 261 4922 nepem
275 4849 303 4902 iu
314 4846 448 4917 judicium
470 4842 553 4908 nen,
571 4848 600 4895 ιιι
617 4837 704 4893 solum
725 4834 822 4904 laceret
846 4843 935 4883 purnes
986 4835 1049 4908 gine
1068 4835 1163 4891 murrdi
1183 4832 1292 4905 (llnttlr.
1305 4847 1370 4900 xxv,
1382 4830 1440 4903 st).
1456 4850 1467 4884 ι
1489 4828 1598 4889 Titulus
1611 4828 1712 4903 psalmi
1724 4829 1778 4888 lm·

141 4949 293 4996 manantes
305 4948 393 4994 terroe.
415 4933 527 5000 Fecitti,
543 4941 598 4988 ete.
616 4926 778 4999 Prophetiee
798 4922 868 4978 dlxit
885 4934 935 4992 pro
986 4925 1030 4993 jus
1042 4923 1173 4980 tellsest:

140 5047 188 5102 ιο,
211 5042 242 5089 ut
256 5032 360 5088 dirueret
385 5030 479 5100 sacia,
504 5024 643 5098 praeterito
664 5029 745 5076 utens
765 5029 816 5088 pro
841 5013 935 5069 laturo
986 5031 1081 5107 (pm.
1102 5030 1141 5102 1,)
1160 5046 1187 5086 ω
1208 5045 1299 5097 ΠΜ
1324 5046 1351 5086 m
1375 5043 1516 5099 umus,
1540 5045 1659 5088 mum
1682 5042 1777 5096 mm,

139 5135 276 5197 tempore.
295 5121 369 5178 Sane
388 5122 416 5177 iu
433 5133 467 5176 ee
487 5117 560 5189 quod
586 5116 649 5172 ait:
669 5110 707 5167 ne
727 5107 791 5164 eaelo
813 5104 936 5161 nuditum
1210 5116 1344 5158 cenamus
1363 5118 1397 5158 m
1416 5116 1551 5159 testatos.

140 5217 230 5291 [aaut
241 5215 483 5286 jaalelnmsterru
503 5207 621 5275 tremuit,
640 5213 665 5261 et
684 5201 793 5276 quievit,
816 5197 934 5270 ingentis
1020 5195 1151 5271 Assyrius
1170 5195 1286 5269 diripere
1302 5195 1506 5266 interpretatur,
1530 5202 1558 5250 et
1575 5192 1630 5248 ltoe
1646 5191 1708 5247 loeo
1727 5187 1777 5246 lu·

139 5297 233 5366 metas
246 5321 332 5364 eausa
349 5313 403 5362 est.
431 5301 505 5360 lelem
527 5297 602 5355 euim
625 5303 678 5365 est,
702 5308 736 5351 ae
759 5292 783 5349 si
808 5292 932 5347 diceret:
984 5293 1059 5349 deos
1073 5290 1219 5365 sippnilieat,
1235 5291 1283 5361 qn
1297 5305 1327 5347 se
1338 5289 1459 5360 diuipunt
1469 5289 1612 5359 degenere
1626 5283 1777 5350 Aureliam,

140 5402 240 5470 Terra,
256 5401 284 5458 id
294 5396 425 5469 estimpii
441 5404 521 5451 terre
537 5398 676 5446 amatores
691 5391 808 5440 trement
818 5392 845 5440 et
856 5383 935 5454 quie·
984 5385 1028 5442 vel
1040 5382 1290 5455 (leopos-iliuslepis
1300 5381 1417 5436 inaniter
1427 5379 1571 5446 extollunt,
1583 5379 1711 5448 putantes
1724 5375 1778 5433 ltoe

138 5505 230 5564 noent,
245 5493 310 5567 quia
323 5490 396 5550 ιιιιι
410 5485 519 5559 operari
535 5480 670 5539 elesiueut
689 5463 933 5547 eonpesneteuiri
985 5478 1053 5557 satis
1067 5476 1227 5547 essequod
1245 5473 1366 5532 earnalis
1381 5469 1475 5529 Iudaea
1499 5478 1528 5527 et
1550 5468 1668 5526 carnum
1694 5465 1778 5526 lsrael

139 5585 204 5643 illus
222 5583 311 5640 ludex
336 5594 452 5654 magnus
475 5575 616 5633 lieeudu:
637 5568 709 5638 «tte,
733 5565 881 5654 maledieti,
905 5566 933 5621 in
985 5578 1060 5636 suot.
1090 5565 1192 5624 Contra
1218 5565 1317 5621 luorum
1338 5559 1524 5619 extollentiam
1550 5558 1673 5631 psalmas
1700 5551 1777 5626 metr,

139 5681 234 5752 lenem
248 5687 392 5745 ιιιιιιιιιι,
410 5673 459 5749 qui
473 5681 585 5745 paratas
601 5674 644 5725 est
660 5662 770 5722 ‹lialtolo
786 5673 813 5719 et
830 5661 934 5733 angelo
985 5659 1050 5731 quta
1064 5658 1093 5716 lu
1107 5658 1164 5728 illa,
1184 5672 1246 5729 quae
1257 5670 1319 5712 ιιιι
1329 5652 1426 5711 tutan
1436 5659 1487 5719 est,
1502 5661 1578 5708 notes
1595 5657 1638 5707 est
1648 5647 1731 5719 Deus,
1749 5656 1778 5702 ιι
