3892 6067
196 273 247 331 {bl
680 267 832 330 tssuttottt
850 271 1044 330 trimenstri
1062 270 1335 328 ualentissimae.
1768 267 1823 324 53¹2

195 386 328 443 rorantia.
350 385 448 441 liebri
467 385 623 460 [ilolutetb]
637 386 738 443 dicitur
758 387 862 452 chorus,
877 389 981 444 subau·
997 393 1019 449 Α
1033 389 1123 455 morit,
1138 388 1202 459 qnia
1226 389 1252 442 in
1278 383 1416 456 prosperis
1429 390 1457 440 et
1479 383 1601 441 adrursis
1624 381 1652 439 in
1670 388 1822 453 conspectu

194 478 269 534 ditur
293 486 455 548 martyrum.
479 477 521 531 Ar
545 477 762 544 respondendam,
789 477 952 534 subauditur
973 496 981 535 a
1035 478 1082 536 bei
1098 481 1196 535 orarit.

194 567 304 637 organis
328 567 370 622 rel
392 566 439 621 alii
463 567 632 637 praecinenti,
654 567 730 638 quia,
747 582 809 621 cum
833 577 984 638 praeccntur
1069 571 1177 626 Aliter:
1197 568 1430 636 iadieclnnrauit,
1459 568 1571 638 qnando
1586 564 1722 637 psahnunr
1738 564 1824 631 vens,

191 656 326 727 praecinit,
345 666 490 713 succentor
503 656 604 712 chorus
624 657 649 711 ei
665 660 821 727 respondet.
837 656 889 714 Ubi
905 659 984 715 intel·
1035 660 1106 717 Dens
1120 678 1202 729 meur,
1218 662 1316 731 respice
1337 661 1365 714 in
1382 676 1422 713 me
1445 659 1473 714 in
1496 673 1576 714 cruce
1602 657 1736 719 cantauit,
1750 655 1826 711 sicut

193 746 276 802 iectus
289 748 409 818 ponitur,
423 757 451 803 et
468 750 604 820 significat
617 729 775 819 spiritaliter
790 751 889 807 debere
902 752 983 806 iutel-
1033 754 1233 824 scriptumest:
1248 751 1320 818 Elui,
1334 750 1405 819 Elui,
1420 750 1489 822 qaod
1501 759 1557 805 est:
1569 749 1641 804 Deos
1653 764 1737 814 meas,
1752 747 1825 801 Dm

191 839 249 910 ligi.
266 839 352 894 Errare
372 850 431 897 erat
449 858 521 896 unus
537 841 571 897 de
584 843 680 913 peritis
693 843 860 910 cantoribus,
876 843 920 899 eui
938 844 983 900 hic
1033 861 1128 912 ntem,
1162 853 1215 900 etr.
1243 842 1341 915 (liare.
1367 858 1413 910 xv,
1437 842 1496 912 ht.)
1522 840 1555 896 ln
1581 851 1657 896 nocte
1684 838 1824 906 clamarit,

190 929 310 1001 psalmas
325 946 340 986 a
358 930 442 987 David
459 931 493 987 ad
513 934 664 989 canendum
680 944 722 989 est
733 933 824 1001 datus,
837 943 864 990 et
882 935 983 991 dicitur
1032 936 1142 1008 quando
1158 936 1287 991 inmouto
1300 931 1397 989 oliveti
1417 933 1488 988 dixit
1499 951 1507 989 a
1520 932 1612 999 Potor,
1627 931 1652 986 ai
1665 934 1714 998 ris,
1731 942 1824 989 rrarra·

190 1023 275 1093 frater
285 1022 353 1092 ejus.
368 1021 531 1095 Signilicaos
544 1023 696 1093 Christum,
708 1026 755 1097 qui
771 1026 860 1082 lactus
873 1036 916 1083 est
926 1027 982 1084 ira·
1033 1028 1073 1098 [er
1085 1028 1194 1083 calicem
1205 1028 1275 1081 trane
1288 1043 1305 1080 a
1316 1041 1357 1079 me
1367 1023 1445 1098 (luc.
1460 1039 1528 1091 nu,
1539 1024 1597 1095 aa).
1621 1022 1656 1078 m
1665 1023 1719 1081 hoc
1731 1042 1823 1080 coram

193 1123 236 1170 ter
258 1115 333 1172 illius
354 1115 431 1171 chori
455 1114 558 1172 iaciens
582 1125 717 1190 martyres
739 1117 786 1174 Ilei
807 1119 888 1174 lilios.
903 1119 981 1186 Quod
1033 1118 1160 1183 Deoiuit.
1178 1119 1243 1190 quia
1256 1119 1401 1191 ipsesulns
1415 1120 1501 1188 norit,
1529 1134 1583 1191 qua
1606 1119 1825 1178 intentionehuc

189 1209 295 1265 addidit
309 1208 452 1278 israelite,
469 1211 604 1282 significat
617 1213 690 1282 quod
706 1212 757 1281 ipsi
771 1221 854 1267 erunt
865 1213 980 1269 videnter
1032 1208 1106 1266 lecit.
1119 1210 1176 1283 Ego
1186 1211 1321 1264 clamori:

168 1332 170 1338 π
189 1300 285 1357 Deum.
297 1302 358 1357 Alia
370 1301 512 1358 translatio
523 1302 606 1357 habet
618 1322 624 1357 :
638 1301 725 1356 Emon
737 1302 880 1358 harabiae.
893 1302 981 1358 Emori
1067 1301 1150 1359 Vens.
1168 1304 1195 1358 5.
1211 1302 1296 1357 intret
1318 1303 1346 1357 in
1362 1312 1501 1374 conspectu
1528 1314 1574 1359 tuo
1586 1308 1673 1361 aratio
1688 1323 1746 1361 rnea
1761 1306 1824 1361 :in-

189 1402 270 1450 sonat
291 1395 433 1464 accipiens.
460 1393 601 1459 Enrobita,
622 1395 747 1465 indiqena
772 1396 814 1450 rel
829 1395 980 1462 orientalis,
1031 1393 1103 1447 cliro
1115 1408 1206 1447 aurem
1221 1401 1295 1446 tuam
1315 1392 1350 1445 aot
1375 1407 1475 1463 precem
1487 1409 1583 1449 meam.
1597 1394 1740 1466 hogressus
1755 1414 1822 1453 ura·

188 1494 217 1540 ει
240 1485 375 1556 significat
398 1494 532 1557 martyres
553 1486 656 1542 Christi
671 1486 699 1540 in
720 1487 818 1543 castris
832 1497 979 1555 certantes,
1031 1485 1114 1541 tionis
1129 1485 1157 1541 in
1169 1493 1316 1555 conspectu
1338 1481 1386 1539 bei
1404 1495 1447 1540 est
1461 1485 1583 1557 acceptio
1597 1487 1689 1543 carnis
1704 1488 1774 1558 ejus,
1792 1490 1821 1544 in

188 1576 236 1647 qui
252 1586 415 1647 aeceperunt
430 1593 445 1632 a
460 1577 575 1635 homino
588 1579 667 1651 quod·
679 1594 729 1650 pro
748 1595 782 1635 co
796 1581 903 1651 possint
913 1582 979 1651 pati,
1030 1591 1084 1647 qua
1099 1591 1149 1646 pro
1163 1575 1284 1630 bumana
1298 1574 1386 1630 salute
1397 1575 1496 1631 orarit.
1519 1575 1666 1632 Inclinatio
1685 1581 1759 1633 ouria
1771 1578 1820 1636 bei

187 1668 236 1738 qui
256 1684 311 1723 non
331 1677 396 1724 sunt
409 1669 531 1740 hospites
543 1679 571 1725 ει
585 1671 707 1738 advenae,
720 1671 768 1728 sed
785 1684 851 1728 sunt
862 1673 980 1730 civitatis
1031 1675 1073 1722 esi
1085 1665 1244 1722 misericors
1263 1666 1413 1734 ιῑθιιΰῑῑῑθ,
1428 1682 1483 1738 (1⁸¹³
1496 1667 1635 1725 hminem
1657 1670 1765 1741 labsum
1786 1671 1822 1727 de

188 1758 236 1816 bet
252 1759 397 1831 indigenae,
420 1760 524 1816 scilieet
538 1761 611 1817 eires
625 1771 654 1818 et
669 1762 810 1821 domestici
829 1763 887 1832 bet,
902 1774 930 1820 er
943 1765 979 1821 ab
994 1736 1020 1790 Β·
1030 1757 1090 1815 luto
1101 1759 1135 1815 ad
1148 1759 1270 1817 ooeleuia
1281 1759 1389 1816 levarit·
1405 1759 1511 1816 Exaudi
1525 1774 1588 1816 mo:

187 1866 222 1907 eo
233 1851 281 1922 qut
295 1850 397 1907 diurni
411 1853 508 1917 anem,
525 1852 672 1909 orientales
689 1853 766 1920 drea,
782 1854 854 1911 sieut
868 1871 883 1910 a
896 1854 979 1911 curs-
1067 1847 1149 1907 tens.
1160 1850 1187 1908 t.
1214 1849 1285 1916 Quia
1308 1850 1407 1922 reptem
1430 1860 1469 1906 en
1491 1852 1572 1907 nette
1593 1852 1753 1909 urrimoueo
1767 1868 1779 1908 ··
1791 1854 1820 1911 iu

187 1951 233 1999 sto
247 1941 406 1998 Christiani.
423 1941 469 1998 Sic
482 1958 547 2014 erqo
560 1943 656 1999 diulus
668 1945 814 2015 exponitur
826 1964 834 2000 ι
848 1944 978 2003 Horcon·
1028 1943 1147 2015 peccatis
1160 1942 1301 2014 pereuntis
1312 1942 1415 2014 populi,
1435 1941 1478 1999 rel
1492 1943 1677 2001 anxietatibus
1693 1960 1741 2016 per
1755 1961 1823 2002 cru-

188 2034 270 2088 ticam
284 2032 392 2103 partini,
409 2032 492 2091 idest
504 2032 628 2090 hilaritas
642 2034 721 2092 boote
732 2036 899 2107 operationis
912 2052 978 2108 pro·
1028 2032 1117 2090 clatus
1131 2033 1234 2089 carnis.
1247 2032 1283 2087 m
1305 2034 1358 2088 uita
1371 2050 1430 2089 rnea
1452 2035 1556 2106 inferam
1576 2037 1820 2108 appropinquavit,

186 2122 299 2191 ponitur
319 2123 384 2193 filiis
407 2121 484 2193 Cora,
508 2123 534 2180 id
564 2134 607 2181 εει
631 2125 816 2183 imitatoribus
842 2126 979 2198 passionis
1028 2123 1152 2195 quiaper
1165 2124 1305 2180 omciatus
1323 2125 1479 2192 morior,et
1502 2127 1544 2182 sic
1557 2127 1591 2182 ad
1609 2125 1747 2183 inlernom
1761 2129 1818 2186 ibo.

186 2213 300 2281 Christi,
324 2226 352 2272 ut
378 2225 482 2273 certent
503 2217 532 2271 ia
554 2217 634 2287 finem
656 2233 706 2289 pro
729 2234 830 2275 corona
852 2218 975 2289 justitia.
1029 2213 1098 2270 Vere
1114 2215 1226 2280 moriar,
1247 2216 1310 2288 qnia
1326 2230 1389 2272 ecce
1405 2216 1462 2287 jam

187 2303 267 2373 Quod
281 2310 414 2362 canticum
427 2318 470 2365 cst
483 2323 531 2379 pro
545 2306 645 2364 Molaria
658 2308 825 2383 [Maheletlrl
838 2311 917 2366 idest
928 2326 978 2380 pro
1063 2306 1147 2362 Vens.
1168 2307 1197 2374 t,
1212 2307 1238 2363 6.
1263 2307 1426 2363 AEstimatus
1442 2326 1500 2364 aum
1513 2327 1574 2365 cum
1602 2312 1820 2370 aercnrdenutea

186 2398 334 2455 concordia
348 2400 614 2472 ad'rerponriendanr,
628 2402 759 2458 subaudis
771 2418 778 2456 :
791 2402 911 2468 Christo,
924 2404 978 2460 boo
1028 2398 1055 2452 iu
1075 2396 1174 2464 lacum,
1202 2398 1291 2454 idest
1322 2399 1468 2457 demutatus
1493 2416 1554 2456 sum
1567 2417 1629 2457 cum
1654 2403 1819 2473 latronibus,

186 2499 238 2554 est.
258 2493 488 2561 quemadmodum
510 2493 638 2552 Christus
659 2511 708 2552 sua
731 2496 860 2567 passione
881 2495 978 2566 praei·
1028 2491 1075 2562 qui
1089 2505 1140 2562 pro
1160 2490 1266 2547 meritis
1286 2491 1345 2548 suis
1363 2491 1397 2547 ad
1415 2491 1744 2551 iniernumdeseondunt.
1760 2493 1819 2550 ua-

186 2582 257 2647 nuit,
276 2585 313 2639 ita
329 2585 431 2641 chorus
451 2594 600 2658 martyrum
623 2587 750 2658 patiendo
764 2588 937 2659 respoudeat,
952 2588 977 2644 si
1028 2590 1086 2635 titt
1097 2597 1157 2635 itm
1168 2581 1237 2635 titii
1249 2580 1326 2635 it⁰m⁰
1336 2582 1393 2636 *ιιι
1416 2581 1562 2652 Mittimus
1574 2583 1627 2639 l¹⁰0
1641 2593 1693 2650 eil,
1708 2586 1746 2640 iit
1773 2601 1819 2642 ΜΘ

185 2689 249 2732 cum
263 2690 296 2731 eo
308 2675 335 2729 in
350 2675 459 2731 civitate
474 2677 590 2748 gloriosa
603 2693 718 2749 regnare
729 2678 832 2748 cupiat.
844 2677 977 2750 Quodque
1028 2681 1154 2744 reputant
1170 2674 1242 2729 sicut
1254 2674 1403 2739 bominem,
1420 2673 1467 2744 qui
1481 2689 1533 2730 nec
1543 2676 1663 2730 amicum
1682 2678 1725 2732 rel
1749 2692 1816 2748 pro·

186 2769 320 2820 canticam
344 2777 385 2824 ost
405 2767 554 2824 intellectus
572 2767 658 2824 Ernan
681 2767 824 2837 israelite,
848 2769 901 2825 boc
923 2780 976 2838 est,
1028 2764 1133 2819 ximum
1148 2763 1246 2831 babet,
1272 2765 1320 2836 qui
1340 2766 1463 2821 occisum
1486 2767 1615 2824 vindicet.
1640 2767 1688 2823 Vol
1714 2769 1751 2824 ita
1773 2785 1818 2830 tue

185 2844 306 2930 dirigens
331 2858 359 2914 in
388 2860 592 2932 intelligentiam
624 2861 658 2917 ad
683 2861 833 2929 Christum,
863 2861 976 2919 fratrem
1027 2855 1250 2927 repetantque
1277 2863 1306 2912 ¹¹¹
1321 2866 1504 2926 dictamni,
1527 2868 1582 2913 iii
1598 2859 1770 2925 deicidium,
1789 2867 1818 2915 ‘i

185 2949 273 3006 Deum
292 2950 453 3007 videntium.
476 2951 526 3007 tet
541 2952 688 3008 intellectus
710 2952 793 3024 hujus
814 2954 913 3009 cantici
926 2954 977 3009 ad·
1027 2956 1091 3017 post
1113 2960 1229 3004 mortem
1247 2962 1309 3004 cum
1333 2948 1395 3005 aliis
1420 2951 1610 3020 peccatoribus
1629 2950 1662 3005 ad
1678 2951 1816 3007 internum

184 3042 315 3100 scribitur
331 3040 416 3096 Emori
429 3041 573 3112 Earnbitoe,
589 3043 617 3099 id
632 3055 673 3101 est
684 3046 795 3115 populo,
809 3045 856 3117 qui
870 3045 1010 3126 accepite
1026 3038 1224 3102 descensurum
1236 3041 1383 3108 estimant,
1403 3042 1451 3113 qui
1467 3057 1528 3098 sum
1540 3044 1609 3097 inter
1621 3043 1821 3103 matronaliter

183 3146 202 3189 a
219 3131 346 3200 Domino,
362 3141 392 3189 ut
410 3134 446 3191 sit
458 3134 583 3206 indigena
596 3135 715 3191 civitatis
729 3135 788 3192 Dei.
1026 3142 1176 3202 apeccato.
1195 3130 1264 3187 Aliis
1278 3147 1354 3187 mors
1370 3140 1413 3188 est
1436 3147 1517 3203 poena
1534 3133 1648 3204 ρεεεειί,
1678 3134 1745 3189 rnilri
1772 3145 1819 3191 est

222 3223 337 3280 blateria
347 3225 445 3296 psalmi
461 3234 503 3280 est
516 3224 618 3282 Christi
631 3226 785 3282 humiliatio
799 3226 980 3299 inpassiooe,
1025 3223 1221 3284 uoluntarium
1237 3238 1321 3285 causa
1336 3224 1433 3280 salutis
1447 3225 1584 3281 humarrae.
1613 3224 1647 3281 Et
1666 3225 1818 3297 quislibet·

185 3314 228 3369 rel
244 3315 272 3369 in
287 3315 442 3384 moereret
457 3316 486 3371 in
510 3316 699 3373 descensione.
722 3315 839 3373 Intentio
860 3327 904 3375 est
923 3334 988 3376 nos
1026 3324 1238 3386 sumapeooato
1258 3314 1330 3371 inter
1349 3325 1474 3373 mortuos
1485 3318 1513 3373 in
1524 3318 1654 3389 peccatis,
1670 3334 1725 3374 uon
1739 3329 1822 3377 tene.

185 3405 294 3462 hortari
305 3405 408 3464 Christi
422 3407 547 3479 exemplo
560 3422 608 3478 per
636 3417 781 3479 angustam
792 3400 865 3465 riam
879 3411 982 3467 ambo-⁴
1025 3410 1102 3467 bora
1117 3419 1205 3466 morte
1216 3412 1243 3467 iu
1258 3412 1358 3482 poenis
1381 3410 1482 3468 Factum
1498 3428 1559 3469 sum
1572 3413 1654 3469 etiarn
1668 3415 1736 3468 sicut
1757 3414 1817 3470 eet·

185 3494 563 3565 lare,sirelimusciritatem
574 3485 747 3557 Deliutrare.
763 3498 851 3557 Verba
866 3512 975 3574 sumpta
1025 3504 1111 3559 norati
1125 3504 1283 3559 dormientes
1304 3504 1334 3558 in
1356 3505 1493 3575 repuleris.
1518 3504 1554 3560 lta
1575 3522 1624 3576 per
1645 3505 1818 3566 vulueraiu·
1865 3537 1872 3548 ·

185 3588 360 3646 ridenturde
372 3589 485 3661 tosepu,
505 3606 586 3662 quem
602 3590 701 3648 iratres
717 3592 761 3648 sui
788 3592 816 3647 in
831 3593 921 3649 laeum
946 3594 973 3650 in
1026 3593 1157 3651 terlectus
1176 3609 1237 3651 sum
1256 3595 1434 3662 abcissionis
1450 3597 1576 3653 latrones
1596 3613 1646 3670 pro
1664 3598 1817 3658 scelerihtrt

186 3679 335 3738 solitudine
346 3692 507 3754 posuerunt,
524 3683 605 3752 cujus
621 3682 677 3738 uoti
694 3684 773 3755 longo
791 3683 854 3740 iacti
869 3684 975 3740 abomi-
1025 3687 1083 3744 suis
1103 3686 1246 3753 uulnerati,
1271 3687 1418 3754 interiecti,
1446 3688 1559 3759 proiecti
1585 3691 1688 3745 suntin
1716 3705 1817 3748 inunu-

186 3774 325 3831 nationem
348 3789 411 3830 eum
440 3774 491 3830 sihi
511 3777 644 3842 iecerunt,
672 3790 688 3830 a
709 3776 811 3847 quibus
830 3774 974 3833 ismaelitis
1024 3779 1133 3835 meotis.
1146 3777 1241 3834 Velita
1252 3779 1399 3834 estimatus
1416 3796 1476 3834 sum
1488 3781 1523 3836 ab
1542 3782 1594 3848 eis,
1616 3783 1684 3835 sicut
1701 3780 1813 3852 illisqui

188 3869 305 3927 traditur
318 3888 326 3924 a
349 3885 404 3925 nou
418 3878 462 3925 est
471 3870 506 3923 ab
522 3871 563 3925 eis
575 3884 711 3940 egressus.
729 3868 870 3942 Siquidcat
882 3881 972 3927 autem
1023 3870 1155 3927 inanima
1167 3877 1232 3926 sunt
1249 3868 1360 3941 flagitiis
1372 3869 1502 3926 uulnerati
1515 3872 1673 3927 dormientes
1686 3872 1714 3926 iu
1726 3871 1817 3943 amalr

185 3962 338 4028 Christum,
357 3976 438 4032 quem
451 3960 549 4017 iratres
560 3959 614 4028 sui,
628 3961 734 4017 scilicet
745 3962 871 4033 discipuli
888 3965 915 4018 in
931 3979 973 4020 se·
1024 3965 1088 4029 rme,
1113 3963 1142 4019 id
1161 3972 1205 4019 εει
1229 3962 1413 4035 quiescentes,
1436 3963 1466 4018 in
1480 3964 1816 4033 consuetudinepeccato·

184 4050 310 4123 pulcrum
333 4058 494 4123 posuemnt‚
519 4049 584 4106 dum
598 4066 662 4106 eum
687 4053 745 4107 nati
769 4053 823 4120 sui,
848 4054 973 4111 uidelicet
1023 4071 1085 4111 rum
1098 4054 1209 4125 sepulti,
1221 4054 1264 4109 rel
1277 4056 1325 4125 qui
1341 4054 1369 4109 lu
1384 4054 1547 4111 criminibus
1559 4056 1766 4124 moriuntur,et
1783 4064 1815 4110 ut

183 4143 281 4212 Judaei,
305 4143 537 4199 abominationem
572 4143 624 4200 sibi
646 4144 673 4198 in
703 4159 785 4200 cruce
811 4158 971 4217 posuerunt,
1023 4148 1100 4204 dives
1120 4148 1149 4202 in
1164 4147 1271 4204 inlorno
1286 4146 1466 4218 sepeliuntur.
1490 4147 1611 4215 Quorum
1637 4165 1690 4204 non
1715 4165 1813 4205 eanre-

183 4234 257 4305 quia
277 4224 631 4292 ludauaditrrsPharisais
650 4250 704 4292 non
724 4243 767 4292 est
786 4251 913 4307 egressus
937 4238 972 4293 ab
1023 4239 1208 4309 moromptioa
1224 4237 1258 4293 ad
1271 4238 1460 4294 redimendum
1474 4254 1582 4312 eosper
1599 4254 1658 4306 me;
1678 4249 1705 4296 ει
1715 4240 1768 4312 ipsi
1781 4241 1814 4296 ria

183 4333 235 4384 e's.
1023 4345 1183 4384 nonnemo
1205 4329 1305 4400 repulsi
1326 4339 1398 4396 sunt,
1420 4329 1473 4387 hoe
1486 4339 1529 4387 est
1551 4331 1589 4387 do
1607 4332 1705 4399 saluts,
1729 4347 1813 4403 quam

219 4420 287 4477 Tres
298 4430 389 4492 partes
401 4422 490 4476 trahet.
508 4420 597 4476 Prima
614 4436 678 4491 pars
687 4430 729 4476 est
746 4440 753 4474 ι
774 4418 972 4486 dominabere
988 4405 1011 4460 D
1025 4435 1074 4491 per
1096 4434 1151 4487 ms,
1178 4434 1290 4475 manum
1316 4427 1404 4489 tuam,
1431 4422 1564 4492 operaris.
1584 4421 1762 4479 tomentum
1787 4434 1816 4479 ει

183 4508 290 4578 solutis,
301 4511 330 4568 in
344 4526 397 4582 qua
408 4509 578 4567 calamitates
588 4510 724 4581 passionis
733 4507 834 4565 Christi
848 4509 973 4565 scribun·
993 4520 994 4523 ’
1024 4512 1146 4568 occisum

183 4613 250 4672 tur;
276 4605 416 4661 meranda:
436 4602 564 4674 Nunquid
590 4603 702 4656 mortuis
727 4601 809 4672 [ocus
826 4600 970 4666 mirabilia,
1059 4602 1142 4659 Vens.
1161 4604 1188 4659 t.
1202 4604 1352 4660 Potuerunt
1364 4622 1404 4661 me
1416 4606 1444 4661 in
1460 4606 1560 4676 iocum,
1586 4606 1613 4663 id
1627 4614 1669 4663 est
1683 4607 1711 4661 in
1722 4607 1816 4678 sepul·

184 4696 213 4751 in
226 4712 281 4767 qua
296 4713 344 4753 sex
356 4696 585 4768 interrogationes
613 4694 737 4765 ueqatire
764 4702 971 4764 proponuntur,
1023 4709 1099 4750 crum
1115 4712 1122 4749 :
1139 4702 1166 4748 et
1179 4695 1261 4750 etiam
1286 4695 1313 4749 in
1327 4694 1389 4749 locu
1412 4684 1544 4766 inferiori,
1562 4695 1590 4751 lrl
1613 4704 1665 4763 est,
1692 4696 1815 4752 animam

183 4788 263 4842 tertia
277 4805 284 4841 :
305 4786 340 4840 Et
351 4803 397 4859 eqo
409 4789 445 4841 ad
458 4796 492 4853 te,
511 4787 630 4854 Domine,
640 4784 764 4851 ciomaui,
777 4786 803 4839 in
814 4801 867 4855 qua
879 4785 973 4843 Eccle·
1024 4787 1051 4842 iu
1063 4784 1199 4842 iuiemum
1212 4806 1222 4841 .-
1236 4784 1269 4841 ln
1285 4787 1426 4844 tenebrosis
1440 4797 1466 4843 ει
1476 4789 1504 4843 in
1515 4791 1609 4843 umbro
1631 4788 1736 4856 mortio,
1761 4789 1816 4845 hoc

185 4877 243 4941 siae,
259 4893 320 4946 quae
333 4888 375 4933 cst
388 4893 489 4947 corpus
500 4877 612 4953 Christi,
631 4876 747 4933 miserie>
757 4876 969 4947 subjunguntur.
1022 4884 1075 4944 cst,
1093 4894 1102 4927 r
1118 4876 1145 4931 in
1158 4888 1259 4931 terram
1285 4877 1469 4943 tenebrosam,
1481 4885 1509 4932 ει
1520 4885 1643 4948 opertam
1656 4877 1754 4933 mortis
1767 4893 1815 4934 ca-

185 4967 244 5025 Vox
259 4968 362 5025 Christi
377 4970 403 5023 in
417 4967 503 5023 iurnra
525 4969 595 5025 serni
613 4987 619 5022 :
1024 4967 1117 5037 ligius,
1134 4965 1181 5021 uhi
1193 4964 1372 5034 nullusordo,
1384 4967 1433 5024 sed
1450 4967 1635 5038 sempiternus
1656 4967 1756 5022 horror
1771 4968 1815 5022 in-

220 5057 342 5116 versi.
354 5056 555 5124 hannibaliano
568 5056 664 5111 salatia
679 5075 753 5114 mea.
764 5056 913 5115 overrun
924 5059 972 5115 Fili
1024 5056 1129 5112 habitat
1146 5055 1207 5128 (lob
1227 5072 1255 5121 x,
1273 5056 1319 5123 il,
1334 5056 1392 5127 ἥ).
1413 5075 1422 5110 r
1443 5056 1491 5113 Vel
1501 5057 1682 5115 estimatione
1700 5073 1750 5115 sua
1766 5074 1815 5128 po·

185 5151 245 5220 het,
260 5152 307 5223 qui
330 5167 361 5208 es
383 5150 513 5206 Dominus
529 5151 663 5217 omniurn,
690 5151 736 5220 qui
758 5151 785 5206 in
805 5167 848 5206 me
862 5153 973 5208 homine
1024 5145 1434 5217 soaruntmainlorsinferiori,
1463 5148 1548 5206 idest
1573 5150 1600 5205 in
1626 5148 1815 5221 profundissi-

185 5246 302 5301 iormam
318 5244 391 5301 serui
408 5241 561 5312 sumpsisti,
587 5250 615 5295 tu
637 5240 719 5306 Deus,
744 5242 792 5310 qui
806 5258 849 5298 me
861 5243 971 5310 creasti,
1024 5254 1098 5295 mam
1115 5237 1314 5306 calamitatem,
1334 5246 1492 5309 reputantes
1516 5256 1561 5297 ms
1578 5241 1708 5297 omuibus
1720 5241 1814 5297 bomi-

184 5336 267 5402 Deua,
284 5335 355 5400 dico,
369 5333 465 5388 solutio
477 5348 551 5397 mear,
565 5330 645 5386 idest
668 5328 738 5385 dans
745 5331 860 5386 salutem
868 5332 972 5387 bomini
1023 5330 1105 5385 nibus
1116 5328 1351 5397 miserabiliorem,
1362 5330 1506 5401 quimurte
1524 5332 1695 5404 turpissima,
1707 5331 1811 5389 scilieet

185 5441 234 5497 per
249 5443 302 5492 ure,
317 5426 534 5490 indieeiunroui,
560 5424 587 5479 id
612 5425 704 5479 estin
735 5424 872 5490 claritate,
888 5441 970 5494 quam
1024 5421 1114 5478 crucis
1129 5420 1264 5491 supplicio
1277 5421 1421 5478 damnatus
1433 5437 1534 5480 essem.
1548 5423 1582 5479 Et
1593 5424 1654 5480 ideo
1666 5435 1812 5495 possemnt

185 5526 278 5573 toourn
292 5518 391 5584 habeo,
417 5520 524 5589 populis
539 5515 694 5587 predicari,
708 5526 733 5570 et
760 5528 836 5572 noete
853 5518 906 5573 hoc
920 5527 971 5584 est,
1023 5532 1065 5569 rne
1079 5515 1107 5569 in
1121 5514 1273 5580 tenebrosis,
1289 5513 1315 5577 id
1335 5522 1378 5570 est
1406 5518 1479 5584 inter
1500 5517 1621 5573 latmues
1633 5517 1754 5588 peccatis
1772 5525 1814 5574 to·

187 5608 216 5661 in
232 5610 352 5664 tenebris
362 5609 529 5676 ludaeorum,
544 5617 572 5663 et
593 5609 646 5662 boc
661 5624 752 5662 corum
776 5618 810 5676 te,
824 5610 851 5666 id
864 5617 915 5675 est,
944 5611 973 5664 in
1025 5609 1168 5674 nolumus,
1186 5616 1211 5661 et
1222 5605 1251 5659 in
1264 5605 1358 5661 ambra
1369 5609 1472 5673 mortis,
1488 5608 1571 5666 idest
1599 5609 1670 5665 inter
1689 5606 1813 5664 imitato-

187 5696 358 5766 bcncplacito
375 5709 432 5755 tuo.
450 5701 497 5757 iel
512 5703 543 5755 ‘in
556 5702 598 5754 die
620 5710 644 5755 et
662 5711 833 5756 rroctecorom
847 5702 902 5759 lieo
917 5705 967 5757 ctu-
1025 5718 1069 5758 res
1081 5700 1193 5757 diaboli.
1207 5697 1279 5753 diors
1294 5709 1335 5756 est
1354 5700 1488 5758 diabolus.
1507 5699 1604 5756 Umbra
1620 5702 1711 5756 mortis
1724 5700 1813 5771 iniqui
