3892 6067
197 280 246 341 «iil
674 282 825 341 cEttttotit
845 278 1038 339 semiusti}
1060 275 1333 335 neteltauseettc.
1768 271 1822 329 572

197 422 258 465 mas
279 419 352 462 uoces
375 401 545 457 inimleorum
559 412 676 458 tuorum.
694 399 743 458 l'el
760 418 791 456 ne
810 399 985 467 obliuiscaris,
1000 408 1023 465 Α
1037 397 1071 454 dc
1084 396 1175 468 impiis
1186 392 1383 466 postulantium
1398 399 1478 463 atque
1489 388 1638 447 dicentium
1654 407 1661 444 ε
1679 385 1748 443 Lero
1762 408 1820 443 sirn-

197 498 265 569 ttuitr
289 494 421 553 exaudias
451 510 525 550 uoces
553 494 758 565 deprecantium
786 501 822 549 te.
854 492 984 563 Superbia
1035 484 1586 557 nuatncsinsnperbioseorumirrfinern.
1608 481 1717 546 Querrta
1739 481 1819 535 arcii-

197 590 280 644 rtinm
304 602 395 642 eorum
417 587 463 659 qui
485 596 511 641 te
527 584 649 652 oderunt,
666 584 853 641 Romanorum
869 582 984 651 scilieet,
1035 591 1131 653 gnatos
1144 588 1182 635 eat
1193 577 1317 634 inimicus
1333 578 1358 631 in
1373 584 1474 631 sancto.
1497 573 1531 629 Et
1542 574 1583 630 sic
1596 588 1681 643 usque
1695 572 1722 626 in
1738 574 1820 628 lirrern

197 681 244 749 cirri
257 678 440 750 malignantes
453 676 480 731 in
492 677 649 734 sanctuario
661 675 770 748 gloriati
781 684 856 739 sunt,
869 675 911 730 rei
925 688 986 729 om·
1035 672 1142 743 psalmo
1171 685 1234 726 cunr
1264 668 1384 724 clamore
1408 666 1554 723 decantato
1583 665 1733 720 secundum
1760 664 1822 736 ejus

198 770 264 824 nino
277 769 427 825 dicentium
444 785 451 822 ε
466 767 512 821 ubi
526 774 569 822 cst
583 766 654 823 Deus
676 766 757 821 taust
778 763 907 833 insumit,
931 763 984 829 rel,
1035 759 1388 833 tenoremiudiciumctiam
1407 756 1597 828 superimpios
1610 765 1750 827 peractum
1766 765 1820 812 cst.

198 860 270 914 sicut
287 859 314 913 in
330 856 392 915 aliis
404 856 545 913 codicibus
560 855 658 927 legitur
672 873 679 910 :
695 853 822 911 ascendat
835 869 936 924 semper
950 853 985 909 ad
1071 851 1123 909 Sed
1138 854 1197 907 bac
1207 848 1324 922 artimus
1334 846 1459 919 accipiat,
1474 854 1504 902 ut
1515 847 1596 902 rolet.
1610 842 1666 904 iios
1678 862 1743 903 nero
1761 863 1821 903 nra·

197 951 231 1006 ad
248 959 295 1005 to:
310 948 386 1020 quod
411 949 506 1020 utique
522 946 598 1015 lacit,
614 946 745 1017 quoniam
769 961 818 1002 eos
840 953 888 1001 aut
904 947 986 1017 punis
1034 943 1078 1017 gls
1104 942 1254 1014 Scripturis
1278 939 1401 996 veritatis
1421 954 1504 1010 quarn
1528 937 1643 994 sonrniis
1673 937 1821 995 innitentes

197 1049 246 1096 aut
267 1040 394 1112 corrigis.
421 1038 490 1095 Nota
515 1039 589 1110 quod
614 1036 780 1108 superbiam,
805 1050 888 1106 quarn
913 1034 986 1091 ileus
1036 1033 1202 1090 intellectum
1213 1029 1821 1102 Asopbdcilnaliiudicio,utcoepimuspcr-

198 1131 353 1202 specialiter
367 1139 536 1192 exsecratur,
553 1128 680 1183 ultimam
692 1127 794 1199 posuit,
815 1134 845 1182 ut
858 1125 985 1197 speciali·
1036 1126 1217 1198 str·ingemus;
1234 1124 1287 1179 nisi
1300 1123 1373 1194 quod
1386 1122 1412 1177 in
1429 1122 1487 1194 ipsa
1499 1135 1610 1194 qnoque
1622 1121 1727 1179 risione
1739 1123 1819 1195 quasi

198 1230 239 1277 ter
254 1222 281 1277 in
296 1222 429 1278 mentoris
447 1220 620 1277 conderetur.
1035 1230 1104 1271 rana
1126 1216 1233 1271 somnia
1249 1223 1425 1271 contemnere
1442 1229 1496 1269 non
1508 1228 1666 1283 possumus,
1680 1214 1753 1285 quod
1775 1230 1821 1271 sc·

234 1309 346 1367 [laede
361 1312 468 1381 psalmo
490 1309 543 1365 isto
563 1308 641 1379 juxta
666 1307 778 1364 Patmm
802 1306 986 1378 expositiones
1035 1304 1155 1362 cundum
1187 1302 1344 1375 Scripturas
1375 1302 1498 1359 ueritatis
1531 1318 1690 1373 expressum
1712 1311 1756 1358 est
1787 1304 1822 1361 do

198 1402 272 1458 dicta
287 1401 454 1457 intellectum
470 1400 562 1470 Asopis
580 1398 652 1455 circa
666 1397 760 1470 templi
775 1395 924 1453 manufacti
935 1412 986 1452 va·
1035 1392 1083 1449 illo
1099 1408 1194 1459 sensu,
1212 1394 1259 1464 qui
1273 1402 1400 1449 uersatur
1412 1392 1485 1449 circa
1511 1392 1591 1450 doale
1612 1391 1760 1463 judicium,
1773 1394 1822 1465 ius

199 1492 356 1558 stationem,
371 1506 433 1562 quac
447 1488 634 1546 invindictam
647 1488 789 1562 sanguinis
800 1487 902 1544 Christi
915 1485 986 1543 lacta
1035 1485 1098 1541 dioo
1111 1499 1160 1557 per
1173 1482 1313 1542 Romanos
1334 1497 1396 1541 acto
1409 1484 1625 1557 praeiiguratnm.
1649 1483 1698 1541 Est
1713 1486 1823 1558 ¹‹gurippe

197 1591 251 1649 cst,
267 1584 304 1638 ita
322 1582 435 1649 detinet,
449 1590 479 1637 ut
492 1581 582 1638 linaiis
597 1581 672 1637 illius
680 1579 852 1645 vastationis,
863 1592 925 1649 qua
937 1592 987 1647 per
1036 1573 1155 1631 nobilior
1177 1574 1325 1630 intellectus
1342 1574 1432 1646 daupi
1454 1574 1489 1631 de
1513 1576 1665 1648 signiticato
1685 1593 1768 1649 qrrarn
1788 1579 1835 1636 de'

197 1673 273 1729 illam
288 1673 441 1744 significata
457 1681 510 1740 est,
523 1686 638 1743 quanm
658 1671 687 1727 in
709 1671 763 1727 ilne
776 1669 872 1725 mundi
892 1667 986 1724 lotura
1036 1666 1208 1738 significante
1226 1665 1341 1738 iudicio,
1362 1666 1434 1723 sicut
1452 1666 1569 1723 nobiior
1593 1666 1646 1723 luit
1668 1669 1822 1727 intellectus

196 1773 250 1833 est,
263 1765 308 1819 rix
322 1764 377 1819 ulla
390 1764 425 1819 sit
438 1765 550 1818 mentio.
1002 1741 1022 1801 Ι*
1036 1760 1159 1832 Apostoli
1173 1760 1207 1816 de
1220 1760 1329 1817 duobus
1348 1758 1531 1818 Testamentis
1552 1775 1600 1833 per
1621 1760 1691 1818 duas
1706 1761 1823 1819 lominus

233 1855 481 1911 titnosmcmores
495 1853 581 1909 beatas
604 1853 745 1909 memoria
765 1852 908 1909 cuononis
927 1849 985 1921 cpi·
1035 1852 1159 1925 liguratis
1178 1866 1262 1924 quam
1279 1850 1313 1908 dc
1329 1852 1397 1923 ipsis
1418 1850 1538 1909 leminis.
1558 1871 1568 1906 ι
1588 1851 1726 1924 Scriptum
1739 1863 1817 1920 est.»

199 1948 274 2018 senpi
289 1943 509 2009 llatisbonensis,
520 1943 554 1999 de
574 1943 627 1998 boc
646 1942 752 2014 psalmo
766 1940 908 1997 nobiscum
924 1939 987 1995 dili·
1035 1941 1135 2013 inquit,
1146 1960 1156 1995 r
1166 1942 1297 2014 quoniam
1306 1941 1444 2019 Abrabam
1455 1942 1605 2000 duosiilios
1617 1944 1723 2012 babuit,
1734 1960 1820 2001 unum

199 2049 296 2113 genter
309 2037 485 2103 conterentis,
500 2036 722 2106 intellectumque
730 2036 819 2105 Asopi
833 2033 986 2106 intelligcn·
1034 2033 1070 2090 de
1083 2033 1193 2097 ancilia,
1207 2043 1235 2090 et
1246 2050 1330 2090 unum
1344 2033 1639 2106 deliberationum
1658 2050 1708 2107 per
1718 2035 1822 2107 allego·

200 2140 242 2186 ter
255 2128 440 2201 perquirentis
455 2144 488 2185 ex
502 2128 646 2184 occasione
659 2126 802 2197 cujusdam
813 2124 986 2182 revelationis
1034 2124 1105 2182 riam
1120 2126 1203 2182 dicta.
1216 2125 1280 2182 llaec
1294 2127 1368 2183 enirn
1384 2137 1448 2184 sunt
1458 2126 1514 2184 duo
1529 2127 1704 2184 'testamenta
1716 2127 1820 2200 (Galat.

198 2237 253 2294 qua
265 2223 353 2278 risum
364 2229 423 2277 erat
436 2200 543 2278 cuidant
558 2220 690 2290 religiosae
699 2232 823 2289 personas
835 2217 984 2274 secundum
1035 2229 1074 2282 tr,
1085 2214 1132 2283 ᾗ,
1143 2216 1201 2288 at).
1218 2236 1227 2270 r
1244 2215 1278 2271 Et
1290 2232 1341 2274 nos
1355 2217 1485 2285 dicimus,
1499 2219 1573 2290 qnod
1586 2233 1630 2287 ca,
1646 2234 1707 2290 qua
1718 2220 1823 2290 scripta

200 2314 274 2370 inme
289 2313 425 2385 psalmum
446 2322 540 2369 contra
566 2311 654 2368 nostri
677 2311 807 2382 temporis
824 2309 985 2366 abusionem
1037 2317 1102 2366 sunt
1119 2310 1154 2365 dc
1168 2318 1270 2366 sanctae
1284 2310 1403 2368 civitatis
1416 2311 1591 2380 exterminio,
1605 2311 1640 2367 de
1658 2312 1751 2383 templi
1765 2310 1823 2368 lieo
1894 2365 1898 2371 .

199 2405 244 2476 agi
259 2404 339 2461 duale
350 2404 497 2477 judicium,
512 2415 575 2476 quae
586 2415 651 2461 tune
663 2404 734 2459 inter
746 2418 797 2459 nos
811 2401 986 2472 complacue·
1035 2400 1136 2457 sacrati
1151 2401 1269 2468 excidio,
1283 2417 1334 2473 per
1343 2402 1501 2473 allegoriam
1513 2401 1586 2460 dicta
1601 2412 1665 2458 sunt
1680 2412 1707 2460 et
1717 2403 1823 2461 intelie-

195 2504 275 2563 runt,
288 2511 405 2567 quaque
418 2504 484 2551 tunc
497 2495 557 2567 ipso
571 2506 680 2567 petente
697 2494 870 2566 scripsimus,
886 2493 985 2549 iterato
1035 2501 1108 2548 ctum
1122 2492 1211 2563 inopia
1222 2493 1359 2562 sapienter
1367 2494 1507 2565 psallentis
1518 2493 1552 2550 ad
1564 2494 1644 2550 linale
1655 2495 1721 2551 illud
1732 2505 1824 2554 exter·

198 2586 381 2659 perstringere
392 2602 447 2642 non
463 2587 649 2659 gravabimur.
663 2585 728 2642 Erat
739 2596 829 2642 autem
845 2586 921 2642 risus
933 2587 985 2640 bu·
1037 2583 1150 2638 minium
1166 2582 1298 2655 dirigunt,
1317 2585 1345 2641 in
1365 2600 1422 2657 (μισ
1434 2584 1568 2656 Judicinm
1581 2585 1693 2655 incipiet
1715 2602 1730 2641 a
1756 2602 1824 2642 san·

195 2675 328 2747 jusmodi.
347 2675 469 2732 iudicem
495 2677 617 2732 omnium
641 2675 727 2731 Mum
744 2676 772 2731 in
795 2676 866 2732 solio
887 2673 984 2745 judicii
1036 2673 1154 2741 ctuario,
1169 2683 1196 2729 et
1211 2675 1449 2731 consummabitur
1469 2691 1524 2730 nnn
1547 2675 1576 2730 in
1600 2677 1683 2733 utrius
1703 2677 1823 2734 ciuitatis

198 2765 344 2821 sublimem
358 2765 478 2823 residere
489 2767 626 2824 assidente
637 2765 741 2837 pariter
755 2775 852 2821 senatu
866 2748 985 2822 coeiestis
1036 2763 1078 2820 rel
1093 2764 1174 2821 unius
1187 2765 1291 2837 templi,
1307 2766 1353 2822 sed
1374 2766 1458 2822 totius
1480 2767 1575 2822 nsandi
1597 2767 1821 2839 conflagratione,

198 2858 293 2923 cirria,
304 2867 389 2929 atque
401 2859 540 2917 hincinde
550 2861 683 2917 coelorum
695 2860 816 2916 exercitu
828 2859 984 2927 assistente,
1034 2855 1190 2926 iudicandis
1204 2857 1261 2912 illic
1276 2873 1329 2912 non
1343 2857 1411 2913 solis
1421 2856 1523 2913 ludaeis
1535 2859 1701 2929 captivitatis
1716 2868 1764 2914 aut
1775 2874 1822 2915 so-

198 2952 264 3004 unte
275 2948 395 3004 tribunal
408 2965 475 3008 nero
487 2950 642 3019 iudicandae
655 2950 842 3007 universitatis
859 2950 985 3005 multitu·
1037 2948 1071 3003 tis
1098 2947 1229 3008 Romanis
1254 2963 1303 3006 eos
1325 2949 1525 3021 captivantibus
1545 2958 1572 3006 et
1593 2950 1821 3022 opprimentibus,

198 3037 289 3093 dinem
305 3040 443 3095 assistere.
459 3035 493 3096 Et
512 3051 572 3097 crat
586 3043 726 3100 silentium
744 3045 772 3100 in
796 3043 934 3110 omnibus,
951 3043 985 3098 ti·
999 3080 1020 3137 C
1036 3054 1130 3095 rorum
1146 3039 1253 3097 crunctis
1276 3040 1403 3115 gentibus
1423 3039 1572 3097 Ecclesiam
1588 3041 1636 3098 ilci
1658 3058 1823 3115 persequen-

199 3144 276 3183 more
291 3144 323 3184 uc
337 3138 455 3186 tremore
468 3130 643 3189 inenarrabili
666 3135 789 3203 plenum,
804 3135 920 3206 singulis
935 3149 985 3191 sua
1039 3131 1122 3198 tibrm,
1134 3142 1161 3186 et
1173 3131 1200 3187 in
1216 3131 1275 3203 ipsa
1298 3131 1419 3190 Ecclesia
1434 3135 1565 3206 tempium
1582 3132 1631 3191 Dei
1646 3134 1821 3193 violantibus.

199 3233 293 3276 eccuni
306 3236 388 3291 opera
398 3223 636 3293 reputantibrts,et
645 3226 856 3296 cogitationibus
869 3225 986 3281 inrieem
1041 3240 1051 3275 ι
1070 3220 1213 3293 Templum
1230 3241 1240 3276 s
1259 3222 1333 3279 enim
1358 3242 1368 3278 ι
1390 3223 1437 3280 liei
1456 3234 1581 3282 sanctum
1593 3237 1645 3294 est,
1664 3247 1675 3280 s
1698 3228 1736 3285 ait
1750 3227 1824 3300 Apo-

200 3312 393 3368 accusantibus
408 3323 455 3370 aut
476 3314 558 3370 etiam
575 3314 794 3384 delendentibus,
808 3317 874 3373 dum
886 3332 986 3389 exspe-
1038 3313 1134 3381 stolus,
1153 3334 1162 3368 ι
1181 3315 1255 3385 quod
1279 3317 1348 3373 estis
1372 3333 1432 3373 uos.
1459 3317 1511 3386 Qui
1538 3334 1603 3393 crgo
1628 3320 1758 3393 templum
1774 3320 1822 3378 Dei

200 3411 312 3459 etantur
334 3405 432 3477 iudicii
461 3406 603 3463 sententiaa
630 3407 664 3464 de
691 3408 790 3467 throno
816 3424 987 3481 processurae
1037 3407 1191 3477 violaverit,
1213 3408 1352 3480 disperdet
1376 3409 1452 3465 illuni
1468 3409 1540 3467 Deus
1555 3409 1582 3484 (i
1596 3410 1659 3469 Cor.
1681 3428 1722 3480 ιιι,
1736 3413 1792 3485 li).
1810 3432 1820 3466 ι

200 3496 355 3553 astantibus
368 3499 472 3568 pariter
496 3507 524 3554 et
549 3500 694 3557 coenobitis
714 3518 746 3558 ac
764 3501 898 3572 iudicium
922 3517 985 3559 cnm
1037 3498 1139 3555 Contra
1155 3499 1337 3557 fornicatores
1349 3501 1376 3556 in
1389 3502 1547 3574 semetipsis
1558 3503 1688 3575 templum
1703 3504 1750 3559 bei
1764 3502 1823 3559 rio·

200 3594 320 3642 tremore
333 3588 419 3644 nimio
429 3591 661 3660 exspectantibus.
683 3592 751 3650 Cum
773 3609 837 3651 ecee
849 3595 883 3651 do
895 3595 987 3650 serbis
1038 3590 1126 3647 latites
1142 3592 1242 3647 aeriter
1253 3592 1380 3649 intectus
1395 3592 1544 3664 Apostolus
1558 3613 1565 3651 τ
1581 3613 1591 3647 t
1606 3595 1649 3650 An
1670 3595 1794 3661 nescitis,
1810 3615 1820 3648 s

199 3680 297 3750 psalmi
320 3680 404 3751 hujus
423 3682 572 3740 audiuntur
586 3699 668 3741 voces
681 3685 987 3751 intercessoriae,ciroro
1039 3682 1138 3754 inqrrit,
1162 3684 1226 3756 qtria
1245 3700 1362 3755 corpora
1383 3697 1472 3741 restra
1495 3686 1594 3756 templa
1618 3697 1682 3743 sarit
1705 3685 1824 3759 Spiritus

200 3770 332 3828 nimirum
347 3782 505 3830 sanctorum
527 3776 686 3848 angelorum
706 3786 735 3833 et
751 3787 901 3850 martyrum
918 3778 986 3833 iram
1038 3775 1146 3831 sanctii
1159 3774 1212 3843 Qui
1225 3785 1315 3831 antem
1333 3776 1463 3849 tempium
1485 3775 1532 3833 bet
1554 3776 1824 3848 violaverindispcr·

198 3863 301 3933 iudicis
318 3881 401 3936 snper
422 3868 568 3926 coerrobitis
592 3870 747 3940 specialiter
771 3870 942 3941 placantibus
960 3878 988 3926 ct
1037 3869 1083 3923 det
1099 3868 1176 3923 ilium
1207 3863 1275 3926 iens
1303 3868 1380 3937 (ibid.
1405 3869 1451 3937 to,
1483 3867 1539 3940 tt).
1566 3889 1576 3923 s
1604 3868 1654 3925 ilie
1681 3870 1824 3927 subaudiri

201 3971 303 4027 magno
317 3956 437 4013 clamore
450 3958 628 4017 dicentibus:
648 3960 684 4017 lit
703 3960 778 4033 quid,
803 3960 885 4027 beas,
910 3979 988 4034 repn-
1037 3969 1155 4031 oportet,
1178 3959 1233 4016 nisi
1254 3960 1441 4032 poenitentiam
1466 3970 1540 4031 agat,
1562 3962 1691 4033 quoniam
1712 3971 1741 4019 et
1765 3962 1824 4033 ipsc

200 4045 257 4102 listi
269 4049 296 4103 in
308 4047 509 4118 fimmiirotue
519 4059 560 4106 est
570 4050 646 4122 [uror
656 4060 804 4122 tuussnper
814 4068 872 4108 ones
881 4068 988 4122 pasena
1037 4049 1184 4120 aposolus
1200 4051 1337 4123 insignem
1352 4051 1429 4106 illum
1448 4049 1653 4119 fornicatorem,
1668 4069 1750 4124 quem
1769 4063 1824 4109 tra-

201 4145 264 4194 tue.
286 4136 347 4205 Quo
361 4138 482 4194 elamore
496 4148 607 4210 peracto
621 4140 697 4198 risus
711 4149 754 4197 est
766 4142 890 4212 placatus
901 4141 986 4213 iudex
1037 4142 1142 4197 diderat
1163 4141 1281 4208 Satanae,
1297 4152 1424 4214 suscepta
1437 4143 1498 4213 ejus
1517 4144 1676 4215 poenitentia
1698 4147 1823 4202 reconci-

200 4243 285 4299 super
297 4229 436 4296 omnibus,
448 4230 495 4301 ptri
509 4229 712 4303 scripturarum
729 4232 838 4303 pascuis
852 4232 988 4290 inheren·
1038 4233 1095 4288 liat.
1120 4232 1284 4306 Quanquam
1310 4234 1384 4290 enim
1411 4236 1485 4291 dicat
1511 4255 1518 4292 :
1547 4254 1557 4289 ι
1581 4234 1775 4294 Fornicatorcs
1796 4247 1825 4293 ct

200 4328 242 4376 tes
253 4321 281 4376 in
296 4337 394 4377 eorum
409 4332 490 4393 gustu
509 4324 593 4380 ueluti
608 4325 659 4396 piae
672 4340 738 4382 oues
751 4325 878 4381 enutritae
895 4341 927 4380 ac
939 4325 987 4380 de·
1038 4326 1178 4382 adulteres
1196 4326 1331 4396 judicabit
1356 4326 1428 4384 Dens
1445 4327 1541 4398 (liebr.
1563 4343 1625 4395 arri,
1643 4328 1709 4400 l),r
1733 4337 1823 4385 tanmn

199 4413 439 4470 liciataeiuisscnt.
462 4414 574 4471 Addunt
594 4430 659 4472 vero
685 4418 773 4471 sancti
799 4415 881 4471 etiam
905 4431 987 4472 orare
1001 4431 1024 4486 p
1038 4418 1084 4488 qui
1110 4432 1175 4472 uere
1195 4419 1353 4488 pmrritcndo
1378 4434 1440 4475 csse
1463 4420 1564 4476 desinit
1591 4419 1743 4476 fornicator
1767 4421 1824 4476 sire

198 4519 250 4577 pro
265 4504 308 4561 iris
324 4504 371 4577 qui
385 4521 400 4561 a
414 4506 542 4576 pueritia,
554 4506 594 4561 acl
615 4520 631 4561 a
647 4505 815 4576 parentibus,
828 4504 870 4560 rel
889 4516 987 4575 sponte
1037 4511 1153 4578 adulter,
1166 4513 1263 4569 evadet
1273 4513 1408 4585 judicium
1427 4512 1640 4569 tornicatoribus
1653 4521 1680 4569 et
1692 4513 1824 4569 adulteris

200 4597 256 4654 ileo
273 4597 363 4653 deroti
380 4597 407 4652 in
421 4606 515 4654 saneta
532 4597 740 4653 conuersatione
760 4596 985 4668 permansissent,
1037 4611 1220 4675 praeparatum
1248 4603 1276 4660 in
1301 4604 1376 4659 iinaii
1392 4604 1440 4660 illo
1453 4603 1569 4675 judicio,
1590 4618 1646 4676 quo
1669 4620 1720 4661 nos
1740 4606 1825 4661 mittit

198 4694 227 4742 02
244 4687 339 4743 (licum
355 4706 363 4743 ἓ
380 4687 482 4742 Metuit?
502 4699 557 4743 2³¹⁰
582 4687 792 4759 tvttdf‘dssiimll‘l
819 4693 882 4753 tea,
907 4703 987 4759 ‘itum
1038 4695 1184 4751 intellectus
1197 4695 1297 4767 Asopi,
1310 4696 1457 4768 quinquies
1467 4710 1689 4752 commemorans
1703 4697 1783 4769 tinem
1794 4696 1823 4752 in

199 4779 340 4848 possedisti
351 4779 384 4832 ab
399 4780 487 4835 initio.
506 4779 566 4847 Quo
587 4780 660 4836 dieto
680 4779 762 4834 etiam
778 4777 822 4834 bis
832 4777 916 4847 iudea
928 4778 987 4849 pla·
1038 4788 1145 4859 psalmo
1156 4789 1209 4846 1510
1226 4808 1233 4846 :
1247 4790 1420 4862 primoenirn
1434 4787 1520 4845 dicit:
1535 4786 1570 4842 tir
1581 4788 1648 4860 qnid
1663 4787 1735 4845 Deus
1748 4804 1825 4860 repu-

198 4877 278 4924 catus
291 4867 381 4925 laetus
397 4878 449 4924 cst.
461 4870 600 4941 adjiciunt
618 4886 728 4943 quoque
752 4870 920 4926 intercedere
937 4884 987 4941 pro
1037 4878 1094 4935 listi
1106 4881 1133 4935 in
1148 4880 1247 4950 fiuent?
1258 4880 1379 4937 securrdo
1393 4899 1400 4935 ε
1415 4878 1484 4935 bena
1503 4895 1598 4934 monus
1617 4888 1678 4934 tues
1691 4882 1721 4935 ia
1733 4895 1825 4952 super-

199 4960 254 5027 lris,
267 4961 315 5031 qui
331 4959 365 5016 ad
387 4961 440 5017 hoe
455 4962 646 5033 proiecissent,
660 4972 690 5019 ut
703 4963 773 5021 alios
788 4964 815 5019 in
840 4962 986 5034 disciplina
1038 4971 1096 5028 tias
1117 4988 1208 5028 aarum
1232 4972 1261 5027 tn
1284 4972 1380 5042 fineis·
1405 4973 1486 5028 macto
1509 4989 1517 5027 :
1538 4971 1636 5027 irrisas
1653 4971 1823 5028 adversarius

199 5050 310 5108 Domini
324 5054 401 5126 uirga
417 5055 597 5110 correctionis
608 5071 701 5127 regere
714 5057 867 5126 potuissent
883 5055 988 5112 :Rede-
1038 5081 1131 5118 nomn
1147 5072 1222 5118 tuum
1236 5063 1264 5118 tn
1278 5064 1372 5134 finem
1385 5070 1485 5134 quarto
1501 5081 1509 5119 ς
1525 5061 1560 5119 m
1574 5064 1639 5136 quta
1649 5062 1744 5117 amite
1761 5077 1823 5115 ma.

198 5144 273 5198 nriati
287 5144 389 5215 uirgam
406 5143 570 5199 bereditotia
586 5152 649 5201 tuce.
662 5142 716 5199 Pro
733 5144 777 5201 iris
796 5161 916 5217 quoque,
939 5144 986 5216 qui
1037 5173 1102 5212 „um
1120 5163 1193 5209 ruam
1212 5163 1237 5210 ιι
1252 5154 1386 5209 damam
1399 5163 1473 5210 cuam
1490 5155 1522 5210 aa
1538 5153 1624 5210 mis
1644 5153 1705 5206 sinn
1730 5161 1776 5206 rso
1794 5154 1823 5208 tn

200 5237 228 5294 ln
243 5236 377 5308 eiusmodi
390 5236 423 5292 ad
436 5237 544 5293 culmen
556 5236 681 5293 celsioris
701 5237 787 5308 apicis
801 5253 834 5295 ae
849 5236 988 5294 lortittrdi·
1037 5246 1116 5316 finem
1128 5244 1141 5299 ,⁹
1154 5243 1250 5316 quinto
1267 5261 1274 5298 ε
1290 5244 1401 5299 Animos
1410 5259 1556 5316 pauperum
1570 5253 1675 5297 tuorum
1687 5258 1741 5296 noa
1753 5241 1824 5298 obli·

200 5331 245 5388 nis
261 5329 457 5395 excrevissent,
483 5329 587 5386 dictum
615 5339 658 5387 est
681 5344 690 5385 r
714 5329 791 5386 Mons
807 5328 871 5387 Sion
895 5330 987 5400 inquo
1037 5336 1146 5391 piscaris
1160 5336 1188 5389 in
1203 5336 1292 5406 finem.

199 5421 329 5479 lectitanti
351 5424 379 5477 in
393 5439 433 5479 eo.
457 5421 561 5495 ilisque
581 5433 739 5480 sanctorum
763 5424 876 5479 uocibus
894 5421 987 5493 iudice
1074 5427 1122 5482 iiis
1146 5425 1293 5499 prelibatis
1326 5426 1423 5497 psallat
1454 5425 1555 5496 Asopi,
1571 5424 1670 5498 psallat
1700 5423 1823 5482 Ecclesia

199 5530 282 5584 super
296 5514 350 5582 lais,
363 5529 413 5585 pro
428 5515 530 5588 quibus
542 5524 651 5577 oratum
672 5524 724 5583 est,
746 5516 863 5586 placato,
876 5513 986 5569 tandem
1037 5526 1124 5574 nratcr
1134 5517 1236 5573 itttoata
1250 5517 1392 5588 postulans
1407 5515 1552 5586 judicium,
1569 5531 1625 5572 rmo
1641 5525 1757 5573 canulis
1768 5513 1822 5570 mi-

200 5605 301 5660 auditar
323 5614 388 5661 sunt
406 5621 488 5664 noces
508 5608 675 5670 mistorum,
693 5622 743 5677 pro
755 5606 857 5678 quibus
878 5616 986 5663 oratum
1037 5608 1216 5667 sericordiam
1229 5617 1256 5663 et
1267 5606 1412 5678 judicium,
1424 5606 1640 5663 misericordiam
1654 5605 1759 5663 scilieet
1771 5605 1824 5661 mi·

201 5697 253 5760 ost,
271 5701 299 5749 ct
312 5694 448 5753 univorsa
462 5704 623 5757 sanctorum
636 5695 831 5762 multitudinis,
849 5695 985 5766 irnlieium
1038 5696 1220 5756 sericordibus
1231 5705 1293 5752 ante
1307 5696 1388 5753 tincm
1400 5696 1573 5767 promissam,
1585 5696 1613 5750 in
1625 5695 1677 5764 tine
1690 5695 1821 5763 dandam3
