3892 6067
88 328 138 385 )93
379 321 660 380 conunuttmbtt
678 322 712 379 tn
729 321 901 379 esauttus.
920 319 1058 391 -Ptns
1079 320 1131 377 Vll.
1144 354 1179 366 -
1196 323 1292 382 PSrlL.
1313 325 1416 384 LllVll.
1666 335 1719 391 tut

83 442 188 499 duabus
206 441 315 497 naturis
336 440 373 495 ita
395 440 554 512 coagulata,
579 450 610 496 ut
630 450 657 497 et
682 440 739 498 lleo
752 440 825 497 Patri
842 442 877 497 sit
890 452 914 507 Α
928 450 1024 496 sancto
1035 454 1130 495 amore
1144 438 1234 499 Patris
1247 451 1403 513 operantea
1420 444 1527 518 uirgine
1538 450 1720 519 corporaliter

82 530 327 589 consubstantialis
352 544 402 600 per
418 545 496 585 suam
522 529 698 588 birinitxtem
713 540 739 587 et
756 532 876 588 homini-
926 542 1077 601 ertrrceptus
1088 540 1204 587 etratus
1214 542 1256 587 est
1269 549 1434 604 permanens
1445 535 1573 593 beusbet
1586 537 1718 611 Verbum,

83 625 130 677 bus
145 637 194 693 per
208 636 288 676 suam
305 620 516 687 humanitatem,
541 621 676 693 quidquid
693 624 749 694 agit
775 638 876 680 secun·
926 623 1197 693 quoderatsemper‚
1211 626 1258 679 scd
1275 625 1409 696 incipiens
1419 642 1480 683 esse
1495 643 1657 699 corporeum
1672 633 1719 690 bei

82 713 144 767 dum
164 711 323 766 utramlibet
346 719 487 779 naturam,
509 712 593 766 sentit
617 728 697 785 agere
716 729 746 770 se
769 714 877 770 totaml
927 713 1058 783 templum
1087 714 1205 771 linaliter
1225 714 1311 772 alico
1335 718 1527 785 inhabitatum,
1549 724 1621 791 quod
1641 725 1721 794 priua

83 802 147 860 llinc
159 803 206 858 illa
221 803 361 874 pinguedo
377 812 438 858 erat
447 802 508 878 ejus
522 805 630 861 actibus
648 804 789 873 humanis,
800 816 830 861 ut
843 807 878 863 de
927 818 984 858 uon
998 811 1073 871 erat;
1087 819 1252 874 permanens
1265 805 1420 865 intellectus
1430 818 1459 865 et
1472 810 1589 867 Verbum
1606 821 1634 867 et
1649 817 1721 872 ratio

83 903 160 965 sputo
177 894 240 964 ejus
261 893 325 949 illiti
346 893 419 950 oculi
433 895 498 949 (mei
512 894 616 951 lumine
630 895 806 962 vestirentur,
821 895 876 952 lin·
926 894 1027 963 Patris,
1043 905 1073 951 ut
1085 904 1154 965 erat,
1182 897 1230 952 sed
1241 898 1391 970 inscriptus
1407 901 1470 971 pelli
1492 903 1604 959 immani
1621 921 1720 976 tmepo-

84 1000 133 1057 pua
158 985 229 1041 muti
244 993 318 1041 tacta
333 984 497 1052 solueretur,
511 994 540 1041 et
561 984 733 1057 ipsiustactu
748 987 877 1058 lepralu·
928 987 977 1055 ris,
993 989 1068 1059 quod
1088 989 1166 1059 prius
1181 1005 1236 1045 non
1251 1000 1331 1046 crat:
1349 990 1647 1063 permanensVerlrum
1668 997 1722 1053 Pa·

83 1086 200 1148 paretur,
214 1076 302 1148 ipsius
312 1091 381 1133 rote
392 1078 493 1133 niortui
504 1078 702 1144 excitarentur,
720 1078 808 1150 ipsius
822 1080 876 1136 im·
929 1078 980 1133 tris
991 1079 1185 1145 intellectuale,
1199 1081 1247 1136 sed
1262 1081 1352 1139 lactus
1370 1082 1491 1140 Verbum
1512 1102 1567 1142 non
1579 1089 1668 1144 solum
1679 1091 1720 1143 ri-

84 1170 156 1241 perio
172 1171 273 1224 marini
299 1169 400 1225 lluctus
415 1177 443 1225 et
461 1170 535 1225 renti
561 1171 732 1228 sedarentur.
754 1172 824 1229 llinc
836 1182 878 1229 est
928 1173 1024 1238 sibile,
1035 1183 1117 1245 atquc
1142 1175 1273 1244 audibile,
1288 1177 1337 1234 sed
1352 1180 1434 1234 etiam
1451 1181 1587 1251 palpabile
1597 1184 1675 1254 juxta
1691 1184 1720 1238 il·

84 1262 173 1326 ctiam,
191 1261 267 1332 rpuod
282 1275 348 1317 caro
363 1262 424 1331 eius
436 1261 601 1318 manducata
624 1263 753 1332 vivificat,
767 1265 832 1336 quia
849 1266 877 1320 in
928 1260 975 1318 lud
984 1261 1099 1320 loannis
1114 1267 1231 1334 apostoli
1246 1285 1253 1321 ε
1269 1287 1278 1319 ι
1295 1266 1373 1335 Quod
1385 1271 1504 1327 vidimus
1516 1284 1542 1328 et
1553 1274 1718 1343 audirimus,

84 1355 138 1424 ipsa
154 1369 241 1409 carne
257 1352 378 1423 Spiritus
400 1361 451 1420 est,
467 1354 515 1425 qui
532 1354 663 1421 virilium,
687 1356 748 1412 sine
769 1372 836 1427 quo,
848 1365 879 1412 ut
928 1357 1002 1426 quod
1015 1372 1114 1412 manus
1125 1367 1226 1414 nostrae
1238 1369 1481 1419 contrectaverunt
1494 1363 1528 1420 de
1542 1364 1632 1421 Verbo
1646 1369 1718 1435 ritae,

84 1447 136 1516 ipse
150 1445 203 1513 ait,
218 1461 283 1499 caro
295 1461 347 1499 rron
358 1445 466 1515 prodest
481 1445 638 1516 quidquem.
652 1445 740 1513 Qunam
752 1448 799 1519 qui
815 1449 879 1503 abs·
928 1454 956 1502 ct
977 1447 1031 1501 nita
1056 1447 1230 1503 manifestata
1246 1456 1288 1504 est
1311 1448 1338 1520 (1
1352 1450 1433 1506 lona.
1456 1468 1476 1519 ι,
1492 1453 1557 1524 1-1).
1579 1453 1680 1511 »Unde
1693 1465 1721 1511 ct

84 1555 133 1610 qrre
144 1538 246 1610 spiritu
269 1537 491 1593 manducandam
512 1546 688 1608 putaverunt,
701 1540 781 1609 quasi
796 1534 879 1595 οιίιιο
929 1537 1081 1606 Apostolus
1098 1554 1159 1593 eum
1179 1539 1316 1596 dixisset:
1335 1560 1344 1595 ι
1359 1541 1388 1597 ln
1406 1558 1462 1614 quo
1481 1543 1617 1602 inhabitat
1631 1549 1724 1604 omnis

83 1646 174 1687 marca
194 1628 375 1701 strangulatis
393 1626 520 1683 lancibus
540 1629 732 1701 pinguedinem
752 1631 813 1701 ejus
826 1634 879 1702 gu·
929 1630 1072 1700 plenitudo
1089 1629 1245 1686 Divinitatis
1262 1631 1375 1704 (Colore.
1387 1649 1418 1702 n,
1435 1635 1475 1706 9),
1491 1654 1501 1688 ι
1518 1637 1621 1694 addidit
1637 1654 1644 1692 :
1661 1657 1721 1693 cor·

83 1733 154 1779 stare
180 1736 237 1776 rron
263 1729 423 1790 potuerunt.
437 1717 516 1775 Unde
532 1729 560 1775 et
572 1720 701 1776 abierunt
714 1731 877 1778 retrorsum.
929 1718 1069 1788 poraliter,
1092 1721 1157 1792 quia
1174 1721 1300 1779 lidelioel
1325 1723 1444 1780 Verbum
1459 1741 1525 1783 carl>
1552 1727 1653 1784 lactum
1668 1702 1721 1795 051,

84 1813 226 1869 Sicutiam
249 1812 300 1879 illi,
316 1826 435 1883 quorum
449 1811 495 1866 alii
523 1811 652 1868 dicebant
666 1827 729 1868 eum
744 1811 878 1869 loannem
894 1800 916 1854 Β
929 1819 956 1865 et
967 1826 1015 1880 per
1026 1820 1137 1867 carriem
1149 1828 1228 1867 suam
1243 1815 1426 1884 corporaliter
1447 1816 1617 1874 habitavitiu
1629 1821 1720 1877 nobis.

83 1905 247 1976 Baptismus,
263 1904 310 1958 alii
324 1913 390 1959 reru
404 1902 550 1958 larentiam
573 1919 622 1958 scu
642 1902 741 1970 Ellam,
757 1918 811 1959 non
826 1920 878 1975 gu·
929 1904 1036 1962 Etenim
1053 1907 1126 1963 sicut
1142 1906 1216 1963 bens
1229 1908 1257 1963 in
1272 1906 1385 1965 Christo
1410 1911 1543 1965 mundum
1558 1913 1611 1967 sulti
1625 1930 1723 1970 recon-

83 2005 223 2053 stareraut
247 1996 276 2051 in
300 1997 360 2066 ipso
382 1995 576 2066 pinguedinem
601 1995 686 2062 illam,
703 2011 766 2066 qnae
788 1996 880 2066 sapuit
929 1996 1028 2052 cilians
1041 1997 1170 2053 lectitarit
1184 2000 1213 2052 in
1229 1999 1320 2069 finem,
1334 2001 1375 2055 sic
1391 2008 1418 2054 et
1431 2000 1490 2070 ipse
1502 2000 1629 2058 Christus
1643 2003 1722 2056 leoli·

83 2088 162 2147 l’etro
178 2090 281 2147 dicenti
300 2108 308 2143 :
330 2088 369 2143 Τιι
382 2105 409 2143 es
421 2087 545 2143 cbristus
561 2086 586 2141 F
589 2089 651 2141 ilina
673 2088 722 2143 liei
734 2090 794 2144 oiri.
810 2088 878 2145 Pro·
930 2089 998 2144 tobit
1022 2104 1085 2145 cum
1101 2090 1160 2146 suis
1175 2099 1202 2146 et
1217 2090 1247 2144 in
1274 2091 1334 2147 suis
1350 2090 1445 2147 electis
1458 2093 1485 2146 ira
1501 2094 1591 2162 parcnt,
1608 2095 1642 2149 de
1666 2109 1723 2164 qno

83 2188 173 2250 pterea
187 2180 367 2250 increpantur
379 2178 418 2232 illi
437 2176 542 2247 Spiritu
566 2178 738 2248 prophetico,
752 2180 880 2236 laudatur
929 2180 1052 2263 dicitur:
1072 2203 1081 2235 ι
1097 2182 1194 2238 Omnis
1210 2184 1521 2240 corisummationisridi
1537 2185 1617 2240 lluem
1633 2185 1721 2257 (Psoi.

83 2272 130 2327 iste
142 2272 183 2326 ab
193 2274 254 2342 ipsu
269 2271 392 2326 Clulslo·
410 2267 477 2325 Nan!
492 2270 545 2324 illis
561 2269 663 2325 dieitur
679 2289 685 2324 τ
929 2291 1025 2344 exunt,
1042 2276 1102 2348 bu),
1118 2295 1128 2329 ι
1142 2277 1294 2333 secundum
1310 2278 1384 2348 quod
1398 2278 1456 2348 ipse
1467 2280 1594 2350 promisit
1608 2280 1720 2335 dicens:

113 2363 202 2420 Vens.
227 2363 271 2417 li.
298 2361 333 2418 Ut
357 2363 421 2434 preld
453 2362 627 2432 suspicemini
657 2374 757 2418 montet
781 2380 880 2436 coope—
933 2367 1028 2425 «Eece
1042 2384 1094 2440 epo
1108 2369 1252 2425 nobiscum
1265 2385 1326 2426 sum
1337 2371 1468 2427 omnibus
1483 2372 1580 2427 diebus
1591 2373 1723 2444 usquead

83 2458 161 2524 latos,
177 2470 241 2512 esse
251 2464 378 2524 rnorrtem,
392 2456 419 2509 in
440 2471 492 2526 pao
507 2454 701 2525 beneplacitum
714 2465 753 2510 est
765 2454 820 2509 beo
831 2458 879 2510 laer·
930 2459 1197 2514 consummationem
1223 2460 1316 2516 saeculi
1332 2460 1443 2531 (llattlr.
1462 2477 1561 2528 xxrrn,
1577 2461 1634 2534 ιθ).
1650 2482 1659 2515 ι
1674 2461 1724 2519 Vel

83 2550 167 2606 litere
181 2550 209 2604 in
227 2549 281 2603 co?
302 2547 343 2603 lta
358 2548 431 2603 enim
446 2548 549 2603 liabent
560 2548 673 2618 quidam
699 2548 829 2605 codices:
844 2547 879 2603 tu
930 2550 1060 2605 lubitabit
1082 2553 1110 2606 in
1129 2552 1208 2621 fineen
1223 2553 1401 2621 perducendo
1424 2553 1501 2624 ipsos
1522 2568 1611 2624 usquc
1634 2555 1668 2610 ad
1695 2570 1725 2610 se

83 2645 142 2714 perid
162 2642 342 2714 suspicemini
358 2649 459 2696 orontes
475 2640 639 2711 coepulator,
651 2650 778 2709 ntorum,
789 2644 880 2713 ireque
930 2643 1184 2714 contemplandum,
1206 2647 1254 2716 qui
1269 2654 1311 2702 est
1335 2645 1445 2702 initiunt
1470 2656 1497 2702 ct
1514 2646 1577 2702 linis
1588 2649 1722 2704 omnium.

84 2737 278 2807 beneplacitum
293 2746 333 2790 ert
345 2735 402 2791 Deo
418 2735 542 2789 babitare
563 2736 592 2789 in
602 2750 643 2791 eo.
658 2735 698 2791 Ac
712 2735 737 2791 si
749 2737 877 2793 dicatur:
932 2732 982 2789 Vel
996 2735 1156 2789 irrlmbitabit
1170 2750 1218 2791 eos
1231 2737 1260 2789 in
1276 2736 1365 2805 finem,
1383 2746 1413 2791 nt
1426 2738 1559 2806 quidquid
1583 2738 1646 2792 toni
1660 2745 1726 2793 sunt

84 2828 174 2896 Quare
197 2829 239 2885 sic
253 2829 353 2884 erratis
364 2826 491 2883 homines
501 2826 535 2882 de
551 2825 621 2884 Filio
635 2829 766 2897 bominis,
786 2839 816 2886 nt
830 2847 879 2887 su·
931 2835 980 2882 aut
995 2825 1110 2894 iaciunt,
1123 2843 1177 2881 nou
1191 2826 1314 2882 reserant
1325 2829 1359 2883 ad
1374 2828 1456 2883 aliam
1476 2829 1583 2884 finalem
1597 2845 1743 2885 carison.-

84 2920 228 2991 spicemini
245 2917 334 2974 Ellam
361 2918 406 2973 rel
420 2915 579 2984 ieremiam,
601 2917 646 2997 rel
662 2932 831 2989 quemqnam
846 2933 881 2974 ex
931 2919 986 2975 nisi
999 2920 1033 2973 arl
1047 2920 1150 2990 ipsum,
1163 2920 1210 2990 qni
1225 2927 1268 2975 est
1281 2918 1351 2987 tinis,
1368 2919 1437 2992 legis
1449 2921 1483 2975 ad
1496 2921 1631 2991 justitiam
1648 2922 1724 2976 onrai

84 3012 226 3083 prophetis
247 3010 272 3066 ei
297 3008 532 3080 comparandum?
555 3009 627 3065 Sunt
653 3009 764 3080 quinem
786 3017 815 3067 et
829 3009 881 3081 ipsi
932 3009 1064 3066 credenti.
1082 3009 1115 3065 Et
1136 3010 1201 3081 quia
1226 3008 1360 3065 Bantinos
1386 3011 1522 3065 habitabit
1546 3011 1573 3065 in
1595 3015 1646 3078 eis,
1662 3012 1726 3067 iride

85 3115 193 3161 montes
205 3104 298 3175 magni
314 3111 342 3159 et
356 3101 504 3174 coagulati,
517 3101 583 3173 quia
596 3102 625 3157 in
641 3101 695 3157 illis
713 3103 915 3198 uatrtrtelm·c
932 3100 1003 3157 llunt
1015 3117 1115 3158 currus
1128 3094 1176 3156 uei
1192 3101 1330 3171 portando
1345 3099 1430 3155 boun
1447 3116 1477 3157 se
1487 3116 1636 3169 regentem,
1652 3103 1726 3158 sicut

84 3212 172 3253 martae
187 3197 309 3254 accessit
331 3195 421 3266 gratia
449 3193 568 3266 Spiritus
583 3194 751 3265 proptrenct;
775 3196 823 3251 sed
839 3195 882 3252 in·
934 3191 1046 3249 Simeon
1069 3208 1153 3249 senen
1180 3207 1296 3263 puerum
1325 3192 1453 3263 portabat
1469 3210 1476 3247 ε
1491 3209 1559 3263 puer
1572 3202 1664 3249 numm
1680 3210 1726 3252 sev

84 3289 310 3360 comparabiliter
323 3288 386 3344 illos
397 3287 536 3343 antecellit
548 3286 794 3358 superexcellentia
807 3302 883 3343 mon·
933 3300 996 3342 nem
1011 3285 1133 3357 regebat.
1146 3282 1203 3340 llos
1219 3284 1257 3340 ita
1273 3284 1393 3355 regendo
1403 3285 1528 3355 perducit
1540 3287 1567 3341 in
1580 3287 1659 3357 fineen
1672 3288 1726 3344 sibi

84 3383 127 3449 tis,
137 3382 190 3454 qui
205 3389 250 3437 est
260 3396 342 3437 mons
355 3379 415 3449 liei„
430 3395 511 3436 mons
530 3379 642 3452 pinguis
656 3388 797 3451 unguento
807 3381 882 3437 ride·
933 3378 1111 3445 destinatum,
1125 3374 1160 3433 ‘de
1171 3392 1228 3448 quo
1239 3377 1387 3447 Apostolus
1400 3378 1439 3432 ait
1452 3396 1459 3432 r
1474 3396 1485 3430 ι
1501 3377 1632 3435 Primitiae
1645 3379 1727 3435 Clari-

85 3474 144 3531 lioet
160 3475 210 3529 illo
235 3481 398 3545 perunctus,
413 3472 487 3543 quad
511 3472 623 3543 agnovit
642 3470 742 3528 Petrus
762 3471 881 3529 dicens:
933 3469 1253 3541 stus,rloinrlec1uisunt
1271 3468 1384 3536 Christi,
1399 3469 1497 3525 deinde
1508 3469 1582 3539 linis,
1596 3486 1658 3525 eum
1671 3481 1728 3527 tra·

89 3586 97 3617 ι
115 3566 157 3622 Tu
172 3583 205 3623 es
217 3564 446 3623 Clrristusfilius
457 3563 505 3621 Dei
520 3563 575 3619 riri
591 3562 703 3634 (llattlr.
720 3578 778 3628 xri,
791 3561 846 3633 16).
869 3579 879 3614 ι
932 3561 1033 3618 diderit
1043 3576 1158 3633 regnum
1173 3558 1230 3615 beo
1247 3558 1323 3614 Patri
1338 3557 1364 3630 (1
1380 3559 1443 3616 Cur.
1460 3575 1507 3627 xv,
1519 3559 1627 3632 nott).
1643 3580 1653 3614 ι

85 3657 204 3730 Αιιιιιίι
218 3666 342 3714 montem
357 3665 386 3713 et
399 3654 524 3712 ascendit
537 3654 565 3710 in
590 3663 723 3721 montem,
739 3653 883 3725 laetusque
968 3652 1052 3711 Vens.
1068 3655 1111 3710 18.
1138 3652 1239 3709 Currus
1257 3652 1309 3709 iste
1334 3668 1390 3709 non
1409 3660 1452 3710 est
1475 3655 1559 3710 unius
1578 3652 1684 3722 lormae,
1696 3665 1728 3710 ut

84 3760 167 3806 estet
186 3749 248 3820 ipse
264 3764 347 3806 mons
361 3765 490 3822 magnus,
510 3757 575 3805 cunr
595 3747 771 3807 eidioeretur
789 3764 796 3802 :
812 3766 821 3799 ι
840 3745 881 3801 Tu
933 3748 1009 3806 rerbi
1036 3747 1123 3820 gratia
1153 3747 1228 3802 solos
1243 3753 1379 3819 martyres
1400 3745 1442 3802 rel
1462 3746 1537 3802 solos
1552 3744 1730 3803 confessores

85 3855 114 3896 cs
126 3839 241 3910 Petrus,
267 3843 480 3915 etsuporbanc
495 3849 600 3912 petram
624 3839 766 3896 aedillcabo
789 3837 883 3895 Eccle-
932 3841 975 3897 rel
989 3840 1102 3898 alterius
1116 3840 1200 3897 unius
1219 3838 1326 3895 ordinis
1341 3836 1512 3909 prolessorcs
1532 3838 1730 3908 lrabea13imo

84 3931 150 3990 siam
167 3948 262 3990 meam
279 3934 358 4007 (ibid.
371 3975 379 4003 ,
392 3933 448 4005 18).
468 3952 478 3986 ι
497 3932 551 3989 Sed
564 3947 648 4002 super
660 3930 791 3987 verticem
802 3943 883 3985 mon·
933 3939 977 3987 est
990 3930 1130 4000 multiplex
1143 3930 1231 3984 decem
1246 3928 1374 3995 millibus,
1402 3929 1438 3983 ita
1460 3908 1652 3984 utnumerum
1664 3927 1727 3984 tini·

84 4024 118 4083 tis
128 4028 218 4099 hujus
228 4029 411 4093 aumantium
426 4034 589 4085 caeterorum
603 4024 685 4094 longe
703 4022 732 4077 in
745 4021 883 4078 inlinitum
933 4033 993 4080 tum
1015 4037 1066 4094 pro
1095 4022 1203 4077 intinito
1231 4021 1367 4091 intelligas
1389 4020 1509 4091 positum
1524 4063 1532 4088 ,
1550 4020 1730 4091 per-rectionis

84 4119 282 4189 superexcellit
298 4135 384 4184 mont,
396 4119 426 4174 iu
440 4134 491 4189 pua
506 4115 702 4187 beneplacitum
712 4122 751 4169 eat
763 4112 819 4168 Deo
831 4111 884 4168 Pa·
934 4112 1040 4168 scilicet
1052 4112 1275 4183 significativum,
1291 4128 1353 4182 quae
1367 4113 1394 4166 in
1409 4114 1522 4168 denario
1534 4120 1560 4166 et
1573 4113 1730 4169 millenario

84 4211 127 4275 ιη’,
140 4210 190 4266 eui
205 4220 234 4266 et
247 4210 315 4267 dicit
331 4225 339 4262 :
358 4229 368 4261 ι
383 4207 434 4264 111ο
446 4217 490 4265 est
517 4205 604 4262 Filius
620 4220 700 4261 mens
713 4204 841 4268 dilectus,
855 4202 882 4256 in
934 4204 1024 4259 notari
1039 4204 1118 4259 solet.
1135 4203 1205 4258 Sunt
1226 4220 1291 4273 ergo
1302 4204 1390 4257 decem
1409 4204 1494 4259 millia
1517 4219 1614 4259 onrrres
1624 4205 1658 4259 ad
1674 4206 1730 4261 troc

83 4322 136 4376 nau
159 4304 233 4360 mibi
255 4302 411 4374 complacui
437 4301 548 4373 (llattlr.
570 4315 612 4367 ιιι,
627 4297 683 4369 11).
703 4290 884 4366 »complacet
933 4293 1013 4348 electi
1029 4302 1053 4349 et
1065 4291 1190 4363 perlecti,
1205 4301 1235 4348 ut
1246 4293 1359 4347 rerbum
1377 4290 1424 4348 [lei
1441 4294 1658 4365 erangelizantes
1668 4296 1727 4348 rir-

83 4418 146 4474 ergo
161 4400 245 4456 Patri
256 4398 379 4455 babitare
395 4412 445 4468 por
458 4410 488 4452 sc
501 4395 529 4449 in
541 4410 583 4458 eo,
600 4392 648 4464 qui
662 4407 712 4463 per
725 4391 815 4462 ipsum
828 4390 883 4447 lle-
935 4395 994 4441 tute
1010 4385 1097 4440 multa
1112 4392 1220 4455 portent
1245 4385 1335 4455 ipsum
1360 4382 1446 4440 Deum
1469 4385 1501 4439 arl
1515 4387 1597 4441 corula
1611 4385 1727 4441 creden·

82 4494 220 4550 umorem
244 4491 273 4546 in
303 4488 366 4546 aliis
389 4485 532 4542 urentibus
555 4483 659 4540 sanctis
685 4482 801 4538 habitat.
835 4479 882 4536 Vel
897 4483 920 4539 tt
935 4477 1015 4533 tium.
1030 4474 1112 4543 Quod
1124 4474 1189 4545 quia
1204 4490 1259 4530 non
1285 4472 1390 4530 iaciunt
1402 4491 1436 4530 ex
1448 4476 1559 4531 tristitia
1575 4475 1616 4530 rel
1634 4491 1666 4530 ex
1678 4491 1728 4531 nc·

84 4602 157 4642 noas
176 4596 223 4643 at
237 4585 322 4639 bomo
332 4582 360 4637 in
375 4579 462 4634 Βοιιιι
477 4587 646 4647 assumptus,
657 4576 686 4628 in
696 4590 747 4646 pao
760 4572 883 4645 berreplo·
934 4571 1075 4639 cessitate,
1086 4569 1132 4625 sed
1148 4576 1299 4639 spontanea
1317 4576 1345 4624 et
1359 4570 1455 4624 derata
1471 4568 1609 4623 hilaritate
1633 4583 1727 4622 currat

83 4689 167 4735 cnam
178 4687 220 4733 cst
238 4675 293 4731 Deo
310 4672 400 4731 Verbo
417 4670 579 4737 inlmlritare,
601 4682 658 4725 uon
671 4665 883 4739 quomodoenn·
933 4663 986 4736 ipsi
1000 4661 1163 4720 suntmiilio
1185 4661 1346 4727 latentiam,
1364 4660 1495 4731 quoniam
1517 4675 1565 4730 spe
1578 4659 1728 4732 garrdentes

84 4786 148 4841 ιιο,
163 4771 215 4827 sed
231 4767 367 4825 biduom.
934 4764 961 4811 et
971 4755 999 4810 in
1013 4753 1190 4810 tribulatione
1200 4752 1346 4825 patientes,
1358 4750 1411 4806 etsi
1422 4752 1491 4806 liunt
1506 4750 1644 4807 interdum
1657 4766 1728 4823 qua·

117 4862 231 4919 Etenim
242 4860 374 4916 amiam
386 4855 506 4912 Verbum
518 4853 566 4911 Dei
579 4851 709 4910 tertiabit
723 4849 750 4906 in
764 4863 798 4906 eo
808 4849 837 4903 in
847 4849 883 4919 fi·
934 4847 958 4906 si
971 4847 1076 4916 tristes,
1089 4856 1209 4903 attamen
1223 4857 1332 4914 semper
1344 4843 1492 4914 gaudentes
1503 4843 1630 4899 laetantur
1642 4843 1670 4898 in
1682 4854 1728 4912 eo,

85 4974 156 5025 mar,
170 4958 200 5013 io
219 4956 332 5012 linabtn
347 4950 555 5026 perlectionem,
570 4947 599 5003 id
610 4954 720 5003 estnon
731 4942 820 4999 solum
836 4955 884 5011 per
934 4958 1017 5014 quem
1042 4948 1164 5013 portant,
1178 4936 1259 5008 cuius
1273 4943 1302 4992 et
1316 4952 1410 4991 curras
1433 4936 1573 5005 dicuntur,
1600 4944 1628 4992 et
1651 4943 1728 5024 sunt,

84 5051 249 5115 mutiam,
261 5046 342 5117 cnjns
356 5044 460 5114 ubique
473 5054 596 5113 presens
616 5035 748 5106 maiestas
760 5047 815 5089 non
829 5031 883 5087 du·
934 5034 1038 5090 Gerena
1065 5029 1138 5102 apud
1154 5028 1301 5100 *antiquos
1313 5036 1393 5084 erant
1412 5029 1539 5085 vehicula
1555 5027 1729 5099 rrtnnpnan

83 5143 205 5210 bitatnr;
217 5149 266 5197 aut
282 5154 332 5211 per
343 5138 471 5210 matiam,
488 5149 543 5206 qna
563 5130 729 5204 quibusdam
745 5125 884 5185 subtrabi-
933 5126 1003 5181 tium
1017 5131 1045 5180 et
1056 5121 1256 5179 dominantium
1267 5135 1363 5193 regum
1379 5136 1427 5177 seu
1442 5121 1606 5192 principum.
1623 5117 1661 5173 lie
1671 5135 1727 5184 qua

84 5244 140 5305 tur,
155 5222 537 5308 quibusdampraescntxtum
554 5224 602 5283 sed
614 5238 663 5295 per
676 5220 806 5278 unionem
822 5232 885 5288 per·
934 5215 1115 5274 similitudine
1131 5221 1250 5269 tractum
1260 5212 1346 5269 rideri
1366 5219 1466 5282 potest,
1481 5210 1555 5282 qnod
1567 5223 1661 5263 cerem
1678 5207 1728 5261 bet

83 5329 224 5393 malem,
253 5335 285 5381 ut
301 5324 385 5381 ltomo
403 5321 575 5378 inhabitatus
587 5314 670 5373 abeo
693 5312 742 5371 bei
752 5310 845 5368 Verbo
856 5317 884 5367 et
935 5309 1077 5374 dicuntur,
1089 5304 1116 5360 in
1130 5303 1232 5376 quihus
1243 5303 1394 5375 triumphat
1401 5300 1508 5369 beus,c
1519 5297 1682 5354 ndesocrdc
1692 5304 1731 5351 ‚te

82 5417 160 5477 brus
170 5418 334 5475 inhabitans
346 5415 439 5487 ipsum
453 5411 595 5469 homiaem
614 5407 650 5464 sit
663 5422 719 5462 una
732 5420 766 5463 ex
776 5403 884 5461 duabus
934 5399 1026 5457 Verbo
1037 5396 1087 5453 llei
1113 5396 1242 5451 humanae
1265 5393 1392 5464 loquela,
1415 5408 1470 5463 qua
1484 5392 1615 5446 dicuntur
1627 5400 1729 5445 camur

39 5533 48 5556 .
79 5520 109 5566 «ι
123 5513 156 5567 ι,
170 5509 285 5568 mu,
294 5509 403 5566 mrum
416 5506 538 5564 existens
555 5513 686 5574 persona,
702 5511 765 5569 qua
774 5495 884 5568 proprie
934 5490 1116 5562 triumphales
1129 5501 1237 5559 regom,
1252 5499 1321 5539 anro
1345 5480 1479 5553 insigniti,
1496 5481 1584 5537 luisse
1597 5479 1630 5536 ad
1644 5492 1728 5536 orna·

80 5599 174 5659 Filius
199 5602 250 5660 liei
267 5600 399 5660 ctllilius
420 5594 729 5660 hominisnomiaamr,
745 5589 811 5662 qnia
835 5586 884 5659 qui
933 5591 1060 5641 arentum
1074 5576 1252 5651 triumphalis
1261 5588 1378 5648 pompae.
1393 5572 1474 5630 Tales
1485 5587 1533 5645 per
1542 5571 1648 5629 similes
1663 5582 1728 5626 eur·

78 5693 301 5767 hwpnnlttm
314 5676 360 5751 eat
383 5691 498 5749 aPatro
525 5688 646 5762 penitus,
659 5692 692 5742 nt
715 5680 884 5740 intellectum
934 5690 983 5732 rus
1004 5673 1116 5751 luerunt
1140 5668 1225 5737 Elias,
1242 5664 1400 5732 arbitrem,
1415 5677 1534 5736 quorum
1550 5671 1667 5734 uterque
1681 5659 1727 5717 dp
1757 5656 1764 5671 '

78 5784 195 5843 ban·
208 5787 301 5845 boam
321 5788 410 5862 piguit
436 5784 557 5859 animus,
572 5782 645 5841 idom
658 5771 884 5852 quoqueSplrilt
933 5777 995 5826 ⁶¹¹⁸
1022 5775 1179 5845 wilm!
1206 5757 1304 5835 kileb
1323 5767 1348 5813 θ’
1367 5745 1753 5851 ’111111111·01·11”Μ-
