3892 6067
117 311 175 368 ἐῢ
417 310 696 372 constitnuantur!
715 311 937 372 inusitatos.
958 348 992 360 -
1009 316 1100 375 utus
1117 317 1230 378 t'ttt..-
1250 318 1348 376 PSriL.
1367 319 1486 375 exitu
1701 324 1754 378 tlt

116 423 207 480 uestri
223 422 306 510 ruitis
320 421 410 479 iacere
427 422 519 494 (dean.
534 441 593 494 unt,
605 427 663 500 ll).
680 448 690 481 s
705 427 777 501 Ergo
792 440 954 494 musmo-A
1004 430 1088 489 itas.
1108 431 1153 488 58.
1175 432 1209 487 in
1240 435 1308 488 iram
1332 437 1529 490 concitauerunt
1543 453 1602 491 curn
1629 440 1655 492 iu
1676 436 1754 492 calli·

115 527 226 574 ratores
251 524 488 572 murmuratorum
513 525 579 574 sunt
593 518 652 586 tilii,
666 521 793 593 patribus
816 523 845 578 in
860 522 913 578 hoc
964 523 1012 579 ius
1024 526 1091 592 suis,
1105 526 1168 594 etin
1181 513 1349 595 sculptilibus
1362 526 1417 581 ruis
1429 523 1464 580 atl
1478 526 1674 582 aemulationem
1694 545 1754 583 eum

116 607 278 676 assimilati,
301 608 375 679 quod
399 611 517 666 correersi
541 620 603 666 sunt
628 613 655 667 lu
683 629 774 669 areum
789 630 911 684 prauum.
962 625 1178 688 praesecuerunt.
1203 614 1333 671 Soichaut
1359 615 1460 688 quippe
1486 616 1514 671 iu
1536 616 1648 672 eolliius
1673 625 1702 673 et
1725 617 1755 674 iu

115 700 385 770 tirsuspratusest,
400 700 448 773 qui
463 700 544 758 laclia
567 703 725 771 remittitur,
739 705 781 761 rel
797 706 912 777 quinon
963 706 1103 763 montibus
1130 705 1202 762 idola
1221 719 1270 763 sua
1297 704 1431 761 collocare
1456 721 1506 776 pro
1528 708 1649 779 ipsorum
1672 722 1756 767 rone

113 793 228 850 eminas
239 792 389 864 jaculatur,
408 791 457 850 sed
475 794 503 850 in
519 810 549 850 se
560 795 665 867 spicula
677 798 821 854 convertit.
870 804 884 820 ⁶
962 797 1079 856 ratione.
1096 794 1173 853 iindc
1187 803 1341 869 arguuntur
1351 809 1451 868 stupea
1467 799 1619 869 propinetis,
1634 789 1668 856 eo
1681 797 1754 871 quod

151 883 271 953 Qrtitiam
295 885 405 945 audieus
429 887 726 946 habeut21narcum
749 908 911 963 perperaum,
962 890 1226 948 sacrificaveruntin
1238 889 1367 957 excelsis,
1384 905 1518 964 regesque
1531 891 1653 962 ipsorum
1665 891 1754 963 grati-

113 978 191 1050 qaod
206 977 459 1050 exponensueams·
471 995 541 1053 papa
555 981 703 1055 Gregorius
717 983 823 1058 cittii)
843 989 913 1044 :dr-
961 990 1004 1038 ter
1019 980 1105 1037 uomti
1120 988 1195 1048 sunt,
1209 996 1272 1038 eum
1282 978 1385 1038 dietum
1395 989 1437 1036 est
1450 982 1484 1038 de
1494 980 1615 1054 quolibet
1634 998 1728 1038 eorum
1744 1001 1752 1039 r

113 1086 163 1125 cus
180 1086 317 1142 pamma
328 1072 426 1142 ipsum,
447 1087 530 1145 apua
543 1074 702 1153 intenditur,
715 1080 840 1148 pararit,
855 1088 909 1138 ete,
967 1067 1153 1127 Verumtamen
1166 1071 1270 1126 excelsa
1285 1088 1336 1126 uon
1350 1071 1461 1127 abstulit
1477 1087 1487 1126 .·
1503 1072 1555 1140 uel,
1577 1071 1651 1142 quod
1676 1071 1755 1145 pejus

115 1157 195 1217 urea
219 1161 248 1216 in
265 1161 345 1218 dictis
367 1165 425 1219 suis
449 1162 482 1219 oi
510 1167 694 1237 arrogantiam
710 1167 810 1239 lirrpaoe
836 1171 913 1240 arcui
961 1170 1043 1217 erat:
1062 1158 1231 1231 sacrificauit
1243 1161 1271 1215 ln
1283 1159 1404 1218 excelsis.
1419 1158 1448 1215 in
1473 1160 1633 1231 hujusmodi
1663 1162 1754 1217 excel·
1848 1177 1860 1194 ·

112 1263 311 1323 peruemosum
323 1253 433 1320 similes,
449 1257 513 1327 guia
523 1256 587 1311 dum
597 1266 691 1313 cantra
705 1259 844 1315 elationem
856 1278 912 1316 rer.
962 1253 1002 1310 sis
1016 1261 1043 1310 et
1066 1252 1177 1309 collitus
1210 1252 1307 1322 Deum,
1322 1253 1369 1325 qui
1392 1253 1552 1310 naturaiiter
1565 1253 1641 1311 mitis
1662 1262 1715 1322 est,
1726 1254 1755 1307 iu

113 1347 149 1401 ia
161 1345 278 1416 (uiuunt,
292 1346 322 1399 in
340 1348 397 1401 suis
416 1349 572 1404 auctoribus
594 1351 707 1422 sagittas
727 1351 824 1422 figurat.
838 1351 912 1409 Unde
961 1345 1033 1398 irum
1052 1343 1260 1411 concitauerunt,
1273 1353 1297 1399 et
1312 1347 1340 1398 in
1366 1345 1533 1415 sculptilibus
1550 1347 1607 1400 suis
1622 1346 1658 1400 uti
1671 1362 1755 1402 temu-

113 1454 221 1493 sunsrna
236 1454 302 1492 cura
321 1439 513 1510 prouidendum
534 1449 575 1498 est
595 1458 637 1509 ne,
664 1444 728 1498 dum
742 1453 849 1514 acceptu
866 1462 912 1500 ra.
961 1432 1098 1501 lationem,
1113 1433 1140 1490 id
1150 1441 1192 1490 est
1199 1433 1233 1489 ud
1244 1434 1459 1507 indignationem
1471 1453 1529 1491 eum
1537 1446 1752 1507 praesecuerunt.

112 1531 217 1601 maia
232 1530 393 1602 ignorantia
416 1532 537 1588 tumetra
551 1533 696 1603 etiamtum,
712 1536 801 1591 tumr„
820 1538 910 1592 tumr.
962 1522 1012 1580 i‘ei
1027 1525 1177 1581 secundum
1207 1524 1277 1581 alios
1301 1525 1429 1582 codices:
1453 1524 1486 1583 ln
1501 1526 1669 1598 sculptilibus
1698 1530 1753 1583 suis

112 1622 204 1676 litatis
218 1621 308 1691 tollat,
325 1630 350 1677 et
363 1623 423 1693 jam
433 1623 565 1694 sapientia
585 1635 846 1698 statueruntque
860 1627 911 1682 etri
961 1616 1082 1674 oemulmi
1092 1627 1153 1672 sunt
1164 1629 1235 1684 cunt,
1247 1616 1312 1673 dum
1337 1618 1470 1675 honorem
1484 1634 1565 1674 suum
1589 1619 1642 1674 diis
1656 1618 1754 1676 alienis

112 1713 216 1767 uirtute
233 1710 377 1768 locutionis
391 1696 504 1783 fulgeat,
531 1712 657 1771 elationis
678 1724 765 1770 tamen
783 1716 911 1772 uelamine
962 1707 1165 1780 impenderim.
1180 1709 1254 1779 (11104
1278 1708 1415 1779 dimidie
1438 1708 1562 1780 ”tillitus
1577 1708 1675 1765 fecisse
1705 1726 1753 1766 l⁰¹

112 1819 161 1857 aar
171 1801 305 1872 manentis
321 1800 456 1857 oiscurat.
473 1800 537 1856 Alia
551 1818 665 1874 nantpue
678 1814 740 1859 runt
755 1805 824 1860 iona
839 1822 911 1859 sum·
927 1775 948 1832 B
962 1798 1118 1865 irroboam,
1143 1800 1191 1871 qui
1203 1799 1339 1855 sacrificia
1350 1808 1377 1855 et
1394 1798 1462 1855 lesta
1474 1799 1554 1856 idolis
1567 1799 1638 1874 „deri
1648 1802 1752 1856 consti·

114 1909 173 1960 sua,
191 1892 249 1948 alia
267 1895 336 1947 tona
351 1892 450 1958 media,
476 1903 506 1949 ut
520 1893 668 1964 prophetia,
681 1895 812 1964 doctrina,
831 1912 911 1952 cara·
963 1894 1015 1949 tuit
1026 1891 1060 1948 ad
1075 1891 1282 1948 similitudinem
1296 1890 1493 1947 sacrificiorum
1513 1899 1540 1947 et
1554 1890 1684 1950 iustorum
1693 1893 1753 1950 lieo

112 1985 219 2039 tionum
231 1985 326 2052 rictus,
338 1993 391 2041 etc.
409 1983 475 2051 Qutc
488 1986 529 2040 ita
543 1986 570 2040 in
584 1995 724 2058 utrumque
739 1997 800 2042 sunt
810 1983 909 2059 posita,
961 2000 1026 2042 sero
1040 1985 1237 2042 institutorum.

112 2087 144 2133 st
159 2077 368 2150 aliquantisper
383 2078 441 2132 iaec
458 2076 516 2133 sala
529 2085 630 2133 telerna
644 2079 747 2148 putria,
764 2078 909 2151 aliquando
997 2073 1150 2147 iiysticein
1177 2073 1288 2131 collitus
1318 2073 1390 2130 idola
1413 2073 1543 2144 ponimus
1576 2074 1604 2129 itt
1628 2073 1754 2145 superbis

113 2186 177 2226 sero
190 2169 279 2240 gloria
293 2179 397 2225 terrena
410 2178 559 2241 quaeratur.
574 2165 678 2225 Mettius
689 2187 751 2242 erpo
763 2173 811 2225 lias
825 2172 910 2226 sirtu-
960 2167 1182 2240 cogitationibus,
1195 2166 1262 2223 tium
1273 2169 1314 2224 eis
1328 2166 1526 2236 consentimus,
1551 2178 1608 2234 aut,
1621 2167 1692 2239 quud
1707 2183 1753 2224 nc·

114 2269 153 2315 tes
164 2260 292 2325 dicimus,
313 2276 379 2331 quas
392 2259 426 2314 ad
438 2260 610 2332 quodcunque
623 2276 695 2315 mens
709 2261 819 2331 appetit,
830 2260 910 2315 ineli·
960 2259 1043 2332 quius
1053 2268 1104 2327 est,
1115 2260 1198 2317 etiam
1209 2269 1271 2316 actu
1293 2259 1438 2326 servimus,
1454 2267 1482 2316 ct
1494 2267 1541 2315 aut
1552 2258 1687 2315 luxuriosi
1701 2257 1754 2314 ile-

113 2366 225 2417 namus,
239 2349 334 2420 asilus
344 2351 474 2421 perceptis
487 2351 527 2405 ita
540 2351 581 2406 uti
599 2352 704 2405 animus
716 2351 786 2406 sicut
798 2353 908 2407 terrenis
960 2366 1065 2418 nerem,
1078 2360 1126 2407 aut
1140 2350 1280 2408 furibundi
1292 2350 1417 2418 iiurtem,
1429 2359 1477 2407 aut
1487 2359 1584 2407 catera
1596 2331 1754 2421 hrijusmodi

114 2438 220 2493 diutile
239 2448 335 2508 potest.
362 2437 415 2494 Per
436 2449 552 2497 terrenae
567 2456 680 2511 sansana
696 2441 805 2496 diuitias
819 2441 869 2496 alii
881 2443 909 2497 in
959 2442 1089 2499 vitiorum
1100 2451 1225 2514 portenta
1240 2442 1333 2499 uitiosi
1346 2443 1474 2500 colimus.

114 2534 209 2606 gloriae
222 2518 399 2590 ostentatione
412 2535 578 2607 superbiunt,
592 2536 712 2609 alilesga
727 2539 909 2609 proximorum
994 2531 1078 2591 irus.
1099 2533 1145 2604 tto,
1157 2532 1203 2602 60,
1214 2533 1259 2590 61.
1271 2532 1380 2590 Audiuit
1392 2534 1520 2589 domiuus
1530 2533 1669 2606 etsptcoit.
1682 2531 1754 2590 Paos

116 2623 294 2694 ruminantium
316 2624 466 2679 ministeria
478 2626 589 2696 pietatis
608 2636 761 2696 operantur.
782 2627 849 2685 dum
863 2645 909 2699 per
959 2626 1109 2683 musarde
1122 2626 1228 2683 uitione
1247 2626 1275 2682 in
1294 2609 1365 2683 terra
1389 2625 1592 2698 promissionis,
1610 2623 1689 2696 quasi
1712 2624 1754 2680 rii·

114 2715 267 2769 doctrinam
281 2714 365 2785 igitur
375 2723 453 2785 atque
464 2715 628 2785 propltetiam
641 2716 700 2770 laus
715 2717 909 2789 celeriorque·
958 2724 1039 2774 catur
1051 2736 1058 2773 ε
1072 2717 1126 2789 ipsi
1140 2717 1466 2788 motooatctunt‘iieum.
1478 2716 1556 2785 Quod
1570 2716 1670 2772 audiuit
1684 2712 1754 2772 Deus

114 2806 198 2873 ritus,
212 2805 292 2876 guasi
313 2821 361 2878 per
378 2804 529 2875 corporales
541 2807 651 2863 tliaitias
674 2808 777 2863 culmen
799 2819 909 2866 terreae
958 2820 984 2868 et
998 2811 1095 2881 spreuit
1110 2808 1207 2877 lsrael,
1232 2819 1259 2866 et
1281 2808 1435 2880 spernendo
1456 2808 1492 2863 at
1520 2807 1632 2862 rtilrilutn
1655 2804 1755 2878 redegit

113 2894 433 2968 nortmannicarum
450 2897 649 2953 eerodoctrinn
670 2908 749 2971 atque
769 2901 908 2972 prophetia
958 2901 1036 2957 ualde
1049 2909 1194 2973 peccantes
1207 2900 1296 2956 vaide.
1322 2899 1383 2966 Quo
1415 2898 1606 2970 spernentem!
1640 2895 1755 2952 uilsilum

113 2988 255 3046 lucrarsdis
270 2990 409 3045 animatus
422 2987 577 3060 impeditur,
589 2992 668 3061 guasi
682 3000 796 3062 acceptae
805 2992 908 3048 diuitiae
958 2993 1062 3048 cedomi
1081 3000 1155 3059 sunt,
1167 2991 1215 3064 qui
1226 2991 1415 3061 coadjuvante
1425 2989 1535 3050 luerunt
1546 2988 1618 3063 quod
1633 2987 1753 3047 luerunt.

112 3081 203 3151 egenis
216 3078 347 3149 [ratribus
362 3078 527 3152 largiuntur.
544 3078 615 3148 Quia
629 3098 692 3154 erpa
713 3100 781 3154 serpe
793 3100 840 3155 per
849 3085 942 3181 lpsac
958 3082 1029 3142 Vere
1042 3083 1078 3139 ati
1088 3081 1200 3139 nihilum
1222 3083 1323 3138 redacti
1336 3089 1407 3138 sunt.
1428 3079 1496 3137 iiam
1523 3096 1573 3152 pro
1591 3078 1754 3143 idololatria,
1811 3103 1815 3108 »

113 3186 176 3244 puoe
194 3171 316 3242 percipit,
327 3173 455 3239 exsultat,
471 3190 582 3229 amaru
601 3174 690 3232 dantis
705 3176 828 3233 incautus
845 3180 908 3233 ani·
959 3191 1015 3252 qus
1027 3176 1323 3233 servieruntercaturae
1334 3173 1517 3245 potiusquam
1525 3170 1660 3238 Creatori,
1672 3170 1755 3226 etiam

114 3282 177 3323 taus
197 3265 322 3337 elongat,
343 3267 466 3338 vigilanti
486 3270 633 3338 provisione
656 3272 804 3326 eurarrdum
825 3282 863 3328 est
879 3283 909 3328 ut
959 3268 1117 3325 sacerdotes
1137 3267 1211 3324 iilius
1226 3265 1357 3339 temporis
1386 3263 1475 3336 Opimi
1488 3274 1515 3322 et
1542 3262 1659 3318 Phineas
1674 3274 1756 3317 arare

112 3356 191 3425 prius
204 3355 363 3427 subigantur
383 3343 464 3427 pitia,
489 3366 589 3431 etpost
609 3361 657 3416 sui
677 3362 910 3435 circumspectione
959 3354 1101 3417 abieritis
1122 3358 1254 3430 rapiendo
1278 3355 1477 3416 sacrificiorum
1503 3370 1601 3412 munes
1618 3353 1757 3411 crudaset

113 3448 189 3503 dona
200 3456 349 3504 uncantur.
361 3447 435 3504 Nam
444 3452 469 3505 si
480 3451 508 3506 in
517 3453 555 3506 eis
567 3468 639 3508 utens
651 3453 757 3509 incaute
767 3456 907 3523 sedeserit,
958 3450 1121 3508 dormiendo
1132 3465 1194 3507 cum
1209 3449 1372 3506 mulieribus
1392 3456 1455 3503 ante
1472 3445 1573 3503 ostium
1588 3443 1754 3501 tabernaculi

114 3556 171 3596 nou
181 3556 228 3612 per
238 3540 295 3596 luc
305 3540 340 3594 nti
353 3541 436 3596 eitam
454 3543 617 3612 propellitur,
641 3545 687 3599 sed
699 3546 777 3616 guasi
786 3563 834 3617 pro
849 3558 910 3603 ante
961 3541 989 3615 (Ι
999 3542 1063 3613 iieg.
1082 3557 1113 3611 n,
1128 3541 1199 3598 liet
1213 3541 1314 3612 scum),
1330 3538 1531 3596 talernaculum
1558 3538 1659 3610 ipsum,
1682 3536 1755 3606 qood

115 3633 186 3687 sctis
219 3633 354 3689 laboribus
378 3644 547 3691 remunerata
575 3636 740 3708 reprobatur.
765 3635 852 3704 ,ures
878 3640 909 3710 fit
959 3641 1020 3689 erat
1035 3631 1062 3687 in
1076 3627 1144 3697 sita,
1160 3629 1265 3701 repulit.
1279 3627 1685 3694 Tabernaculum,dico,·suum,
1701 3625 1756 3681 sliri

113 3727 240 3782 etiamst
253 3727 468 3798 acceptavimus,
484 3729 588 3784 damin
606 3745 656 3784 usu
676 3731 910 3787 tramitnriaetau-
961 3731 1041 3780 anna
1059 3721 1202 3791 dilectum,
1222 3720 1268 3776 cii
1291 3720 1432 3784 habitauit,
1459 3734 1513 3775 nou
1539 3718 1567 3773 in
1593 3716 1755 3790 parietibus,

115 3817 162 3872 tiis
173 3819 328 3887 assumitur,
340 3817 403 3889 quia
415 3819 480 3875 uitia
497 3818 607 3887 militat,
619 3821 704 3876 uirtus
716 3838 767 3877 non
778 3822 825 3878 ait.
840 3821 910 3889 Quia
961 3814 1008 3873 ted
1024 3816 1053 3870 in
1066 3814 1227 3870 taninitus.
1239 3810 1300 3869 N⁰¹¹
1313 3812 1386 3868 essim
1407 3810 1490 3878 ⁰0⁰⁸·
1504 3809 1553 3883 qui
1576 3810 1689 3881 ⁸1³1?iius
1701 3815 1754 3873 0⁵1·

115 3908 190 3966 euim
204 3908 279 3979 oripo
296 3910 401 3967 natatis
412 3910 552 3965 lumiliter
565 3920 616 3975 est,
628 3912 677 3965 illa
697 3912 911 3970 reinserantur
961 3907 990 3963 in
1005 3904 1170 3962 manufactis
1182 3903 1306 3960 aedidciis
1319 3902 1435 3967 inabitat,
1452 3899 1500 3957 sed
1513 3899 1541 3956 in
1555 3897 1699 3970 spiritibus
1708 3912 1754 3951 ra-

114 3998 246 4072 pullulat,
261 4017 320 4071 pua
333 4002 362 4056 in
383 4001 473 4058 radiae
494 4002 615 4074 propria,
636 4002 664 4057 iti
683 4012 723 4060 est
746 4004 909 4073 numilitate,
961 3995 1152 4064 tionsbiiilrus,
1177 3994 1250 4051 unde
1275 3994 1349 4061 ilios,
1363 3992 1411 4063 qui
1426 3991 1618 4047 adorantcum
1648 3993 1756 4059 oportet

114 4088 256 4160 perdurat.
277 4090 299 4143 d
316 4106 368 4162 qua
378 4090 505 4145 nimirum
520 4091 545 4148 si
558 4092 714 4157 absciditur,
731 4095 839 4161 arescit,
849 4096 912 4165 quia
962 4087 991 4144 in
1006 4086 1103 4157 spiritu
1117 4087 1243 4142 adorare.
1259 4083 1387 4140 Attamen
1402 4082 1574 4139 ratihabere
1598 4078 1756 4138 manufacta

115 4184 296 4254 uisitieantem
309 4201 336 4239 se
348 4184 376 4238 in
396 4185 496 4254 infimis
515 4185 650 4240 tumorem
662 4185 803 4242 annulatis
813 4189 910 4258 perdit.
962 4179 1021 4235 site
1038 4178 1138 4249 templa
1154 4178 1212 4234 siit
1222 4176 1407 4241 ”bersslculir
1429 4175 1457 4229 ΙΙΙ
1473 4173 1574 4245 quibus
1585 4173 1609 4229 ⁰1
1620 4171 1756 4229 Sillim?

115 4275 184 4332 lituo
197 4275 232 4332 de
246 4292 311 4331 arcu
324 4293 406 4347 prata
419 4283 448 4332 ct
458 4292 578 4348 perverso
592 4276 665 4333 beati
682 4276 807 4350 Gregorii
821 4280 912 4337 uerbis
962 4270 998 4326 ab
1009 4267 1177 4336 liminibus,
1197 4281 1314 4338 quorum
1335 4264 1468 4321 inhibita
1485 4274 1576 4319 menie
1602 4278 1650 4334 W
1674 4261 1756 4318 fldem

115 4366 253 4423 moralem
268 4381 380 4422 sensium
396 4364 557 4433 informent,
962 4379 997 4420 ex
1007 4359 1153 4429 dilectione
1164 4367 1334 4430 operantem.
1358 4355 1425 4424 Qum
1451 4355 1518 4412 tides
1532 4363 1615 4425 atque
1634 4354 1755 4423 dilectio,

153 4454 219 4512 iisse
228 4457 312 4512 enam
322 4457 376 4514 iliis
387 4465 449 4529 optc
457 4457 580 4530 adaptari
592 4463 772 4536 possunt,qui
785 4480 848 4520 aum
861 4464 916 4522 rim
931 4474 953 4529 p
967 4456 991 4511 si
1006 4453 1090 4511 luerit
1102 4452 1237 4508 exstincta
1249 4449 1277 4508 in
1304 4450 1463 4518 dominibus,
1475 4463 1573 4521 patum
1597 4456 1676 4504 curat
1699 4447 1757 4519 ipso

115 4549 289 4621 amagistris
302 4551 431 4610 isonisad
460 4553 560 4609 bonam
575 4553 715 4614 iniormati
729 4559 911 4617 eruditionem
963 4550 998 4607 de
1023 4547 1187 4620 wilelmum
1211 4545 1363 4620 perietibus
1377 4541 1757 4615 quanissmlibiislliiffiiiei

118 4643 267 4714 utriusque
281 4642 461 4709 Testamenti,
471 4659 504 4701 ea
518 4644 614 4717 peritia
628 4647 772 4722 „rapturos
796 4667 863 4709 5110,
874 4652 914 4708 gg.
962 4639 1100 4713 pretiosis.
1117 4637 1164 4694 Sic
1174 4637 1326 4706 haeredcos,
1337 4637 1422 4709 quise
1432 4633 1642 4705 abrumpuntab
1652 4631 1757 4688 unitate

115 4734 205 4801 ritant,
220 4749 276 4806 qna
290 4735 365 4807 ipsos
388 4736 518 4809 adiutare
533 4736 696 4808 debuerunt,
720 4741 824 4799 siuriles
839 4742 914 4799 uide·
963 4730 1102 4797 Eccletiaes
1117 4730 1164 4801 qui
1179 4737 1308 4785 ss⁰ii¹¹i¹¹i
1324 4742 1373 4799 W
1387 4724 1455 4794 ⁸⁵³⁰,
1470 4724 1543 4797 (1¹¹⁰d
1563 4724 1757 4795 init'llifeiiiffl'

115 4826 184 4883 licat
195 4829 401 4896 peraermarsui
416 4845 447 4885 se
472 4828 657 4886 intendentem
680 4830 797 4889 lerienti.
822 4831 915 4890 ilisto-
964 4825 1097 4898 abruptio,
1117 4822 1229 4891 desern,
1243 4835 1362 4894 quorum
1388 4833 1502 4891 corpora
1515 4827 1543 4875 et
1556 4828 1663 4876 metues
1680 4817 1757 4889 prius

116 4919 224 4977 sialiter
237 4935 302 4976 tero
316 4921 393 4976 arcui
404 4936 486 4993 praua
512 4922 663 4979 assimilata
674 4933 717 4982 est
730 4940 857 4997 perversa
872 4927 915 4981 in·
963 4933 1013 4990 per
1023 4916 1105 4974 fldem
1118 4913 1328 4971 inhibiiiimi·

116 5012 207 5067 tentio
221 5011 343 5079 illorum,
356 5013 404 5086 qui
423 5030 551 5086 peruerse
576 5025 670 5071 eontra
683 5015 769 5073 Deum
782 5016 913 5074 sartorem
1000 5009 1162 5067 &cordatos
1174 5020 1285 5077 quoquo
1308 5015 1408 5060 aratos
1422 5010 1450 5059 et
1468 5000 1635 5073 impudicos,
1661 4999 1757 5070 quales

118 5119 203 5159 suum
224 5103 411 5175 erigebantur,
430 5106 590 5177 cultumque
615 5106 654 5161 ilii
677 5106 800 5163 debitunt
823 5108 915 5164 detor·
964 5111 1043 5159 erant
1057 5100 1187 5171 Ophniet
1211 5097 1339 5166 Phineas,
1361 5095 1474 5152 omnino
1488 5094 1602 5166 spernit,
1625 5100 1651 5147 et
1664 5092 1686 5147 si
1702 5104 1757 5146 non

117 5203 219 5250 rerum
232 5195 266 5250 ad
283 5194 440 5252 simulacra.
466 5195 545 5254 Unde
559 5198 600 5253 sic
616 5197 697 5253 habet
723 5196 854 5255 debraico
869 5215 915 5255 tc·
965 5192 1056 5266 gladio
1066 5190 1201 5247 materiali
1221 5199 1252 5247 iti
1266 5189 1337 5257 illos,
1359 5189 1386 5245 id
1399 5197 1442 5244 8³¹
1457 5187 1528 5243 ssli⁰⁵
1551 5183 1621 5250 ΗθΙὶ,
1636 5189 1757 5267 attamen

57 5279 58 5286 '
119 5285 191 5342 titas
208 5285 369 5342 :incarnati
385 5289 534 5360 suntquasi
547 5304 626 5344 arcus
648 5289 764 5357 inutilis,
775 5299 800 5345 et
821 5306 916 5362 prora·
943 5284 1056 5358 'giadio
1080 5281 1156 5338 verbi
1189 5280 1355 5338 occidendos
1378 5277 1500 5350 exponit,
1515 5283 1575 5332 eta
1598 5280 1758 5330 satiatorum

117 5388 248 5434 esserunt
262 5395 323 5434 eum
336 5379 364 5434 in
378 5379 488 5435 exectus
507 5380 564 5435 suis
586 5387 612 5434 et
639 5379 846 5452 insculptililrus
859 5381 915 5435 suis
965 5373 1105 5433 consortio
1118 5371 1232 5441 repellit,
1249 5368 1480 5442 quemadmodum
1493 5376 1522 5422 et
1536 5367 1598 5422 iilos
1618 5362 1717 5434 repulit
1729 5363 1758 5418 itt
1792 5433 1808 5457 ‘A

118 5460 157 5515 aa
166 5460 349 5516 emulantium
358 5477 418 5516 eum
431 5463 637 5517 eondtaaerunt.
663 5460 735 5518 idem
762 5477 860 5519 sensus
873 5471 917 5518 est
965 5484 999 5525 eo
1025 5465 1094 5537 guad
1107 5463 1218 5519 tradidit
1232 5463 1259 5516 iu
1282 5460 1462 5531 captiuitatem
1481 5459 1603 5514 uirtutem
1629 5470 1720 5511 earum
1732 5462 1759 5510 et

117 5553 149 5610 5¹¹
166 5567 213 5620 0⁰2
224 5553 297 5624 auno
317 5553 404 5610 nostri
424 5552 525 5610 hahent
539 5553 647 5611 codices
663 5571 671 5611 :
966 5557 1188 5631 pulchritudinem
1200 5570 1289 5611 eorttm
1306 5552 1334 5608 in
1348 5567 1442 5608 manus
1457 5549 1568 5607 inimici.
1589 5546 1719 5604 Virtutem
1732 5554 1759 5600 et

160 5729 217 5795 tuot
231 5729 292 5788 tto.
309 5749 382 5792 turn
397 5731 494 5790 ilorci.
509 5749 568 5803 cap.
586 5734 629 5789 ii.
