3892 6067
142 276 195 334 loe
436 272 716 333 coltlllitllnltltitl
735 276 768 331 ln
787 277 956 333 PSAfflOS.
975 307 1011 317 —
1028 276 1118 332 litus
1141 276 1206 331 l'ttt.
1224 307 1259 316 -
1278 275 1374 330 l‘srtt.
1396 274 1525 331 bittit.
1720 279 1779 334 titt

142 390 189 445 brt
210 389 319 444 occulta
339 387 542 460 {equitumquia
557 389 932 465 iniquosdrlnyptiosobne·
948 391 1077 460 Apulum
1103 405 1193 458 suum,
1217 401 1242 445 et
1259 390 1381 461 perducit
1406 407 1449 444 eos
1474 401 1599 461 tarrqrroru
1624 407 1724 462 yreqrru
1745 392 1774 444 in

140 482 257 552 quillam
273 479 516 536 soliusnoiuntatis
527 482 625 552 punire
636 481 779 554 potuisset,
792 482 815 538 si
830 481 933 537 noluis-
985 483 1098 538 deserto.
1482 549 1487 557 ‚

139 584 193 630 set.
209 571 262 626 (lui
284 572 387 626 semite
404 571 482 642 prius
504 582 639 644 anguste),
658 582 766 644 atqnea
781 573 876 643 paucis
890 574 930 626 in·
1020 571 1104 630 Vens.
1117 573 1163 641 53,
1176 572 1221 628 sl.
1236 571 1484 628 Etdodusiteorin
1498 589 1553 643 spo,
1567 580 1655 628 utnon
1675 573 1771 629 timare-
1869 569 1872 574 ’

139 663 302 735 telligendar,
317 664 378 734 serit
391 665 460 718 oionr
475 665 585 734 planam
598 673 627 720 et
644 665 725 720 latam
743 665 811 721 satis
822 665 933 735 conspi-
984 672 1058 732 runt,
1070 674 1096 720 et
1112 665 1234 720 inimicos
1243 680 1334 719 eornm
1347 664 1449 734 operuit
1461 680 1542 718 ruore.
1558 662 1592 718 Et
1606 664 1715 719 deduxit
1728 679 1770 718 eos

138 772 232 822 cuam,
248 753 313 810 dum
331 756 457 826 permisit
479 770 529 811 eos
549 755 648 813 cadere
664 756 692 811 in
708 766 801 826 aperta
815 756 931 820 scelera,
984 756 1013 810 in
1027 764 1142 810 montem
1155 754 1378 824 sanctificationis
1396 768 1461 822 sne,
1477 761 1602 818 merrtem,
1626 769 1702 824 quern
1723 770 1770 807 oc·

139 856 170 903 ut
191 858 286 918 aperta
312 863 422 919 quoque
445 849 522 904 lieret
534 848 672 920 punientis
684 848 805 914 justitia,
820 863 874 919 qua
886 848 930 903 di·
983 845 1091 918 quisioit
1102 845 1211 899 dexteru
1226 843 1295 912 ojus.
1307 840 1343 914 Et
1355 842 1431 912 ey'eoit
1449 859 1465 896 o
1480 843 1550 912 lucie
1560 858 1649 897 eornrn
1672 851 1769 913 pentes,

138 949 243 1007 stante,
262 939 334 996 sicut
348 939 400 1011 ipsi
412 955 467 996 non
480 947 662 1012 pepercerunt
674 938 850 997 Hebraeorum
865 955 932 1010 pne·
983 944 1008 991 et
1026 944 1097 991 sorte
1109 935 1199 990 diuisit
1217 934 1255 989 eis
1275 941 1372 988 terrum
1387 934 1414 988 iu
1431 931 1550 1003 turricula
1563 931 1770 990 distributionis.

137 1033 190 1098 ris,
203 1047 275 1102 quos
288 1032 316 1087 in
331 1031 621 1103 llumineoeciderunt,
634 1032 671 1091 ita
683 1032 931 1105 ipsejustusludex
984 1027 1118 1086 ilistorica
1131 1025 1254 1084 narratio
1268 1035 1353 1098 patet,
1379 1041 1429 1082 nec
1443 1026 1530 1081 multa
1541 1025 1713 1096 expositione
1726 1026 1768 1080 iu·

137 1137 191 1174 non
213 1121 450 1191 pepercitomorte
461 1122 601 1180 oninroirrs
612 1140 714 1189 eorem,
730 1139 791 1194 qnae
802 1123 876 1193 prior
890 1130 933 1178 est
984 1121 1067 1192 diget,
1094 1120 1122 1175 in
1136 1134 1190 1191 qua
1214 1118 1278 1175 licet
1300 1117 1444 1189 magnilica
1469 1126 1615 1173 narrentur
1638 1116 1770 1172 miracula

137 1218 230 1265 morte
243 1210 380 1281 eorporis.
405 1208 475 1267 Nam
504 1211 606 1283 duplici
631 1211 797 1270 contritione
819 1212 933 1268 contriti
983 1214 1042 1282 liei,
1061 1214 1191 1285 populum
1213 1229 1294 1271 sunm
1321 1213 1474 1281 liberantis,
1491 1222 1520 1268 et
1540 1213 1682 1268 interram
1708 1228 1771 1283 pro-

138 1308 215 1367 sunt,
226 1300 292 1357 dotn
309 1316 363 1357 uon
379 1302 468 1359 solnm
483 1317 599 1374 corpora
614 1318 710 1360 eorum
722 1305 855 1376 grandine
868 1318 932 1359 ras·
984 1306 1125 1364 missionis
1148 1306 1358 1372 introducentis,
1374 1306 1420 1361 ubi
1443 1322 1505 1361 eum
1521 1306 1598 1377 prius
1611 1315 1704 1362 essent
1720 1321 1771 1360 nu-

137 1402 214 1449 tante
225 1402 253 1449 et
265 1392 362 1464 angelo
374 1393 543 1466 percutiente
564 1411 598 1452 ae
620 1396 730 1452 tandem
753 1394 848 1452 Rubro
861 1395 931 1450 mari
983 1413 1059 1455 mero
1071 1397 1344 1470 paucissimi,ey'ectis
1353 1397 1517 1454 adversariis
1528 1398 1606 1453 valde
1620 1408 1686 1454 suut
1698 1398 1770 1454 mul·

135 1484 351 1541 eostovolvente
365 1485 607 1554 interierunt,sed,
622 1487 695 1559 quod
711 1486 790 1557 pejus
804 1486 931 1553 illislnlt,
983 1490 1111 1562 tiplicati,
1122 1499 1150 1546 et
1164 1489 1195 1545 in
1216 1504 1329 1561 regnunt
1351 1488 1456 1545 ‹lilmati
1473 1497 1616 1545 :attamen
1639 1488 1697 1545 brec
1717 1504 1769 1544 au-

135 1580 221 1635 etiam
232 1577 332 1634 animae
342 1578 451 1634 illorum
469 1577 537 1647 nita,
551 1594 613 1649 quae
622 1577 696 1635 Dens
708 1587 760 1646 est,
774 1579 886 1650 privatae
898 1594 931 1635 ac
981 1582 1088 1639 dientes
1102 1581 1199 1638 mundi
1220 1582 1303 1651 liujus
1316 1581 1453 1652 principes
1468 1580 1579 1653 regibus
1591 1580 1769 1636 Hebraeorum
1814 1567 1820 1574 ⁴

135 1670 254 1748 proinde
276 1680 391 1726 mortuae
404 1671 432 1726 in
448 1669 586 1728 inlernum
601 1672 720 1728 detrusae
743 1680 809 1728 sunt
833 1672 931 1727 absor-
981 1674 1160 1746 potentiores,
1176 1674 1294 1730 maxime
1308 1673 1426 1729 Romani
1448 1673 1624 1730 dominantes
1645 1671 1705 1729 orbi
1720 1686 1769 1728 us-

135 1763 219 1824 bente
239 1762 301 1819 illas
316 1762 416 1836 abysso
431 1762 571 1820 ¹infernali
588 1763 660 1820 sieut
679 1764 795 1836 abyssus
823 1764 931 1834 operuit
945 1741 967 1797 Β
981 1782 1036 1838 que
1050 1766 1130 1834 adeo,
1157 1778 1188 1821 ut
1200 1775 1322 1837 tempore
1343 1764 1402 1830 illo,
1416 1780 1472 1836 quo
1487 1772 1624 1821 natusest
1641 1763 1701 1820 lior
1721 1760 1770 1821 Ja-

135 1868 255 1925 eorpora
271 1869 368 1909 eornm
388 1853 581 1911 descendentia
603 1852 632 1911 in
657 1853 826 1927 prolundnm
849 1855 930 1926 quasi
980 1856 1102 1912 deorum
1131 1853 1270 1922 Christus,
1296 1854 1464 1910 adeersum
1486 1854 1770 1924 illispersotuenrlurn

135 1946 209 2019 lapis
221 1955 249 2003 et
261 1947 341 2018 quasi
363 1945 505 2017 plumbum
519 1945 547 2003 iu
563 1946 643 2019 aquis
658 1948 874 2005 vehementibus.
887 1946 931 2003 ln·
981 1947 1184 2004 describeretur
1203 1946 1367 2003 universalis
1382 1946 1469 2013 orbis,
1483 1945 1536 2002 nisi
1549 1946 1657 2017 majora
1672 1946 1771 2002 intelli·

135 2040 267 2097 duratum
291 2038 393 2110 quippe
415 2046 498 2110 atquc
512 2038 684 2111 ingravatam
704 2055 754 2097 cor
778 2039 939 2099 Pharaonis·
980 2049 1091 2112 paritur,
1115 2049 1143 2096 et
1156 2039 1333 2111 intelligenda
1360 2046 1560 2104 monstrentur,
1584 2051 1667 2109 qnam
1691 2049 1770 2095 sonet

135 2131 238 2187 merito
250 2129 334 2201 lapidi
347 2130 501 2200 aeplumbo
513 2140 697 2203 comparatur,
708 2148 770 2188 cnm
783 2147 838 2204 quo
853 2148 931 2191 exer·
980 2130 1069 2187 littera
1089 2131 1237 2189 nominans
1263 2141 1376 2187 montem
1401 2130 1635 2201 rorrctiyicotionir,
1661 2129 1689 2186 in
1714 2146 1770 2201 qno
1868 2135 1872 2140 ’

134 2223 210 2281 citus
221 2220 309 2292 ipsius
322 2221 422 2277 duritie
430 2229 633 2278 consentaneus
649 2223 746 2280 merito
761 2224 788 2280 in
799 2225 929 2299 abyssum
981 2223 1112 2295 templum
1128 2239 1144 2279 a
1159 2222 1307 2281 Salomone
1324 2221 1467 2278 inundatum
1490 2230 1542 2289 est,
1566 2233 1681 2278 nrontern
1693 2238 1769 2292 quern

134 2315 280 2387 projectus
292 2313 449 2382 damnatur,
465 2314 492 2370 in
510 2315 665 2386 exemplum
681 2317 805 2374 videlicet
821 2333 929 2387 eorum,
981 2316 1120 2387 ocqnirioit
1137 2316 1247 2371 dexteru
1260 2316 1318 2386 ey'ns
1330 2323 1358 2371 et
1369 2323 1468 2372 caetera
1486 2314 1639 2373 litteraliter
1652 2314 1770 2386 promis-

134 2401 261 2478 quicum
273 2403 669 2462 similesillisinveuianturrn
681 2406 761 2478 culpe
774 2406 821 2463 liei
835 2424 930 2467 servos
981 2421 1022 2474 sa,
1033 2405 1148 2463 irridere
1160 2415 1297 2477 poterant,
1313 2420 1363 2477 per
1377 2405 1535 2477 hujusmodi
1550 2405 1631 2477 Regis
1642 2403 1769 2460 altissimi

134 2492 256 2556 odienuo
268 2502 296 2551 et
308 2495 507 2567 persequendo,
520 2493 624 2552 slmiles
645 2510 756 2567 qnoque
779 2497 930 2555 illiserunt
979 2497 1129 2570 potentiam
1149 2498 1301 2570 praedicuri,
1326 2514 1391 2555 cum
1404 2512 1434 2555 se
1453 2497 1555 2555 scirent
1575 2496 1672 2552 latiora
1687 2511 1770 2552 occu·

135 2589 167 2646 in
182 2603 274 2659 prena,
286 2585 342 2644 lieo
353 2604 407 2644 non
419 2595 671 2660 parcente,umorts
679 2589 928 2660 onimoluseorunr,
979 2604 1062 2661 passe
1074 2604 1168 2658 renna,
1181 2604 1265 2661 quam
1287 2589 1370 2646 luerit
1382 2603 1498 2661 regnum
1514 2587 1683 2656 ludaeorum,
1695 2589 1769 2660 qnod

135 2678 211 2735 sicut
232 2679 259 2734 in
284 2677 403 2752 AEqypto
423 2681 482 2734 nori
502 2677 623 2749 pepercit
636 2692 652 2733 a
665 2687 753 2735 morte
774 2680 929 2738 animarum
979 2680 1075 2746 etiam,
1087 2688 1224 2738 utwtera
1237 2694 1319 2751 regna
1336 2680 1478 2737 redactum
1490 2679 1543 2735 luit
1555 2665 1590 2760 ¹i'n
1606 2689 1768 2751 potestatem

134 2785 247 2835 eormn,
260 2784 380 2841 qnorum
391 2778 417 2824 et
424 2768 546 2839 y'urncntu
567 2769 595 2824 in
609 2778 692 2824 nrorte
701 2768 840 2827 conclusit.
980 2770 1178 2829 Romanorum.
1197 2772 1249 2827 Sed
1261 2787 1325 2828 ecce
1339 2773 1401 2842 plus
1413 2788 1495 2844 qnam
1518 2771 1647 2829 Salomon
1659 2774 1704 2852 bic
1714 2782 1766 2837 est,

173 2857 257 2916 Vens.
277 2860 322 2917 51.
336 2857 370 2914 br
379 2859 508 2930 percussit
519 2874 594 2914 omne
603 2858 807 2930 primoqenitunt
819 2859 846 2917 in
860 2870 929 2915 torro
980 2864 1027 2934 qui
1041 2863 1075 2918 de
1084 2862 1153 2918 vivis
1163 2870 1190 2917 et
1199 2863 1292 2917 electis
1303 2863 1440 2933 lapidibus
1454 2864 1569 2919 edificat
1579 2863 1630 2919 sibi
1644 2861 1767 2931 rinmunt,

134 2950 261 3024 AEqppti,
271 2952 306 3008 de
319 2966 436 3022 quornm
450 2950 628 3023 percussione
647 2949 705 3020 iam
722 2965 805 3022 supra
825 2951 928 3009 dictum
981 2961 1105 3010 sanctam
1118 2952 1223 3009 seilicet
1239 2951 1388 3008 Ecclesiam
1401 2969 1483 3024 super
1497 2969 1526 3011 se
1539 2964 1653 3009 montem
1671 2955 1769 3009 soncti-

133 3051 191 3099 est.
202 3042 496 3114 Percussitvprirnitius
519 3043 604 3102 onrnis
623 3043 721 3099 loboris
741 3060 842 3110 eorum,
858 3058 963 3130 prae-(3
980 3047 1115 3117 yicotionis
1129 3044 1284 3110 fundatam,
1298 3046 1345 3116 qui
1360 3054 1387 3101 et
1402 3045 1469 3102 dicit
1485 3065 1492 3101 :
1512 3066 1521 3098 ι
1537 3045 1624 3118 Super
1635 3045 1707 3102 banc
1718 3061 1768 3117 pe·

134 3136 220 3207 cipua
234 3135 357 3198 videlicet
369 3134 509 3196 tractuum
522 3143 612 3204 terrac,
627 3135 700 3193 sicut
713 3134 740 3190 in
756 3133 850 3192 Exodo
861 3134 928 3207 legi·
981 3149 1050 3195 tram
1061 3128 1201 3208 aedilicabo
1216 3136 1368 3195 Ecclesiam
1384 3152 1473 3194 meam
1485 3136 1596 3207 (llutdu
1612 3154 1668 3203 rur,
1683 3136 1739 3206 lli).
1755 3156 1764 3188 ι

135 3236 194 3294 tur,
208 3226 272 3298 quia
283 3226 365 3299 primi
385 3227 492 3285 lructas
507 3242 523 3283 a
538 3227 673 3299 grandine
684 3227 785 3284 uastati
796 3238 872 3295 surrt,
884 3242 929 3284 se·
979 3229 1059 3287 Petra
1073 3230 1132 3286 baec
1146 3247 1155 3281 ι
1172 3228 1242 3299 lapis
1255 3233 1298 3284 cst
1318 3228 1459 3285 abscissus
1478 3228 1512 3284 de
1527 3237 1620 3285 monite
1635 3227 1694 3286 slne
1708 3243 1768 3283 rna-

134 3317 222 3381 votini
233 3328 324 3375 ιιιιιιιιι
334 3334 389 3376 nnn
400 3320 530 3379 suntlaesi
539 3319 655 3377 autlaedi
667 3328 827 3392 putuerunt,
842 3339 852 3371 r
863 3320 929 3391 quia
979 3322 1061 3378 nibus
1070 3320 1153 3391 (bon.
1164 3318 1277 3391 n,3l),r
1289 3319 1335 3391 qni
1350 3329 1376 3376 et
1387 3319 1504 3377 cretitin
1514 3328 1627 3374 montena
1638 3334 1770 3390 magnum

135 3410 252 3472 seweni
266 3418 345 3469 erant
356 3410 456 3484 (buu.
476 3426 515 3479 rx,
526 3410 601 3483 bip»
616 3409 668 3467 Cui
684 3410 775 3468 simile
787 3421 840 3478 est,
853 3410 928 3482 quod
979 3412 1072 3486 regnis
1086 3411 1277 3483 mandibulas
1294 3411 1431 3476 curratis,
1460 3411 1516 3468 imo
1535 3410 1662 3476 contritis
1687 3410 1769 3483 insta

136 3512 251 3582 peecata
263 3502 444 3579 qurrrumdam
457 3503 639 3574 precedentis
658 3503 850 3575 adjudicium,
863 3504 928 3576 quie
979 3507 1113 3564 visionem
1131 3504 1263 3574 Danielis,
1281 3505 1346 3577 qnia
1356 3518 1409 3562 nec
1419 3519 1534 3560 aureum
1546 3502 1705 3576 Babylonis,
1715 3517 1768 3558 nee

136 3596 284 3660 manilesta
307 3604 383 3665 sunt,
405 3593 552 3652 manilcsto
573 3610 684 3668 quoque
704 3595 809 3667 judicio
827 3595 853 3651 in
878 3596 929 3651 irae
978 3607 1137 3672 argenteum
1163 3595 1320 3665 Persarum,
1343 3609 1513 3652 neceeneunr
1530 3594 1700 3662 Gracorum,
1716 3608 1767 3649 nec

135 3695 195 3750 vita
207 3691 359 3763 puniuntur
372 3698 397 3746 et
414 3688 494 3761 quasi
507 3688 709 3761 grandinantur
722 3688 800 3745 coelis
810 3689 929 3761 desurper
980 3690 1099 3747 lcrrcum
1115 3689 1304 3747 Romanorum
1317 3703 1432 3758 regnum
1453 3679 1609 3759 praepedire'
1619 3688 1708 3759 potnit
1719 3697 1777 3746 aut.

136 3781 310 3847 tonantibus,
321 3777 531 3836 eoruscantibus
543 3786 570 3833 et
583 3776 839 3846 fulminantibus,et
849 3777 929 3850 qnasi
979 3781 1090 3857 poterit,
1100 3781 1166 3852 quin
1181 3789 1276 3853 regnet
1299 3779 1357 3836 liet
1368 3794 1464 3853 requm
1487 3787 1514 3836 et
1529 3777 1662 3835 Dominus
1676 3779 1779 3866 ‹lonni-¹

136 3874 244 3948 lapides
258 3871 399 3944 gmrrdinis
409 3869 543 3926 mittendo
555 3871 721 3925 sententiam
731 3869 928 3938 damnationis,
979 3873 1116 3930 nuntium.
1132 3870 1283 3945 llegnando
1307 3870 1409 3942 qnippe
1429 3884 1462 3926 ac
1474 3869 1641 3927 dominando
1656 3870 1776 3930 obstulit.

138 3966 272 4028 utereturi
297 3965 424 4020 timorem
448 3961 569 4016 babeant
584 3974 591 4012 z
608 3974 726 4031 qnorum
740 3973 806 4014 vero
819 3967 928 4029 peccata
979 3966 1048 4022 siout
1070 3979 1128 4019 oues
1145 3961 1271 4034 populum
1296 3976 1384 4029 snum,
1400 3959 1448 4030 qui
1473 3975 1538 4016 enm
1551 3962 1728 4031 exspectabat
1739 3960 1766 4014 in

137 4060 356 4129 subsequuntur,
370 4062 398 4110 et
412 4053 492 4109 reluti
512 4051 633 4110 serotina
648 4058 724 4117 suttt,
738 4050 869 4121 quoniam
882 4065 929 4106 oc·
980 4056 1101 4114 tencbris
1119 4053 1300 4127 AEgyptiaeis,
1317 4054 1374 4110 iuro
1389 4051 1570 4110 inlernalibus
1584 4053 1691 4109 deuicto
1712 4053 1774 4107 illic·

137 4150 211 4207 culte
226 4151 306 4215 dunt,
317 4147 445 4202 bumana
459 4145 603 4203 sententiae
624 4158 681 4200 non
693 4142 831 4199 leniuntur
845 4158 929 4215 gran·
979 4147 1123 4205 Plraraone
1143 4144 1286 4210 invisibili,
1302 4153 1328 4199 et
1342 4143 1479 4200 sullocato.
1489 4160 1538 4215 per
1552 4159 1633 4197 suum
1655 4143 1768 4212 sangui·

136 4242 213 4309 dine,
225 4242 273 4297 sed
292 4248 357 4297 sunt
366 4240 394 4296 in
411 4239 602 4315 AEgyptiorum
614 4245 735 4311 pastum,
749 4235 930 4307 quoadusque
980 4253 1041 4296 nem
1057 4252 1119 4293 cum
1133 4250 1205 4306 aqua
1219 4236 1253 4292 de
1265 4235 1351 4289 latere
1362 4233 1449 4304 ipsius
1463 4229 1769 4303 egredientemntuu-

137 4333 232 4391 seruiat
243 4347 326 4405 super
336 4348 386 4390 eos
409 4333 525 4408 abyssus
547 4331 714 4402 iudiciorum
728 4328 786 4398 lici,
799 4330 845 4386 eui
859 4330 929 4388 alias
980 4331 1012 4387 lit
1026 4343 1137 4402 quoqne
1159 4327 1222 4383 illos
1242 4325 1276 4382 de
1290 4340 1337 4381 ore
1351 4324 1439 4381 leonis
1460 4324 1526 4378 sient
1544 4338 1602 4376 orer
1623 4321 1767 4381 lricmann

138 4427 260 4484 dieitur:
274 4444 285 4478 ι
298 4423 405 4481 iudicia
429 4434 476 4480 tna
499 4424 617 4497 abyssus
641 4424 727 4479 multa
741 4422 829 4494 (Psoi.
843 4403 927 4491 xxxv,
944 4410 1061 4477 Diouis
1076 4418 1175 4487 David,
1189 4418 1237 4489 qni
1255 4418 1362 4473 leonem
1382 4416 1473 4487 ipsum
1494 4412 1683 4480 interiectum
1708 4427 1767 4484 prr·
1806 4467 1811 4475 ,

140 4519 196 4588 ips
228 4516 418 4575 'tabernacula
449 4515 641 4589 AEpyptiorum
665 4517 733 4573 dicit
757 4516 930 4578 tabernaculo
979 4511 1360 4582 duritemtonquonrqreyem
1377 4507 1578 4568 laciensunnm
1597 4503 1768 4562 ouilededi·

140 4609 239 4678 Cium,
260 4618 405 4681 propterea
435 4608 508 4681 quod
531 4606 652 4680 AEgyptii
675 4606 875 4664 descenderant
896 4608 930 4664 de
979 4604 1067 4661 versis
1087 4604 1186 4662 onibus
1201 4602 1359 4669 associatis,
1379 4600 1512 4656 videlicet.
1526 4597 1653 4669 gentibus
1675 4609 1702 4652 et
1719 4595 1768 4651 Ju-

139 4701 225 4772 stirpe
232 4697 381 4770 Cium,qui
393 4713 455 4756 cum
469 4699 497 4753 in
506 4713 556 4754 sua
569 4699 679 4770 propria
690 4713 807 4769 persona
821 4698 929 4769 luisset,
979 4697 1046 4755 daris
1061 4696 1090 4752 in
1112 4696 1202 4768 ipsum
1218 4693 1406 4759 credentibus,
1417 4705 1488 4762 quos
1500 4690 1558 4760 ipse
1570 4689 1660 4759 bonus
1674 4696 1768 4759 pastor

140 4792 210 4850 iiber
223 4807 302 4864 aeqne
313 4800 346 4848 ut
356 4788 432 4858 Sem,
447 4791 481 4847 de
494 4805 550 4862 quo
570 4788 676 4845 Hebraei
693 4797 758 4846 sunt
771 4790 834 4853 orti,
850 4790 930 4859 errius
979 4787 1104 4859 perducit
1119 4796 1244 4858 tunquam
1269 4798 1372 4854 yreqern
1394 4782 1423 4836 in
1444 4780 1549 4837 deserto
1561 4778 1654 4837 secui
1673 4778 1767 4851 buius,

139 4884 223 4940 etiam
241 4874 354 4941 seruitio
376 4883 502 4940 addictus
526 4891 568 4938 est
582 4880 715 4938 Cbanaan
738 4880 823 4946 lllins,
846 4878 930 4935 Clam
980 4880 1026 4936 nbi
1038 4894 1087 4936 eos
1101 4893 1170 4950 pane
1184 4877 1343 4949 augelorum
1355 4872 1452 4945 pascit.

140 4983 219 5046 patre
228 4972 287 5030 Noe
299 4973 488 5041 maledicente,
499 4972 556 5045 jam
570 4986 644 5029 nunc
658 4971 795 5028 servilitas
807 4970 869 5043 ejus
880 4987 931 5026 no·
1015 4970 1049 5026 Et
1059 4984 1159 5041 magna·
1168 4967 1226 5040 jann
1237 4983 1271 5023 ex
1282 4975 1359 5038 parte
1373 4964 1608 5031 submittentem,
1620 4980 1665 5035 roe
1676 4972 1768 5019 autern

142 5077 228 5133 tatur,
238 5080 302 5121 cum
313 5066 341 5120 in
352 5058 826 5120 tabernuculistilromnarralurlaota
834 5061 930 5133 primi·

142 5160 243 5213 t'arum
256 5157 373 5213 uastatio
386 5172 435 5228 pro
448 5154 591 5212 liberando
614 5153 791 5209 llebraeorum
818 5154 929 5226 populo,

141 5251 171 5305 in
185 5258 263 5321 patre
275 5264 328 5306 suo
345 5250 409 5306 Sem
427 5247 582 5313 benedicto,
597 5254 625 5302 et
646 5245 712 5302 item
737 5247 765 5306 in
780 5245 930 5315 toruum,

142 5339 220 5397 isaac
233 5351 261 5399 et
271 5340 358 5399 laceb
373 5338 746 5405 bencdictiorubasadaueto.

180 5431 265 5492 Vens.
292 5434 337 5492 52
353 5432 388 5498 m
403 5431 513 5488 obstulit
526 5432 599 5496 sicut
616 5445 673 5490 oret
692 5428 818 5501 populum
842 5445 932 5486 sunm.

142 5520 354 5588 Presserunt,
375 5523 404 5579 in
415 5536 469 5593 qua
488 5530 551 5593 post
570 5520 859 5584 commemorationem
874 5518 932 5587 pla·

142 5632 241 5688 garum
254 5631 336 5687 snper
349 5615 490 5688 AEgyptios
504 5613 652 5670 missarum
666 5621 794 5667 narratur
806 5609 932 5666 llebrrcn·

144 5724 207 5769 ttttn
220 5707 355 5776 liberatio,
371 5707 417 5763 tali
436 5707 538 5763 modo:
556 5704 714 5776 brutarum
733 5706 801 5761 sicut
812 5720 869 5758 oues
885 5719 931 5773 po-

980 5076 1077 5117 omnes
1087 5061 1115 5114 in
1131 5070 1244 5120 montem
1254 5059 1476 5129 sanctificationis
1491 5074 1556 5126 suoe,
1571 5056 1598 5112 ἰιι
1612 5072 1667 5128 qun
1686 5057 1769 5111 latro·

982 5151 1237 5224 rtempoenitetttem
1260 5151 1339 5224 quasi
1355 5168 1433 5209 nvem
1455 5152 1489 5208 de
1513 5166 1561 5208 ore
1576 5148 1632 5218 lupi
1645 5155 1770 5217 ereptant

981 5243 1070 5314 primo
1083 5243 1175 5315 posuit
1193 5243 1303 5301 socians
1318 5245 1394 5300 illurn
1418 5241 1566 5313 nonaginta
1584 5253 1682 5294 novem
1710 5238 1771 5294 nri·

981 5334 1043 5402 bus,
1059 5334 1151 5399 idest,
1174 5335 1268 5391 eboris
1289 5335 1419 5406 angelicis
1441 5336 1469 5389 in
1486 5333 1529 5389 dio
1544 5347 1601 5388 suae
1621 5329 1768 5402 passionis;

981 5441 1034 5498 qua
1047 5425 1183 5482 exaltatus
1195 5425 1253 5495 ipse
1265 5440 1281 5480 a
1295 5432 1365 5479 terra
1381 5424 1473 5478 omnia
1484 5422 1631 5482 suatralnt
1644 5420 1678 5476 ad
1695 5437 1724 5476 se
1741 5420 1768 5474 in

982 5528 1106 5581 monent,
1120 5531 1196 5587 quern
1210 5515 1348 5586 oequisioit
1368 5513 1476 5568 desiero
1493 5513 1560 5584 rjus.
1577 5511 1679 5584 Nempe
1701 5511 1770 5566 ala-

983 5618 1040 5668 terc
1053 5609 1150 5667 dextro
1175 5607 1267 5665 emisit
1279 5621 1441 5679 aquas-rum
1453 5605 1710 5678 sangnine-mribus
1725 5603 1768 5659 in-

983 5699 1099 5757 visibills
1123 5697 1231 5758 Pharao
1257 5714 1318 5756 curn
1352 5713 1403 5753 sno
1431 5697 1549 5753 escun-itu
1578 5695 1714 5764 obrrrilur,
1742 5706 1774 5756 et
