3892 6067
119 192 200 265 etta,
545 189 721 251 ontocns
740 189 785 246 ou
804 187 966 247 cenamus
986 187 1124 246 saone.
1144 187 1188 245 ιτ
1208 188 1341 249 necue.
1688 162 1760 261 tt'tt

117 306 203 364 tentia
216 318 268 360 nos
279 302 399 376 agimus,
410 318 466 361 non
480 303 613 375 prenitent
627 320 690 363 cum
702 308 811 378 publice
826 306 914 377 poeni·
930 312 951 371 Α
967 305 1085 364 tortasse
1099 308 1305 364 damnationem
1318 300 1486 376 eradent‚‘si
1499 307 1584 367 llarid
1594 320 1659 382 post
1671 316 1760 385 poeni·

117 396 249 464 tentibus,
261 404 288 451 et
301 394 362 452 ideo
375 394 492 452 fortasse
507 409 562 450 non
590 397 702 468 impedit
726 413 822 455 eorum
838 398 914 454 salu·
964 399 1077 454 tentiam
1090 413 1166 454 arma
1178 397 1276 455 letenti
1290 399 1394 455 similes
1409 408 1491 454 erunt
1507 401 1533 455 in
1547 417 1642 471 causa,
1655 406 1761 464 scilicet

115 498 172 546 tem
186 486 327 544 saecularis
339 486 466 556 babitus3
482 489 673 546 tantummodo
693 490 729 546 sit
750 504 798 546 cor
809 490 913 545 contri·
962 505 1019 546 non
1034 491 1189 558 militando,
1198 490 1250 549 nisi
1264 507 1314 563 pro
1325 492 1447 563 justitia;
1459 496 1586 565 quamvis
1601 496 1655 553 boc
1667 499 1759 570 ipsum

116 589 176 635 tum
190 587 218 635 et
232 578 421 647 bumiliatttm3
435 579 501 649 qnia
515 588 542 636 ιι
553 578 638 636 David
650 590 713 651 post
723 581 911 651 poenitentiam
963 596 1020 638 non
1035 598 1084 639 eos
1101 584 1191 639 ualeat
1202 599 1337 641 excusare
1357 601 1372 639 a
1388 584 1587 655 poenitentialis
1601 589 1664 644 tilae
1679 605 1761 646 exor-

116 668 170 726 luit
181 670 209 725 in
220 669 314 726 babitu
326 684 382 725 oon
397 670 487 731 solum
503 672 641 739 secutae,
658 672 706 728 sed
717 673 800 728 etiam
815 673 911 744 regali,
963 675 1108 744 bitatione,
1119 676 1142 732 si
1155 676 1209 733 boe
1221 676 1325 732 iaciant
1335 678 1445 748 propria
1459 681 1684 750 presumptione,
1697 683 1761 738 nul·

114 769 145 817 et
158 760 253 816 Achab
275 776 323 816 res
338 760 422 816 lsrael
446 762 480 817 ad
497 771 605 833 ternpus
622 761 713 819 cilicio
737 763 911 831 humiliatus,
963 767 1017 823 lius
1030 767 1210 823 ecclesiastici
1231 770 1348 824 rectoris
1366 770 1550 840 permissione
1564 772 1606 828 rel
1621 774 1757 843 jussione.

115 853 292 923 postmodum
308 851 358 907 luit
373 852 502 907 mollibus
517 852 646 910 restitus.
963 859 1003 914 lili
1022 874 1086 915 vero
1110 859 1279 930 penitentiae
1302 870 1532 933 transgressores,
1554 865 1601 935 qui
1626 866 1759 932 decimas,

153 944 256 1000 Ιιιιυι.
270 945 418 1015 Apostolus
432 944 499 1000 dicit
512 963 519 999 :
531 947 594 1016 qaia
607 945 653 1001 rtlti
673 961 725 1001 ttott
746 955 786 1001 eat
806 946 859 1014 lec,
874 948 912 1003 ibi
963 953 1042 1010 laicis
1057 953 1227 1019 interdictas,
1255 953 1409 1024 possident,
1425 955 1472 1025 qui
1491 956 1580 1010 aliena
1603 957 1677 1013 bona
1693 957 1760 1014 diri-

114 1054 164 1094 ecc
185 1039 371 1108 prevaricatio
393 1037 481 1105 (Rom.
502 1054 541 1105 tr,
558 1038 612 1110 li).
638 1038 714 1096 Licet
734 1041 807 1096 enim
826 1041 912 1111 aliqui
963 1045 1052 1116 piont,
1066 1053 1094 1100 et
1113 1060 1156 1111 ea,
1169 1059 1233 1100 cunt
1256 1044 1375 1114 possint,
1398 1045 1522 1113 reddere,
1551 1046 1594 1101 tel
1610 1047 1760 1104 emendare

115 1130 313 1199 prophetarunt
338 1129 547 1199 praedicaverint
572 1132 773 1201 poenitentiam,
789 1140 912 1189 mmena
963 1137 1072 1204 nolunt,
1090 1136 1133 1191 rel
1148 1137 1195 1207 qui
1215 1151 1293 1191 arma
1309 1145 1406 1191 contra
1417 1136 1555 1207 Iustitiam
1578 1140 1759 1209 portaverint,

114 1220 214 1277 diebus
239 1219 354 1277 loannis
384 1221 524 1293 Raptislae,
547 1223 596 1294 qui
621 1224 729 1293 primus
753 1225 913 1295 predicavit
963 1237 1012 1284 aut
1025 1229 1118 1284 odium
1137 1227 1165 1281 in
1181 1228 1265 1283 corde
1277 1230 1408 1295 retinent,
1421 1227 1465 1282 ret
1479 1228 1527 1297 qui
1540 1228 1699 1298 hujusmodi
1714 1245 1762 1285 nc·

114 1312 284 1382 baptismum
295 1314 472 1382 poetliteutiae,
487 1315 535 1384 qui
554 1322 581 1371 et
596 1316 719 1371 habitum
738 1317 912 1386 poenitenlia-
963 1325 1173 1398 gotiationibus,
1190 1321 1762 1395 antellieiisintplicitiluerint,quaesine
1840 1375 1844 1396 ,

114 1403 170 1458 ¹0¹ss
182 1404 381 1459 demitllslralil
396 1405 423 1459 5¹¹
438 1406 571 1477 wtcoellll
583 1423 698 1478 regnum
711 1406 759 1464 Del
775 1410 830 1466 lim
844 1411 910 1481 pali,
963 1417 1071 1486 fraude,
1085 1418 1145 1474 siue
1164 1414 1295 1483 salsitate,
1311 1415 1369 1471 sire
1390 1414 1504 1480 invidia,
1528 1413 1587 1469 sire
1600 1413 1763 1483 deceptione

114 1504 144 1551 et
155 1495 279 1563 uiolenti,
294 1513 349 1552 non
372 1498 466 1569 tepidi,
491 1507 644 1570 rapuerunt
670 1500 774 1557 illudet
790 1505 911 1574 rapiunt,
962 1509 1081 1566 fratrum
1102 1506 1225 1563 exerceri
1237 1520 1292 1560 non
1310 1512 1438 1576 possunt,
1455 1519 1506 1560 nec
1523 1503 1558 1558 ad
1583 1501 1670 1557 Deum
1693 1518 1764 1558 con·

115 1588 166 1657 qui
180 1602 234 1644 noa
246 1588 383 1661 indignos,
400 1591 499 1647 sedita
513 1591 611 1664 dignos
625 1594 793 1663 poenitentiae
806 1595 912 1653 lruetus
965 1601 1049 1668 versi,
1063 1614 1114 1655 nec
1125 1599 1159 1654 de
1176 1596 1340 1670 perpetratis
1364 1593 1536 1651 iecinoribus
1558 1608 1652 1649 veram
1672 1593 1763 1663 poeni·

117 1678 235 1748 iaciunt,
245 1681 360 1752 utiuxta
373 1684 528 1754 exemplum
541 1686 628 1741 Annae
638 1686 730 1742 vultus
744 1701 840 1744 eorum
854 1704 914 1745 am·
930 1668 951 1724 B
965 1694 1078 1748 tentiam
1091 1690 1183 1748 lacere
1194 1690 1325 1748 credendi
1338 1698 1413 1747 suot.

116 1770 191 1840 plius
207 1771 235 1826 in
248 1772 357 1830 diversa
369 1788 424 1829 non
436 1777 684 1844 mutentur,sedin
698 1777 794 1834 codem
806 1779 912 1852 babitu,
1001 1785 1108 1840 Saena.
1130 1782 1166 1839 Ut
1192 1783 1288 1851 audio,
1305 1791 1333 1838 tu
1358 1781 1504 1849 militibus,
1530 1788 1557 1836 et
1585 1780 1762 1852 negotiatori-

117 1864 145 1920 in
161 1865 257 1920 eodem
275 1865 362 1933 vulto,
375 1882 431 1938 qao
444 1878 573 1939 suscepta
585 1877 627 1924 cst
640 1870 812 1943 poenitentia,
825 1889 914 1946 usque
971 1878 1024 1935 bos
1057 1886 1120 1949 post
1141 1875 1341 1948 poeaitentiam,
1366 1890 1449 1946 qnam
1475 1872 1593 1929 dicimus
1612 1874 1761 1937 carrinam,

117 1956 243 2015 induem
265 1969 452 2018 consecretur.
469 1964 543 2018 Crux
569 1965 643 2019 enirn
668 1964 838 2034 peanitentiae
858 1981 913 2023 non
965 1970 1123 2027 militiaset
1147 1967 1348 2041 negotiationes
1375 1965 1565 2036 repetentibus
1589 1964 1706 2019 nimtunr
1732 1979 1764 2020 es

115 2058 159 2106 est
176 2052 302 2123 exemplo
324 2052 447 2109 Simonis
472 2056 515 2110 vel
541 2055 569 2109 in
593 2056 707 2128 angaria
728 2055 851 2126 serenda,
870 2059 915 2116 vel
964 2063 1062 2120 durus.

116 2148 182 2197 ante
196 2150 312 2198 mortem
327 2143 498 2215 deponenda,
508 2146 556 2202 sed
567 2147 694 2218 exemplo
705 2147 808 2205 Christi
818 2150 915 2206 solun·
1002 2157 1105 2210 necue.
1128 2153 1157 2209 Si
1170 2168 1222 2226 ego
1241 2150 1289 2207 tibi
1308 2150 1403 2207 videor
1429 2150 1533 2215 durus,
1555 2148 1619 2205 audi
1640 2147 1706 2220 quid
1730 2146 1764 2203 de

116 2231 187 2288 tari‘e
199 2248 288 2303 usque
300 2234 334 2289 ad
350 2245 467 2290 mortem
488 2237 662 2305 sustinenda,
677 2238 715 2294 ita
731 2247 762 2294 ιι
775 2240 812 2296 sit
826 2241 915 2311 poeni-
966 2245 1126 2319 hujusmodi
1147 2251 1258 2301 censeat
1284 2241 1435 2314 Gregorius
1461 2237 1508 2295 llll
1533 2241 1561 2295 itt
1581 2241 1640 2296 suis
1662 2239 1764 2295 Decre-

116 2323 185 2380 l‘fllff
209 2332 272 2394 post
293 2334 434 2397 amellam
455 2327 647 2397 lloelllflsslliffl
671 2345 780 2401 semper
803 2332 914 2390 babitus
966 2340 1077 2396 talibus.
1116 2336 1259 2404 «Falsas,
1286 2336 1395 2406 inquit,
1420 2333 1599 2405 poenitentias
1624 2332 1763 2398 elicimus,

116 2416 653 2494 despectas‚elcircasecastigandnm
681 2438 769 2495 usque
784 2425 818 2480 ad
837 2441 914 2482 mur⁴
966 2447 1029 2503 quae
1049 2445 1105 2486 non
1124 2428 1276 2486 seeundum
1305 2426 1498 2483 auctoritatem
1525 2434 1685 2481 sanctorum
1711 2421 1764 2476 Pa-

117 2519 173 2565 tem
191 2512 266 2582 rigor
278 2514 426 2569 continuus
436 2514 635 2570 discretissime
646 2515 783 2583 intensus,
795 2532 846 2574 acc
861 2534 915 2572 oa·
966 2533 1040 2579 truta
1055 2537 1106 2593 pro
1120 2521 1252 2593 qualitate
1276 2519 1425 2575 criminum
1441 2518 1630 2587 imponuntur.
1647 2514 1764 2584 ideoque

117 2616 202 2673 quam
213 2604 404 2668 remittendus,
424 2604 478 2660 nisi
491 2615 625 2676 quantum
638 2620 703 2661 curn
717 2609 807 2663 sancti
820 2606 915 2664 Patres
966 2614 1125 2686 quicunque
1151 2611 1241 2676 miles,
1267 2609 1312 2664 vet
1337 2608 1502 2679 negotiator,
1519 2606 1559 2661 rel
1574 2603 1656 2660 alicui
1674 2603 1766 2659 allicio

119 2706 287 2768 temperant,
304 2697 351 2767 qui
362 2697 425 2753 licet
437 2707 501 2768 post
512 2698 646 2754 initialem
664 2701 856 2769 peonitentiam
873 2703 914 2757 ri·
966 2706 1087 2770 deditus,
1117 2703 1192 2774 quod
1222 2701 1283 2757 sine
1308 2705 1423 2771 peceato
1449 2697 1571 2754 exerceri
1592 2712 1648 2751 non
1666 2696 1764 2767 possit,

117 2801 212 2859 gorem
234 2787 365 2842 leniorem
386 2787 414 2841 in
433 2798 509 2845 reste
528 2789 637 2847 arcibo
651 2788 820 2861 indulgeant,
837 2791 916 2846 babi·
967 2795 1056 2865 culpis
1069 2792 1243 2865 grauioribus
1268 2791 1391 2848 irretitus
1419 2788 1453 2844 ad
1477 2787 1667 2860 poenitentiam
1683 2800 1765 2841 rene-

117 2888 177 2935 tnm
192 2887 282 2935 tamen
301 2880 460 2936 saecularem
482 2896 623 2951 nunquam
641 2881 777 2952 relaxant,
792 2884 849 2939 imo
865 2901 915 2956 pro
966 2887 1015 2954 rit,
1030 2886 1055 2941 id
1073 2894 1127 2953 est,
1143 2885 1191 2957 qui
1205 2884 1279 2940 bona
1290 2881 1405 2938 alterius
1420 2880 1522 2950 injuste
1534 2877 1647 2945 detinet,
1663 2877 1705 2934 tel
1716 2877 1765 2948 qui

118 2970 167 3025 tali
186 2970 280 3026 babitu
299 2971 463 3041 poenitentes
485 2985 501 3025 a
515 2985 632 3041 corpore
651 2969 761 3028 Domini
778 2988 867 3045 usque
881 2975 915 3031 ad
929 3003 951 3063 C
967 2977 1062 3033 odium
1082 2977 1111 3031 in
1124 2974 1209 3052 corde
1223 2974 1303 3046 gerit,
1316 2979 1506 3043 recognoscat,
1521 2984 1614 3024 veram
1628 2968 1765 3040 poeniten·

118 3068 236 3117 mortem
251 3068 436 3132 sequestrant,
457 3072 488 3119 ut
502 3064 603 3134 partim
625 3079 709 3135 supra
730 3067 914 3137 ostendimus,
967 3069 1035 3125 tiam
1051 3083 1106 3123 non
1119 3080 1201 3138 posse
1211 3078 1353 3137 peragere,
1372 3078 1421 3133 per
1438 3075 1522 3132 qoam
1536 3059 1709 3113 adaelernanr
1723 3056 1765 3112 ri·

117 3154 220 3226 partim
244 3153 368 3226 diligenti
392 3155 488 3211 lectori
510 3154 690 3227 quaerendum
720 3158 914 3231 relinquimus.
967 3170 1024 3217 tam
1036 3160 1126 3217 valeat
1140 3156 1294 3229 pemenire,
1308 3155 1363 3210 nisi
1378 3153 1457 3209 miles
1478 3166 1556 3207 arma
1571 3151 1701 3221 deponat,
1718 3149 1764 3204 nl·

117 3243 216 3303 Omttis
234 3246 318 3313 enirn,
334 3248 381 3317 qui
405 3249 513 3319 quaerit,
540 3249 656 3318 invenit,
675 3257 706 3305 ιι
727 3250 823 3307 sileam
841 3268 916 3310 nune
966 3256 1109 3324 teriosque
1129 3266 1173 3317 ea,
1191 3249 1244 3305 nisi
1257 3247 1375 3304 consilio
1387 3245 1591 3317 religiosorum,
1605 3251 1634 3298 et
1656 3241 1766 3313 prode·

119 3337 154 3395 de
169 3338 275 3393 clerico
291 3337 334 3393 rel
348 3338 419 3394 laico
442 3340 579 3410 publicam
593 3343 783 3412 poeniteotiarn
807 3356 914 3415 agente,
966 3344 1105 3403 renuenda
1116 3341 1225 3415 justitia
1239 3355 1295 3395 non
1310 3338 1391 3404 ierat,
1404 3346 1433 3393 ιι
1455 3335 1612 3408 negotiator
1623 3333 1765 3405 negotium

119 3431 196 3502 qood
208 3447 297 3501 neque
319 3440 425 3488 secreta
439 3432 626 3490 satislactione
642 3436 790 3491 montalent
805 3437 916 3508 eulpam
966 3436 1149 3507 derelinquat,
1163 3440 1191 3488 ιι
1206 3429 1329 3487 officialis
1343 3428 1463 3484 cilicium
1477 3426 1597 3493 deserat,
1610 3424 1692 3491 bona,
1704 3437 1766 3494 quae

120 3523 184 3592 quis
207 3523 309 3579 dellens
332 3523 437 3595 absque
461 3525 586 3595 periculo
610 3528 721 3598 corpori
736 3537 764 3585 et
787 3531 915 3602 sanguini
967 3528 1084 3601 quilibet
1113 3525 1225 3581 illorum
1257 3522 1360 3593 injuste
1397 3518 1532 3585 abstulit,
1561 3515 1710 3583 restituat,
1739 3525 1768 3572 et

120 3614 222 3671 Christi
242 3617 439 3685 communicat,
453 3616 576 3687 quandiu
591 3633 656 3673 eum
677 3620 820 3677 saecularis
834 3622 916 3678 babi·
967 3622 1104 3678 odiumex
1115 3617 1199 3674 corde
1209 3614 1341 3670 dimittat.
1352 3610 1392 3668 Ne
1402 3621 1494 3668 tameo
1505 3610 1615 3666 interim
1629 3610 1765 3679 desperet,

121 3716 167 3763 tus
182 3709 246 3764 lmie
269 3710 371 3765 saeculo
392 3708 556 3766 conformat.
579 3709 658 3767 Unde
675 3711 773 3768 beatus
785 3711 917 3785 Augusti·
968 3713 1016 3770 sed
1028 3708 1164 3783 quidquid
1179 3707 1246 3762 boni
1263 3706 1353 3760 lacere
1373 3703 1473 3773 possit,
1486 3703 1642 3767 bormmur,
1665 3709 1697 3755 nt
1721 3698 1765 3755 ia-

121 3816 175 3856 nus
186 3801 214 3855 in
227 3799 345 3857 libroile
356 3799 562 3858 diffinitionibus
573 3801 915 3872 ecclesiasticiszclluem
967 3806 1033 3872 ciat,
1048 3815 1078 3858 ιι
1093 3802 1165 3857 Deus
1180 3797 1355 3869 omnipotens
1368 3809 1416 3850 cor
1431 3793 1506 3848 illius
1520 3793 1554 3848 ad
1569 3790 1765 3864 poenitentiam

121 3890 220 3962 inquit,
231 3893 357 3948 mortalia
368 3893 604 3966 poslbaptismum
617 3894 765 3951 commissa
776 3903 915 3966 premunt,
967 3895 1095 3951 illustret.
1109 3911 1119 3944 r

122 3982 228 4052 hortor,
248 3985 369 4055 primum
382 3985 493 4057 publica
515 3984 677 4056 poenitentia
700 3986 873 4055 satisfacere,
888 3996 916 4043 et
1005 3985 1112 4041 strena.
1139 3981 1203 4039 llaee
1225 3979 1339 4038 omnino
1359 3979 1448 4050 magis
1470 3975 1630 4043 ostendunt,
1655 3988 1717 4046 quae
1730 3972 1766 4030 sit

121 4077 160 4136 lla
181 4080 333 4136 sacerdotis
358 4079 464 4151 judicio
489 4078 698 4136 reconciliatum
726 4080 916 4137 communioni
967 4077 1087 4137 rerauel
1101 4076 1170 4132 laisa
1194 4072 1356 4146 poeoitentia
1377 4070 1524 4137 laicorum,
1540 4083 1624 4140 quam
1646 4065 1767 4149 quaesit

122 4171 233 4239 sociari,
249 4172 273 4228 si
292 4172 352 4227 vult
364 4187 419 4227 non
434 4171 467 4227 ad
483 4171 628 4244 judicium,
650 4172 694 4228 rel
709 4173 917 4230 condemnatio·
967 4185 1031 4228 uera
1046 4168 1210 4241 poenitentia
1237 4164 1412 4233 clericorum,
1427 4162 1461 4218 de
1478 4159 1580 4233 quibus
1595 4166 1687 4214 tatum
1700 4170 1765 4230 spe·

123 4276 185 4317 nem
203 4277 282 4318 suam
298 4263 495 4319 eucharistiam
519 4265 671 4335 percipere.
697 4262 751 4320 Sed
767 4272 795 4320 et
810 4273 916 4321 secreta
966 4261 1074 4320 cialiter
1087 4259 1140 4315 luit
1153 4256 1336 4330 propositum.

123 4352 311 4412 salislaetione
325 4357 397 4413 solui
413 4356 541 4412 mortalia
567 4357 683 4412 crimina
698 4371 753 4412 non
770 4371 955 4432 negamus,p
1004 4351 1107 4408 Rettul-
1132 4348 1231 4405 Nonne
1253 4347 1303 4405 libi
1334 4344 1496 4404 salissam
1520 4350 1653 4414 ιιθῑθῐιῐιῑ
1678 4340 1763 4401 V⁰¹b²

123 4447 170 4503 sed
187 4455 292 4504 mutato
304 4448 381 4519 prius
395 4448 521 4504 saeculari
545 4448 653 4516 babitu,
667 4457 694 4505 et
707 4446 837 4504 coalesso
852 4449 917 4505 reli·
968 4444 1041 4502 beati
1056 4443 1205 4516 Augustini
1230 4455 1325 4512 sopra,
1342 4454 1393 4495 nec
1414 4446 1537 4494 secretas
1558 4435 1690 4491 mortales
1703 4430 1764 4490 cul·

123 4540 212 4613 gionis
236 4542 328 4597 studio
350 4556 399 4612 per
418 4542 482 4596 ritae
503 4542 714 4610 correctionem,
729 4550 757 4598 et
766 4542 837 4615 jugi,
861 4543 917 4598 imo
967 4553 1018 4609 pas
1044 4536 1220 4609 expiantibus
1243 4533 1352 4590 veniam
1375 4530 1552 4595 concedens,
1578 4527 1631 4583 nisi
1658 4533 1765 4582 mutato

124 4640 255 4703 perpetuo
273 4634 360 4700 luctu,
382 4631 437 4688 beo
451 4632 611 4702 miserante,
628 4635 737 4689 reniam
764 4649 918 4705 eoresequa-
968 4629 1046 4701 prins
1066 4627 1193 4684 saeculari
1216 4624 1323 4692 babitu,
1348 4631 1377 4679 et
1398 4619 1524 4693 professo
1540 4618 1683 4691 religionis
1709 4625 1766 4721 stu·

123 4734 183 4792 tor;
200 4723 238 4778 ita
262 4723 404 4792 duntaxat,
426 4732 456 4779 nt
480 4725 619 4780 contraria
644 4725 699 4794 bis,
715 4740 777 4796 quae
791 4727 916 4796 poenitet,
968 4721 1039 4778 diol
1054 4719 1100 4777 lsti
1114 4732 1180 4775 vero
1206 4716 1311 4783 elerici.
1325 4714 1359 4770 ιθ
1379 4728 1498 4785 (ιιιοιιιιῃ
1519 4711 1589 4767 ‘²¹⁸³
1603 4711 1764 4782 1³OEnitenua

124 4822 198 4886 agat,
219 4814 414 4871 eucharistiam
439 4816 568 4872 omnibus
590 4816 740 4873 bomintcis
759 4818 874 4888 supplex
891 4828 918 4874 et
968 4825 1134 4882 conqueror,
1148 4818 1176 4865 et
1188 4816 1251 4879 post
1264 4815 1358 4876 aperta
1369 4805 1488 4861 crimina
1509 4801 1700 4876 ingrediuntor
1715 4801 1765 4856 do·

122 4908 281 4966 submissus
297 4924 384 4979 usque
406 4909 439 4964 ad
462 4918 578 4964 mortem
594 4909 759 4980 percipiat.»
788 4908 862 4965 idem
888 4909 917 4966 in
969 4919 1044 4959 mum
1057 4902 1116 4969 liei;
1128 4901 1237 4956 nullum
1253 4896 1376 4954 studium
1396 4895 1539 4968 religionis
1552 4893 1682 4965 professi,
1699 4891 1763 4948 nul·

123 5000 219 5056 eodem
237 5019 244 5055 :
263 4998 447 5056 «Poenitentia
458 5015 522 5055 rora
540 5007 592 5068 est,
613 4999 773 5071 poenitenda
794 5014 849 5054 non
869 4999 919 5054 ad·
967 4997 1026 5051 lom
1039 4992 1192 5051 sanctitatis
1207 4989 1381 5062 propositum
1409 4988 1544 5061 aggressis
1558 4986 1607 5044 led
1622 4987 1660 5040 ita
1675 4998 1764 5041 ⁸20⁰·

114 5089 243 5161 ·mittere,
266 5090 386 5147 admissa
410 5090 540 5146 dederet
557 5090 643 5146 item:
660 5109 669 5142 ι
684 5087 842 5146 Satislactio
857 5104 918 5160 poe·
968 5084 1168 5143 iariteruestitl
1183 5092 1223 5152 ιι,
1253 5083 1278 5139 si
1298 5082 1431 5139 clericum
1458 5080 1565 5147 videas,
1579 5076 1680 5134 laicum
1703 5087 1766 5131 esse

126 5178 247 5236 nitentia
268 5189 321 5251 est,
346 5196 445 5238 causas
458 5191 634 5252 peccatorum
650 5182 788 5249 excidere,
806 5196 857 5237 nec
871 5196 919 5238 ea·
969 5179 1078 5246 credas,
1093 5192 1156 5234 cum
1168 5176 1299 5233 omnibus
1322 5174 1433 5231 clericis
1446 5173 1519 5229 sacri
1534 5184 1654 5226 canones
1665 5166 1763 5241 preci·

128 5284 187 5323 rum
201 5272 424 5342 suggestionibus
437 5272 542 5328 aditum
556 5270 731 5343 indulgeret
747 5269 818 5328 Ecce
832 5271 918 5328 babes
968 5273 1055 5347 piant,
1070 5280 1100 5327 ut
1123 5284 1180 5327 non
1205 5268 1353 5326 laicalibus
1367 5265 1491 5323 testibus
1517 5270 1641 5329 utantur,
1664 5260 1692 5317 id
1711 5267 1763 5328 est,

127 5359 236 5430 regulas
256 5364 435 5433 peonitentia,
457 5379 527 5434 quas
545 5380 599 5419 noo
624 5365 713 5420 solum
730 5362 804 5431 laici,
826 5363 874 5420 sed
892 5371 919 5419 et
970 5362 1170 5421 mantellosive
1187 5361 1251 5419 aliis
1276 5362 1336 5418 siae
1350 5375 1447 5432 cappa,
1460 5357 1509 5415 sed
1524 5356 1654 5427 religioso
1667 5351 1764 5410 babitu

127 5453 220 5510 clerici
233 5457 396 5526 poenitentes
408 5458 509 5514 debent
522 5471 643 5524 serrare,
670 5457 694 5514 si
719 5458 815 5513 eolttnt
828 5457 917 5512 securi
957 5466 996 5513 -et
1014 5453 1122 5511 decenti
1135 5468 1244 5524 semper
1258 5449 1399 5507 incedant.
1411 5447 1538 5520 Amplius
1559 5453 1651 5502 autem
1667 5445 1764 5547 beatps

127 5561 189 5602 esse
202 5546 237 5603 de
248 5561 299 5604 sua
313 5550 411 5607 salute.
425 5549 500 5605 Laiei
514 5565 591 5619 nero,
607 5550 654 5621 qui
674 5559 771 5606 contra
792 5547 919 5620 praeseri·
968 5546 1129 5618 Gregorius,
1146 5554 1177 5601 nt
1203 5559 1287 5616 supra
1303 5541 1526 5614 perstrinximus,
1554 5538 1588 5595 de
1602 5537 1764 5610 penitemm

122 5645 189 5715 ptas
203 5641 312 5714 regulas
325 5650 387 5714 post
401 5650 489 5701 actam
511 5641 700 5714 penitentiam
717 5639 809 5698 lerunt
829 5655 916 5711 arma,
968 5638 1078 5697 clericis
1094 5638 1187 5722 debita
1209 5636 1336 5697 scribens
1350 5635 1397 5713 ,ad
1422 5632 1536 5693 Petrum
1547 5631 1762 5712 ἡιιιιιιιιιιιιιι
