3892 6067
176 209 231 266 aba
472 208 750 266 connominatus!
770 210 804 267 nt
822 210 992 277 Psntoos.
1010 249 1045 259 -
1060 208 1150 275 PARS
1169 217 1203 275 Χ.
1225 251 1260 262 -
1272 219 1370 277 esst.
1390 221 1534 283 cxxiiii.
1550 188 1559 195 δ
1751 227 1807 292 894

172 319 271 378 ncrnle
296 321 448 393 appellatur
469 322 628 387 concilium,
651 340 707 394 quo
726 325 788 381 talis
811 326 968 387 schismatis
983 339 1006 395 ,ι
1021 334 1224 404 imperatorem,
1236 346 1291 386 non
1304 330 1378 388 esbel
1392 334 1458 389 milti
1472 335 1597 401 dubium,
1613 339 1680 410 qoin
1696 343 1806 411 gratiss

170 413 281 468 malum
318 413 500 469 resecandum
535 421 598 481 est,
622 417 696 484 qnod
730 418 908 488 angularibus
940 431 967 476 et
1018 423 1086 479 sime
1100 422 1209 493 puniret
1228 421 1304 475 istud
1328 422 1506 478 ltotnicidiom
1522 425 1678 483 nullatenus
1692 444 1741 498 per
1754 431 1809 490 boe

167 503 392 573 particularibus
409 503 534 560 conciliis
555 507 602 560 oin
617 514 665 561 aui
679 507 835 565 nullatcnus
848 512 965 567 resecari
1017 512 1183 577 excusabile,
1197 513 1269 582 qnod
1288 510 1343 577 ille,
1361 530 1441 583 qoem
1458 516 1627 581 oeciderunt,
1640 519 1719 588 cujus
1731 536 1805 576 mor·

167 603 277 666 potest.
538 680 540 684 ,
1017 613 1069 659 tem
1084 605 1316 670 acceleraverunt,
1329 606 1419 661 vivere
1433 622 1486 661 nort
1503 618 1610 679 poterat
1623 620 1685 680 post
1695 614 1805 683 aegritu„

206 686 400 756 Appellatione
414 686 498 758 igitur
513 702 568 742 non
595 687 753 745 indecenter
768 689 838 746 iacta
854 702 918 747 toric
931 693 965 747 ad
1015 694 1088 751 dinis
1102 694 1249 750 immanem
1263 698 1372 749 rninam
1394 697 1613 766 dogustcnsibos
1632 703 1740 758 conctis
1755 718 1806 758 no-

166 777 303 848 generale
318 776 465 831 concilium
482 776 565 832 nimis
577 778 726 848 incongrue
743 778 842 836 iratres
855 783 965 853 Augus·
1018 795 1085 850 tam,
1101 800 1151 840 nec
1174 785 1284 841 domnis
1310 786 1506 853 cardinalibus,
1531 790 1622 858 quiin
1646 792 1729 847 domu
1745 791 1805 862 cios

166 876 268 921 tenses
282 882 345 922 cum
362 881 413 921 sou
439 867 569 938 episcopo
588 866 712 924 iecerunt
737 885 791 925 non
809 881 863 926 tam
878 889 965 944 angar·
1015 887 1190 942 manserunt,
1218 876 1349 948 ignotam.
1366 876 1413 932 lile
1434 893 1552 947 tuamque
1567 880 1741 945 dmalccites,
1755 883 1803 953 qui

165 957 232 1013 iare
249 957 413 1023 concilium,
430 973 513 1029 qnam
532 954 755 1025 conciliabulum,
768 961 794 1017 in
809 978 863 1033 qno
878 976 906 1019 et
923 965 964 1020 di·
1016 970 1081 1026 Saul
1097 985 1187 1041 regem
1212 969 1363 1036 occiderat,
1384 984 1434 1039 per
1451 970 1503 1024 buc
1526 972 1598 1039 apod
1610 987 1701 1042 regem
1717 971 1803 1028 David

166 1048 274 1103 mbartt
288 1067 295 1103 :
310 1048 379 1115 Quid
402 1047 546 1123 iaciemus,
572 1050 637 1120 quia
664 1050 718 1132 bis·
730 1053 850 1108 decanus
871 1065 965 1110 noster
1013 1062 1139 1118 excusari
1154 1077 1207 1115 non
1219 1061 1316 1130 potnit,
1328 1061 1401 1131 quod
1416 1059 1528 1115 diritde
1543 1052 1608 1115 Saul
1625 1081 1631 1117 :
1651 1082 1660 1113 r
1678 1062 1803 1118 Sciebam

166 1141 261 1195 multa
275 1141 435 1212 gratamina
448 1141 574 1197 indocili
597 1142 626 1196 Si
642 1141 805 1201 dimittimus
826 1160 888 1200 eum
910 1146 961 1213 sic,
1014 1155 1087 1209 enim
1100 1154 1173 1223 qnod
1183 1153 1276 1208 rivere
1290 1167 1344 1208 non
1358 1161 1466 1223 poterat
1480 1163 1541 1223 post
1556 1154 1663 1209 ruinam
1680 1153 1725 1225 (Η
1738 1154 1802 1228 lieg.

167 1247 272 1288 omnes
299 1233 496 1303 opprimemur.
519 1230 597 1288 Unde
621 1232 702 1288 nobis
721 1234 833 1304 expedit
847 1246 876 1290 ut
892 1250 963 1292 onos
1015 1262 1034 1311 ι,
1052 1242 1107 1314 ib).
1124 1264 1134 1296 t
1153 1242 1218 1299 Sani
1233 1246 1333 1316 quippe
1348 1244 1469 1315 graviter
1489 1245 1649 1301 vulneratos
1663 1246 1805 1302 incombe-

168 1326 227 1380 iste
238 1322 313 1379 iuras
326 1323 453 1394 pellatur,
471 1332 498 1379 et
511 1339 565 1378 non
588 1338 685 1381 omnes
700 1328 899 1397 opprimantur,
915 1337 963 1383 ant
1014 1336 1060 1391 nat
1071 1350 1154 1405 super
1171 1336 1278 1391 hastam
1294 1350 1372 1390 suam
1388 1351 1439 1390 suo
1454 1335 1566 1404 proprio
1582 1337 1673 1412 gladio
1684 1336 1804 1407 grauiter

169 1416 242 1472 iram
253 1415 373 1471 Gaecaris
387 1425 469 1486 atque
485 1413 604 1471 Victoris
619 1431 695 1487 papae
707 1418 893 1491 incurramus.
906 1420 963 1474 du·
1013 1427 1162 1492 sanciatus,
1175 1435 1202 1481 et
1213 1441 1307 1480 revera
1319 1426 1411 1480 uivere
1425 1440 1480 1479 aren
1493 1433 1601 1496 poterat
1611 1437 1672 1496 post
1682 1428 1800 1482 ruinam.

170 1507 231 1563 dito
249 1507 408 1577 huiusmodi
431 1508 558 1574 cotrsilio,
586 1509 776 1579 cogitaverunt
799 1519 830 1566 ot
844 1512 963 1582 expolie-
1014 1516 1065 1574 Sed
1080 1527 1170 1573 tamen
1183 1519 1227 1573 illc
1239 1517 1414 1583 Amalecitcs,
1428 1518 1475 1587 qoi
1495 1529 1609 1573 mortem
1624 1520 1684 1589 ejrts
1695 1520 1801 1574 accele-

170 1608 234 1656 rent
253 1615 315 1655 enm
328 1600 456 1654 simulato
466 1600 585 1656 Caemris
597 1616 629 1656 ac
646 1600 764 1657 victoris
777 1605 884 1672 timore,
895 1620 963 1675 qno·
1013 1617 1120 1663 raserat
1137 1607 1264 1662 addendo
1277 1607 1377 1661 volnus
1391 1606 1559 1672 volucribus,
1582 1607 1723 1676 iudicante
1745 1606 1800 1661 [la-

169 1708 234 1748 runt
248 1702 346 1747 neuter
360 1691 472 1759 sciebat,
489 1693 554 1764 quid
579 1692 798 1750 berenicensis
818 1711 882 1765 ergo
903 1697 959 1767 jam
978 1664 997 1720 Β
1014 1694 1059 1750 tici
1075 1695 1162 1750 reatui
1174 1695 1318 1765 sanguinis
1332 1696 1458 1751 addictos
1474 1706 1526 1761 est,
1549 1704 1576 1750 et
1588 1705 1699 1766 propter
1713 1697 1801 1752 botni-

171 1784 403 1853 circatcspcranr
426 1783 460 1837 ad
481 1782 589 1837 illerum
611 1783 762 1851 capitulum
782 1794 915 1854 prasente
929 1801 961 1841 ac
1012 1785 1114 1841 sidium
1129 1795 1315 1855 perpetratum
1334 1786 1409 1840 velut
1430 1787 1566 1842 ltumicida
1589 1787 1729 1857 judicatos
1746 1799 1798 1845 est.

170 1875 334 1948 praesidente
344 1889 440 1928 eorum
457 1873 586 1945 episeopo
606 1876 684 1944 qnasi
697 1875 784 1929 altero
804 1874 907 1945 Caipba
921 1876 961 1930 sic
1011 1875 1073 1948 lpse
1087 1887 1178 1933 aoicm
1191 1877 1276 1933 irater
1290 1892 1367 1933 rocus
1392 1879 1481 1933 taliter
1494 1878 1604 1933 occisos
1621 1879 1698 1933 beata
1714 1890 1801 1935 murtc

170 1976 215 2023 est
236 1965 386 2035 judicatus,
410 1964 489 2035 qnasi
518 1963 637 2020 victoris
664 1967 961 2021 escontmnnicatosct
1011 1968 1089 2032 obiit,
1106 1967 1171 2038 qnia
1187 1968 1308 2023 sentiens
1320 1968 1528 2024 immineresibi
1542 1968 1645 2024 exitum
1657 1969 1719 2024 ritae
1730 1985 1802 2024 mur·

170 2056 291 2113 Caesaris
308 2055 490 2125 proscriptos.
504 2053 582 2110 Unde
599 2056 681 2110 rebus
698 2055 827 2111 ottonibus
842 2057 960 2112 nudatos
1011 2061 1075 2116 talis
1095 2060 1129 2115 ad
1155 2059 1371 2116 immortalitatis
1396 2069 1535 2117 auctorem
1553 2061 1676 2131 contingit
1700 2063 1800 2119 saucoio

170 2155 198 2202 et
210 2146 345 2217 spoliatos
358 2156 456 2215 praeter
471 2147 529 2201 sola
555 2146 736 2201 instromenta
754 2147 894 2217 equitandi
910 2162 959 2204 oc·
1009 2151 1172 2207 renuntians
1186 2152 1320 2222 ctjogurn
1343 2150 1451 2207 Domlni
1466 2152 1629 2222 suscipiens,
1647 2154 1800 2223 regolarem

170 2253 237 2293 caso
249 2237 305 2306 jam
321 2237 388 2292 solis
404 2236 562 2292 imminente
584 2238 721 2308 proiectos
744 2248 786 2293 est
807 2238 958 2295 aeivitatc.
1011 2245 1094 2299 uitam
1106 2242 1247 2313 professus
1262 2244 1289 2298 in
1300 2243 1426 2299 wnnbio
1437 2252 1538 2299 saraciae
1553 2242 1646 2299 itariae
1663 2242 1802 2300 Niowem·

170 2332 350 2388 llemanscrat
364 2342 455 2387 atttem
471 2333 498 2388 in
515 2334 571 2403 ipsa
588 2334 697 2389 civitate
711 2332 780 2388 alter
794 2331 880 2388 irater
892 2349 960 2390 sous
1012 2334 1151 2405 burgensi.
1167 2333 1279 2389 Clamor
1294 2344 1384 2388 tamen
1409 2333 1553 2402 sangoinis
1577 2342 1605 2389 et
1619 2334 1716 2390 mortis
1728 2334 1800 2404 rjus,

169 2434 197 2480 et
213 2426 413 2480 mensnomine
430 2423 585 2480 blidericus
606 2435 735 2496 tanquam
759 2426 960 2493 somniasset
1011 2424 1067 2481 lieo
1087 2426 1205 2492 selerne,
1230 2424 1357 2480 audietur
1373 2432 1400 2480 et
1422 2424 1467 2480 ltic
1488 2424 1515 2479 io
1543 2424 1664 2481 Ecclesia
1679 2425 1801 2497 peregri·

170 2513 306 2583 incipiens
322 2515 393 2568 mori
410 2522 504 2584 utpote
526 2515 582 2584 jam
596 2515 642 2570 diu
664 2526 802 2586 agrotans
819 2517 847 2571 in
873 2517 958 2585 janua
1011 2528 1093 2575 aartte
1104 2519 1187 2590 longo
1200 2517 1334 2581 incolatu,
1346 2517 1380 2573 de
1393 2531 1449 2588 qoo
1467 2517 1494 2571 in
1509 2517 1599 2587 primo
1614 2518 1723 2574 cantico
1735 2533 1800 2590 gra-

170 2606 269 2660 mortis
281 2604 398 2676 positos,
419 2602 499 2659 lione
512 2606 545 2659 de
559 2605 641 2660 domo
667 2621 727 2671 soa,
750 2604 806 2660 imo
829 2606 910 2661 etiam
924 2605 959 2661 dc
1009 2612 1093 2668 tinum
1103 2626 1186 2679 sopra
1196 2610 1314 2680 egimus,
1325 2619 1353 2664 et
1365 2609 1391 2662 in
1403 2608 1524 2663 Ecclesia
1535 2623 1645 2663 sorsum
1658 2619 1799 2679 regnante,

171 2697 245 2752 lectu
260 2695 428 2767 aegritudinis
453 2695 588 2763 ejiciendo
614 2703 697 2765 atque
719 2695 848 2750 alimenta
863 2710 959 2751 ncces·
1009 2701 1183 2757 andecanim
1206 2699 1339 2753 auritium
1365 2698 1430 2752 midi
1456 2697 1550 2768 gradui
1577 2696 1698 2752 secunde
1725 2697 1800 2751 inni-

171 2788 246 2845 saria
260 2787 297 2842 itti
314 2787 464 2842 :tolerando
485 2786 624 2841 residuum
649 2786 773 2856 spiritns,
798 2800 854 2855 quo
868 2785 959 2841 adhoc
1009 2792 1087 2860 tenti,
1102 2800 1184 2864 prout
1208 2790 1356 2846 subvenire
1381 2788 1539 2859 dignabitur
1561 2788 1628 2857 ipse,
1652 2788 1697 2843 cui
1710 2787 1797 2843 dico:

171 2881 305 2953 spirabat,
317 2878 485 2935 cruciatibus
501 2878 562 2933 istis
577 2878 726 2948 ejecerunt.
740 2876 808 2932 Nam
822 2878 857 2933 de
876 2877 958 2933 domo
1008 2882 1149 2939 ,tonitium
1173 2898 1260 2937 meam
1284 2899 1301 2935 n
1329 2879 1454 2945 dommo,
1479 2881 1525 2950 qui
1551 2879 1615 2949 [ecit
1641 2879 1753 2945 roelum,
1772 2887 1799 2934 et

171 2989 222 3029 soa
241 2973 354 3042 polcbra
366 2972 454 3040 primo
468 2970 573 3041 ejectus
584 2970 611 3024 in
626 2971 782 3039 coquinam,
795 2970 829 3024 dc
840 2969 958 3039 coquina
1011 2983 1120 3028 terrum.

171 3064 201 3119 in
216 3065 376 3129 textrinum,
398 3064 432 3118 de
454 3063 574 3118 textrino
597 3063 624 3116 in
649 3062 794 3132 pistrinum
819 3060 959 3131 projectus
1045 3061 1133 3118 Porro
1147 3063 1235 3132 spolia
1262 3062 1400 3132 praedictis
1425 3061 1558 3117 iratribus
1572 3060 1643 3116 meis
1658 3058 1758 3124 ablata,
1774 3059 1798 3114 si
1876 3048 1879 3055 ⁴

171 3154 246 3225 inec)
260 3153 445 3210 babitaculum
457 3167 545 3224 neque
557 3153 660 3207 itabens
673 3151 785 3218 rictum,
800 3151 853 3207 nisi
864 3167 959 3207 emen·

87 3294 91 3305 .
170 3244 302 3311 dicatum,
313 3254 426 3300 coactos
437 3252 480 3299 est
492 3259 540 3315 per
553 3245 699 3300 decursum
713 3243 834 3299 dominis
844 3244 959 3299 descen-

170 3336 246 3393 dere.
262 3334 317 3391 Nec
340 3336 413 3391 enim
443 3334 536 3405 aliquo
559 3334 746 3390 velricolorom
770 3350 869 3406 gernere
894 3334 957 3390 doci

171 3430 270 3503 potnit,
285 3429 332 3484 sed
349 3428 458 3499 navigio
478 3444 565 3498 osque
584 3436 618 3482 ao
633 3444 688 3495 rne,
703 3428 801 3483 deinde
815 3444 902 3499 usque
923 3428 957 3485 ad

170 3521 281 3577 iratrcm
297 3528 421 3576 nostrum
442 3520 579 3575 uterinum
592 3517 881 3598 Niuwembnrgensem
892 3536 959 3590 prae-

169 3615 291 3686 positum
319 3612 406 3684 gratia
439 3611 564 3667 medendi
592 3611 758 3680 properavit.
791 3610 843 3666 Sed
874 3613 957 3669 immo

169 3714 299 3776 aegrotns,
313 3712 352 3758 tot
373 3702 564 3758 vexationibus
581 3711 608 3757 et
630 3700 787 3756 victualium
802 3702 957 3758 destitutio·

169 3796 252 3851 nibus
266 3807 389 3861 vexatos,
404 3795 479 3849 nolle
496 3792 662 3848 medicorum
677 3792 767 3849 studio
780 3797 901 3864 reparari
913 3812 958 3849 ra·

1010 3155 1174 3226 lieopiacet,
1186 3171 1248 3210 cnm
1264 3155 1307 3209 vel
1332 3154 1474 3224 apostolici
1501 3152 1543 3206 rel
1565 3151 1716 3221 imperialis
1728 3150 1799 3220 regi·

1009 3246 1092 3302 minis
1108 3238 1163 3300 lieu
1184 3246 1322 3316 aspirante
1345 3245 1478 3300 arridebit
1502 3244 1680 3315 prosperitas,
1705 3241 1798 3312 roqui-

1009 3347 1104 3393 rcntnr
1117 3335 1223 3391 iacente
1240 3334 1286 3389 lici
1300 3334 1444 3390 clementia
1456 3332 1498 3389 uel
1512 3349 1529 3387 a
1541 3347 1585 3387 me
1599 3331 1641 3386 vel
1657 3330 1798 3400 abaliquo

1009 3442 1167 3484 successore
1175 3441 1236 3481 meo
1246 3425 1274 3480 in
1285 3423 1542 3495 licicherspergensi
1550 3422 1719 3488 cononicis
1730 3435 1797 3492 quo,

1009 3536 1072 3576 corn
1088 3521 1178 3575 adbuc
1188 3519 1261 3574 vivat
1275 3516 1359 3573 irater
1369 3525 1518 3586 superstes,
1540 3515 1598 3586 jam
1616 3514 1706 3569 dictus
1716 3513 1797 3569 deca·
1893 3571 1897 3577 ,

1009 3625 1071 3670 nus.
1086 3626 1167 3679 quem
1183 3610 1272 3664 solunt
1286 3608 1342 3677 jam
1365 3607 1529 3677 contingunt
1548 3606 1618 3660 bona
1635 3605 1703 3676 ipsis
1726 3604 1796 3659 doo-

1008 3701 1060 3755 bos
1083 3699 1213 3755 iratribus
1233 3699 1323 3753 ablata
1343 3707 1369 3752 et
1393 3696 1522 3753 Ecclesiae
1539 3696 1796 3767 lleicberspergensi

1007 3790 1109 3857 oblata,
1129 3791 1188 3859 ipsa
1204 3788 1335 3855 Ecclesia,
1357 3790 1384 3842 in
1400 3804 1455 3859 qua
1471 3798 1610 3859 superstes
1621 3787 1705 3844 irater
1719 3787 1794 3854 tivit,

169 3887 231 3951 luit,
246 3901 279 3941 ee
290 3885 361 3955 qnod
375 3885 458 3941 nimis
480 3883 632 3939 incaluerat
647 3883 790 3938 intirmitas
805 3900 853 3954 per
876 3886 956 3940 dom-
1007 3883 1054 3952 qni
1069 3896 1218 3951 sesoaquc
1241 3880 1293 3949 ipsi
1311 3878 1442 3935 Ecclesiae
1459 3879 1568 3943 obtolit,
1590 3879 1725 3950 judicium
1745 3895 1778 3935 ert

169 3992 236 4034 uorn
251 3977 450 4047 augustensem
463 3990 585 4045 suosque
611 3972 734 4029 lautores
759 3975 916 4030 exulcerata
930 3984 955 4031 ei
1006 3982 1099 4044 poscet
1127 3973 1169 4028 uel
1199 3971 1253 4037 laic,
1276 3973 1318 4027 rel
1344 3972 1370 4026 in
1398 3972 1495 4028 ultimo
1520 3973 1657 4038 examine,
1685 3972 1796 4043 quando

168 4077 325 4141 aggravata,
341 4068 389 4137 qoi
404 4078 563 4139 persecutns
575 4075 618 4122 est
640 4067 778 4122 bominem
805 4065 913 4137 inopem
929 4078 956 4125 et
1009 4083 1019 4117 r
1039 4065 1149 4120 stalmnt
1163 4064 1231 4134 justi
1249 4064 1275 4117 in
1291 4077 1389 4131 inagna
1402 4062 1555 4120 constantia
1577 4061 1710 4117 adversos
1732 4076 1793 4129 eos,

168 4160 336 4226 mendicum,
351 4168 378 4215 et
390 4168 585 4230 compunctum
607 4158 690 4214 eorde
705 4158 871 4215 mortiiicarc
898 4169 956 4215 stn-
1006 4158 1097 4226 quise
1113 4153 1348 4224 angustiaverunt,
1363 4160 1390 4206 ct
1415 4152 1461 4222 qni
1492 4151 1666 4207 abstulerunt
1686 4152 1796 4208 labores

168 4250 237 4306 dens
251 4252 279 4306 in
300 4250 359 4305 telo
378 4249 547 4325 Herodiano,
570 4266 626 4321 qno
642 4265 687 4305 me
711 4249 866 4322 fratresque
879 4267 955 4308 meos
1007 4262 1104 4303 eornm
1125 4244 1201 4316 (Sap.
1214 4260 1241 4309 v,
1258 4245 1295 4314 i),
1314 4264 1323 4296 r
1340 4244 1412 4300 sicnt
1432 4243 1483 4312 ipsi
1504 4244 1690 4313 lingonenses
1700 4245 1795 4299 abstu-

167 4341 254 4396 odivit
267 4353 295 4396 et
306 4341 385 4413 qnasi
411 4341 480 4396 alter
507 4339 606 4398 [iccius
630 4342 705 4398 reiut
718 4342 746 4396 in
769 4352 844 4399 crate
867 4343 955 4399 ierrea
971 4339 993 4394 [l
1008 4339 1100 4395 lerunt
1112 4337 1219 4391 labores
1230 4334 1346 4390 itatrom
1370 4349 1493 4389 meorum
1510 4343 1682 4403 computatos
1696 4334 1723 4388 in
1748 4333 1795 4389 be-

167 4430 310 4487 oslolatit.
322 4428 471 4485 Carniiices
483 4429 600 4498 denique
614 4426 742 4502 urgentes
765 4433 958 4489 ministrabant
1009 4431 1125 4495 neilciis,
1145 4428 1276 4496 inlibris,
1293 4426 1515 4491 investimentis,
1539 4425 1565 4479 in
1583 4424 1705 4481 aediliciis
1718 4425 1795 4481 aliis·

168 4522 303 4578 carbones
320 4522 415 4578 subter
429 4531 531 4577 eratum
547 4521 673 4591 ferream,
685 4525 750 4579 dnm
761 4527 885 4582 carnales
895 4543 957 4582 car·

169 4613 240 4668 nalis
254 4613 377 4684 episcopi
404 4613 556 4669 consiliarii
587 4615 701 4669 consilia
724 4617 843 4684 pessima
868 4618 956 4688 ipsius

169 4702 305 4759 induratae
316 4703 444 4774 nequitiae
463 4692 644 4774 suggerebant
667 4703 701 4759 ati
716 4720 760 4761 me
775 4708 955 4763 cruciandum

169 4794 198 4851 in
212 4795 348 4852 iratribus
360 4795 440 4860 meis,
458 4795 576 4875 unanime
598 4804 688 4850 notem
701 4797 729 4851 in
744 4796 829 4853 iratre
841 4798 897 4867 jam
911 4800 955 4854 io-

169 4887 288 4959 cipicute
300 4887 381 4954 muri,
395 4902 477 4957 quem
492 4902 547 4941 non
560 4885 687 4942 sinebant
699 4888 726 4942 in
741 4889 824 4943 domo
847 4906 895 4944 sna
912 4893 955 4947 rei

169 4977 197 5034 io
213 4971 313 5033 lectolo
326 4993 378 5033 suo
392 4977 472 5045 muri,
497 4978 544 5033 sed
564 4978 704 5048 ejecerunt
721 4978 797 5033 illuni
809 4981 953 5049 spoliatum

168 5068 320 5125 etnudom.

204 5157 278 5213 Fieri
290 5167 380 5213 antem
392 5165 479 5228 potest
491 5167 521 5213 nt
533 5158 566 5213 ad
576 5158 747 5215 excusandas
761 5158 953 5218 exeusationes

170 5243 200 5299 in
215 5246 333 5315 peccatis
344 5246 448 5313 dicant,
464 5248 555 5302 rivere
574 5261 630 5301 non
653 5246 777 5317 potuisse
796 5248 885 5320 ipsum
902 5265 953 5306 nec

169 5334 199 5391 in
215 5335 274 5406 ipsa
288 5337 371 5393 domo
387 5352 437 5393 sna
452 5345 562 5408 prepter
576 5336 762 5393 uehementem
779 5339 866 5408 ipsios
877 5339 952 5394 iubr-

168 5426 302 5483 mitatem.
314 5426 337 5483 0
348 5429 371 5485 si
389 5427 457 5484 milri
471 5444 543 5484 nnnc
553 5429 595 5484 vel
610 5427 637 5482 in
652 5429 716 5484 sede
736 5429 951 5498 apostolicare!

167 5516 196 5573 in
215 5519 314 5574 tlrrono
329 5518 406 5589 regni
428 5516 550 5575 Dauidici
564 5521 676 5575 daretur
692 5520 759 5575 alter
783 5519 869 5576 David
891 5522 951 5577 sire

168 5611 347 5681 prophetans,
362 5619 392 5666 ut
406 5609 483 5667 decet
496 5626 605 5682 papam,
619 5611 677 5669 site
692 5628 820 5684 regnans,
832 5623 862 5667 ut
873 5613 950 5670 decet

1008 4539 1061 4594 que
1075 4521 1156 4577 bonis
1167 4521 1317 4576 mobilibus
1339 4530 1365 4575 et
1380 4517 1567 4573 immobilibus
1580 4516 1650 4571 nitra
1674 4516 1792 4585 pretium

1007 4613 1186 4668 ducentarum
1201 4624 1367 4666 marcarum.
1386 4608 1452 4665 llice
1468 4618 1558 4663 autent
1587 4605 1689 4660 iuberes
1701 4620 1792 4659 eornm

1007 4720 1062 4760 nou
1075 4703 1164 4759 solutu
1175 4720 1225 4759 sua
1245 4702 1366 4773 propria,
1381 4700 1524 4756 sedetiam
1544 4698 1731 4755 ecclesiastica
1746 4697 1792 4750 bc·

1007 4796 1115 4861 nedcia,
1128 4810 1188 4864 qua
1201 4810 1249 4864 per
1259 4793 1330 4848 alios
1350 4792 1467 4848 alienata
1486 4791 1536 4861 ipsi
1548 4806 1610 4846 com
1625 4789 1719 4844 labore
1731 4802 1792 4842 ma-

1007 4902 1061 4958 gno
1073 4886 1279 4954 recollegerunt,
1302 4892 1329 4938 et
1352 4892 1473 4953 exparte
1493 4883 1552 4939 sois
1567 4882 1691 4953 pecuniis
1713 4879 1792 4934 rede-

1008 4983 1127 5043 merunt,
1144 4991 1207 5045 quae
1224 4990 1300 5030 nnnc
1322 4974 1357 5029 ab
1378 4973 1497 5029 inimicis
1509 4989 1603 5029 corum
1616 4972 1793 5044 possidentur

1005 5068 1106 5139 quibos
1120 5075 1230 5138 propter
1241 5066 1397 5144 mortiferas
1408 5069 1565 5121 vexationes
1585 5063 1725 5118 i'riderico
1745 5075 1793 5114 no·

1005 5166 1063 5216 siro
1079 5157 1169 5212 illatas
1182 5165 1256 5213 necte
1276 5172 1386 5212 acuere
1400 5156 1454 5211 dici
1478 5163 1588 5225 potest:
1608 5172 1617 5204 r
1635 5150 1791 5217 Occidistis,

1005 5251 1117 5321 insuper
1138 5256 1165 5304 et
1189 5248 1349 5318 possedistis
1364 5246 1425 5317 (lli
1446 5246 1509 5316 dep.
1526 5262 1572 5309 xx,
1587 5242 1642 5313 ld).
1663 5239 1791 5295 »Parnm

1004 5340 1105 5411 qnippe
1130 5346 1178 5394 aot
1202 5337 1271 5393 nibil
1285 5337 1414 5392 differunt
1439 5334 1541 5401 abbis,
1561 5332 1608 5403 qni
1636 5332 1789 5386 dixerunt:

1007 5450 1017 5484 r
1033 5429 1139 5499 Venite,
1151 5428 1311 5486 occidamus
1335 5442 1397 5482 eoru
1422 5433 1450 5481 ct
1466 5424 1628 5479 babebimus
1643 5420 1788 5476 ltacredita-

1004 5530 1059 5577 tem
1069 5523 1130 5594 ejus
1142 5521 1252 5594 (lintris.
1266 5535 1323 5587 ιιι,
1335 5517 1391 5589 58).
1413 5537 1422 5570 t
1439 5517 1528 5588 dtqoe
1548 5515 1652 5571 utinam
1668 5513 1786 5585 pretinm

1003 5615 1146 5683 sangoinis
1168 5615 1227 5686 ejus
1250 5611 1418 5685 prerenissct
1441 5608 1650 5679 insepultorum
1667 5604 1788 5677 peregrl-
