3892 6067
240 243 330 319 tets‘
413 250 419 257 “

719 241 872 308 cunuoiit
891 241 1085 304 eirbrustrt
1105 239 1366 301 utitcucust’etto
1444 267 1448 272 ·

1794 244 1857 302 titt

238 374 276 432 liu
291 355 501 444 persequuntur.
521 390 530 422 i
548 367 613 425 item
638 386 645 422 ι
674 385 683 420 ι
705 364 837 423 liencraie
860 371 1024 434 preceptum
1040 334 1318 431 numentanorum
1343 372 1376 413 ac
1389 355 1563 413 secularium
1592 355 1683 428 legum
1701 358 1855 416 aduertere

243 465 376 522 beneiicio
389 461 500 534 speciali
522 459 727 517 anteiereudum
748 465 800 514 est.
819 475 828 507 r
847 454 880 511 tir
903 457 1024 510 iterum:

243 575 253 609 ι
266 556 367 611 Contra
375 554 422 625 jus
432 553 563 623 rescripto
572 568 627 608 uou
639 552 756 617 valeant,
769 554 933 622 quocunque
945 547 1027 601 modo

218 655 222 669 ¹
240 645 344 701 luerint
357 645 511 715 impetrata.
522 643 602 711 Quod
613 643 685 699 euim
701 641 808 713 publica
822 642 885 711 jura
899 639 1026 710 praescri·

134 793 137 799 ,
238 736 318 803 bunt,
329 736 417 807 magis
432 735 509 806 sequi
517 735 625 806 judiees
639 733 746 789 debent.
762 752 770 786 ι
785 730 818 787 Et
829 731 921 786 inira:
939 750 948 783 ι
963 729 1028 785 Per-

238 827 344 883 souaiia
364 826 507 897 rescripta,
526 841 587 897 qua
605 840 667 880 cunr
688 824 750 894 jure
772 822 950 889 concordant,
979 837 1028 876 ra·

238 920 313 975 icant
327 934 404 974 more
425 928 546 975 ueterum
564 936 571 972 z
588 926 616 972 et
639 915 751 987 negotii,
773 914 807 971 dc
834 931 889 986 quo
905 913 1027 986 loquitur

239 1019 335 1066 nostra
349 1010 505 1083 rescriptio,
519 1009 582 1065 linis
594 1008 656 1065 latae
667 1009 809 1064 sentcntiae
822 1007 946 1063 tenuiuis
961 1021 1027 1061 ceu·

239 1107 343 1154 scatur.
362 1098 486 1169 Speeiaie
498 1108 589 1154 autem
605 1097 628 1154 si
649 1098 714 1168 quid
731 1096 837 1166 iegibus
857 1111 889 1152 ae
906 1095 962 1166 iuri
976 1096 1028 1150 im·

239 1179 330 1260 portat
358 1189 498 1260 injuriam,
525 1187 657 1245 obolitum
684 1188 862 1258 exstirpetur.
894 1207 903 1239 r
930 1185 1025 1241 item:

1078 460 1203 507 cassetur
1216 448 1377 520 quidquido
1396 448 1518 518 quolibet
1535 455 1631 502 eontra
1650 461 1770 503 canones
1790 449 1854 506 diri·

1078 557 1142 597 uam
1168 551 1196 597 et
1216 540 1355 609 antiquam
1379 538 1515 609 justitiam
1531 536 1718 605 defendentes,
1734 540 1774 594 rei
1792 556 1854 596 noro

1078 631 1378 703 scriptocontirmatur,
1389 631 1432 685 rei
1443 630 1547 701 absque
1556 629 1661 699 scripto
1673 644 1722 700 per
1733 630 1853 701 injustam

1079 724 1274 780 modcmarum
1287 723 1519 780 consuetudinum
1533 721 1670 795 iustitiam
1686 720 1786 793 injuste
1796 737 1854 795 pre

1078 815 1208 872 sumitur.
1793 834 1796 838 ·

1113 906 1265 980 Episcopus
1292 920 1359 979 ergo
1381 907 1457 962 side
1476 921 1528 963 sua
1540 908 1668 979 portione
1682 907 1855 978 aliquiddxrc
1912 899 1913 964 Ϊ

1077 998 1120 1053 ιιι
1136 1007 1267 1069 prestare
1278 997 1406 1065 volucrit,
1420 996 1496 1053 datio
1518 998 1560 1054 rei
1585 999 1723 1068 praestatio
1734 997 1814 1067 iliius,
1826 1013 1855 1054 eo

1079 1088 1196 1155 rirerrte,
1213 1088 1305 1155 stabit,
1323 1087 1381 1143 sire
1396 1087 1430 1142 ad
1451 1087 1569 1143 salutem
1591 1088 1649 1144 sire
1663 1089 1698 1144 ad
1711 1088 1857 1144 damnatio

1078 1195 1140 1234 nem
1156 1177 1260 1249 ipsius;
1280 1187 1362 1249 prout
1376 1193 1406 1234 se
1429 1177 1557 1234 babuerit
1566 1177 1685 1234 dationis
1698 1179 1740 1235 rei
1752 1188 1857 1249 presta·

243 1277 318 1334 cruta
333 1279 433 1350 scirpia
459 1280 677 1351 uniuscuiusque
699 1278 879 1350 supplicantis
892 1277 1027 1334 desiderio
1078 1270 1162 1326 rionis
1183 1270 1290 1325 nouus.
1314 1267 1343 1324 tn
1365 1285 1419 1340 qui
1446 1282 1537 1325 tamen
1564 1269 1731 1327 nexiones-ci
1749 1281 1857 1341 presu-

238 1383 371 1428 concessa
385 1373 558 1442 praevaleant,
574 1384 601 1429 ot
618 1373 726 1429 ellectui
741 1372 949 1443 ruarrcipcntur;
967 1387 1028 1441 quae
1078 1361 1163 1427 ῑὶθιιῦ,
1184 1361 1208 1416 ⁵5
1233 1361 1385 1432 periculum
1409 1370 1473 1416 ³⁰¹0
1499 1371 1617 1418 ¹¹¹⁰l10¹¹¹
1638 1373 1778 1433 “difficili
1806 1365 1857 1434 ipse

238 1472 303 1514 eum
317 1457 388 1529 juris
401 1468 428 1515 et
453 1461 543 1532 legum
566 1461 672 1517 ratione
696 1462 864 1518 concordant
883 1479 889 1515 :
905 1476 936 1516 ea
951 1475 1027 1527 rere,
1077 1469 1188 1524 quoque
1201 1452 1301 1508 diuinis
1321 1453 1427 1524 iegibus
1445 1451 1532 1507 lrotus
1549 1449 1700 1509 dissolvere
1711 1452 1808 1523 poterit
1820 1453 1856 1509 la·

239 1562 302 1618 quac
327 1547 504 1618 subreptione
533 1549 574 1603 rel
603 1549 680 1606 laisis
694 1549 822 1621 precibus
838 1548 953 1604 forsitan
975 1550 1028 1603 im·
1077 1553 1151 1599 etum
1173 1559 1265 1611 suum,
1290 1560 1389 1601 caveus
1413 1553 1468 1603 tam
1492 1561 1573 1603 suum
1598 1561 1680 1617 quam
1707 1545 1857 1616 accipientis

239 1644 399 1706 petrantur,
429 1636 534 1691 riudam
566 1637 786 1709 supplicantibus
819 1638 910 1694 ierant
936 1654 1028 1694 roure·
1078 1635 1240 1705 perieulum.
1253 1634 1302 1692 Est
1314 1637 1387 1691 enirn
1399 1637 1513 1693 donanti
1531 1646 1559 1693 ct
1571 1637 1643 1692 maie
1655 1635 1800 1707 accipienti
1811 1635 1857 1691 du·

238 1726 325 1781 dirim.
342 1745 352 1779 x
1042 1706 1144 1780 Bduur
1170 1741 1186 1780 a
1204 1724 1371 1797 Symmacho
1392 1741 1462 1799 papa
1485 1727 1637 1798 periculum
1653 1741 1701 1797 per
1716 1725 1809 1781 orbem
1820 1725 1857 1781 di

274 1817 340 1874 itcm
364 1819 391 1873 in
423 1818 539 1874 coneilio
572 1818 735 1889 praesidente
759 1834 828 1891 papa
861 1818 1026 1891 Syuuuaciro
1077 1817 1228 1889 uulgatum.
1244 1836 1254 1870 ι
1272 1816 1473 1890 Quicunque»
1502 1819 1602 1890 inquit,
1623 1838 1633 1870 ι
1651 1818 1856 1886 obiitusbei,et

239 1910 332 1964 Romae
345 1910 492 1976 celebrato,
516 1925 577 1964 eum
603 1909 701 1966 inisset
722 1910 906 1981 presentibus
920 1913 1027 1968 cunctis
1077 1910 1177 1965 decreti
1191 1909 1273 1979 buius
1285 1910 1429 1966 immemor
1439 1910 1589 1982 quidquam
1604 1910 1638 1967 de
1651 1910 1714 1982 jure
1725 1910 1856 1967 titulorum

238 2015 322 2071 prava
334 2001 457 2070 quaedam
473 1999 634 2056 constitutio
656 2002 780 2070 recitata,
796 2001 959 2058 Laurentius
969 2004 1028 2074 epi·
1078 2000 1121 2056 rei
1137 1998 1267 2056 Ecclesiae
1283 2011 1414 2072 perpetuo
1429 2000 1492 2072 jure
1503 2002 1623 2058 alienare
1639 2001 1801 2070 tentarerit3
1814 2001 1856 2057 do·

238 2107 338 2162 scopas
355 2091 565 2148 blcdioiarrcnsis
592 2092 721 2151 Ecclesiae
744 2096 834 2152 dixit:
856 2116 865 2148 ι
883 2096 938 2154 Ιιιι
958 2099 1028 2154 sori·
1078 2101 1168 2158 notor,
1187 2091 1322 2146 alienator
1336 2107 1369 2148 ae
1384 2092 1509 2148 realiter
1530 2093 1645 2150 lionoris
1658 2091 1704 2149 sui
1717 2093 1857 2149 amissione

239 2192 319 2255 ptura
335 2183 440 2238 uuilum
463 2184 551 2254 potuit
574 2185 696 2258 obligare
719 2187 886 2258 pontissecm,
908 2189 1028 2245 maxime
1079 2183 1220 2238 nubiletur·
1240 2201 1250 2235 ι
1271 2182 1340 2239 Ecce
1354 2185 1536 2256 qualispoetta
1559 2185 1647 2241 daturi
1673 2194 1701 2242 et
1725 2185 1856 2241 alienatori

239 2290 302 2330 euru
319 2290 369 2330 nce
383 2291 452 2345 papa
469 2276 672 2347 subscripserit,
688 2294 738 2335 nee
750 2278 867 2350 oiicrrjus
877 2279 1027 2336 seeundum
1078 2278 1275 2348 prescribitur,
1290 2279 1354 2346 nisi,
1367 2292 1397 2335 ut
1412 2280 1484 2348 idem
1501 2296 1570 2354 papa
1587 2281 1615 2337 in
1629 2280 1856 2354 sequentibusdc·

238 2377 359 2420 canones
382 2365 585 2437 metropolitani
611 2367 717 2439 legatur
742 2384 909 2428 assensus.»
930 2368 1028 2427 Petrus
1078 2369 1218 2437 terminat,
1234 2384 1295 2424 mos
1307 2369 1352 2426 iiie
1370 2370 1398 2424 iu
1414 2370 1526 2426 datione
1544 2379 1668 2426 serretur
1685 2370 1756 2443 :qui
1770 2385 1856 2427 secun·

239 2454 383 2526 spiscopus
411 2454 577 2513 ilnrcunaris
599 2457 730 2515 Ecclesiae
750 2459 819 2516 dixit
839 2479 845 2515 :
869 2479 878 2514 r
903 2460 1029 2532 Scriptu-
1078 2461 1145 2517 dum
1162 2460 1317 2515 animarum
1340 2460 1591 2518 considerationem
1607 2463 1751 2533 proposito
1762 2461 1857 2533 religio

240 2561 310 2613 ranr,
325 2564 385 2618 quae
402 2549 428 2602 in
443 2559 537 2606 nostra
551 2553 762 2625 congregatione
775 2554 882 2626 irrigata
903 2563 955 2623 cst,
967 2556 1029 2611 nui·
1079 2551 1123 2608 nis
1138 2554 1287 2608 conuenire
1312 2554 1430 2610 ridetur.
1447 2554 1611 2611 audirimus
1627 2569 1740 2626 poenam
1754 2555 1857 2611 donato

239 2638 275 2693 iis
288 2638 391 2695 uiribus
406 2640 525 2696 existere
541 2642 717 2701 manifestum
733 2654 786 2713 est,
799 2646 863 2717 quia
875 2648 1029 2703 canonibus
1079 2643 1118 2698 ris
1133 2643 1247 2711 incauti,
1263 2645 1476 2718 audiamusque
1494 2663 1575 2718 poena
1596 2646 1668 2703 idern
1682 2662 1756 2718 papa
1771 2647 1857 2719 petito-

240 2745 295 2786 nou
324 2733 463 2788 convenit.
490 2753 500 2786 ι
527 2732 649 2790 Euiaiius
675 2737 821 2807 episcopus
849 2737 1030 2810 Syracusana
1079 2736 1375 2807 ttutt'clatcepiorem
1392 2736 1855 2808 incaummiutiearrecutiunt·

239 2818 368 2878 Ecclesiae
385 2823 476 2880 dixit:
499 2843 509 2877 ι
529 2823 710 2897 Scriptorum,
735 2842 796 2898 quae
811 2828 840 2884 lu
864 2829 1028 2886 sacerdotali
1079 2823 1208 2895 inquit,‹
1231 2828 1415 2898 petrocinum
1435 2829 1582 2900 acceperit,
1603 2828 1646 2885 rei
1663 2830 1715 2901 qui
1730 2829 1858 2902 presbyte

239 2912 354 2968 recitata
369 2923 422 2983 est,
438 2916 651 2974 euidentissimis
665 2919 838 2975 documentis
854 2919 999 2976 inualidum
1019 2937 1027 2976 z
1079 2931 1173 2972 rorum
1193 2932 1226 2973 ac
1245 2917 1435 2984 diaconorum.
1456 2935 1504 2976 ιιι
1522 2920 1698 2977 defensorum
1710 2921 1782 2978 danti
1798 2920 1860 2975 sub·

240 3002 329 3075 primo
342 3008 416 3077 quod
431 3017 526 3063 eontra
549 3007 661 3066 Patrum
683 3013 792 3082 regulas
820 3010 890 3067 iacta
903 3011 1027 3080 uidetur3
1043 3029 1064 3089 c
1081 3007 1233 3078 scripserit,
1247 3024 1304 3080 quo
1318 3010 1406 3068 iratus
1428 3011 1501 3068 licus
1524 3013 1632 3071 arrietes
1653 3012 1780 3086 percutit,
1795 3026 1858 3067 arra·

240 3092 338 3151 deinde
349 3097 423 3168 quod
438 3097 542 3155 nuliius
564 3100 691 3171 praesuiis
703 3100 860 3172 apostolicae
872 3100 946 3157 sedis
961 3101 1028 3156 sub·
1081 3100 1201 3156 tbcmotc
1215 3099 1340 3157 leriatur.
1361 3121 1371 3155 r

180 3251 195 3272 .
240 3186 390 3255 scriptione
414 3189 521 3244 firmata
543 3190 667 3248 docetur.
691 3211 700 3244 x
728 3190 824 3249 item:
844 3210 853 3242 ι
877 3191 1030 3262 Cujusiibrt
1117 3188 1292 3247 Utautcnriu
1305 3193 1427 3250 rictorem
1440 3203 1467 3251 et
1479 3205 1650 3266 acceptorem
1666 3195 1708 3252 sic
1723 3196 1858 3251 uindictam
1915 3229 1916 3244 ι

243 3275 393 3345 provinciae
408 3279 565 3337 sacerdotes
581 3281 651 3337 intra
678 3296 743 3338 suos
758 3282 891 3338 termines
911 3283 1029 3339 concilio
1080 3282 1205 3348 dictaret,
1219 3291 1354 3354 quatenus
1379 3294 1470 3342 tamen
1492 3286 1526 3342 dc
1551 3287 1610 3357 ipsa
1630 3287 1755 3343 vindicta
1767 3289 1859 3342 exitura

240 3366 336 3422 habito
350 3369 485 3441 quidquid
501 3372 561 3428 sine
583 3365 788 3444 metropolitani
807 3374 850 3429 sui
865 3375 1030 3431 auctoritate
1079 3381 1107 3427 et
1120 3374 1278 3428 evasionem
1293 3384 1479 3434 monstraret:
1495 3396 1504 3428 ι
1522 3377 1573 3441 Sit,
1590 3396 1599 3427 ι
1621 3377 1723 3448 inquit,
1742 3397 1752 3431 ι
1770 3378 1861 3433 aliena·

240 3458 395 3526 statuerint,
423 3460 531 3517 irritum
560 3478 621 3520 csse
643 3462 737 3521 Patres
760 3465 846 3521 sancti
867 3476 1027 3524 sanxerunt.
1080 3463 1143 3532 tori,
1156 3465 1311 3535 accipienti,
1328 3466 1530 3538 subscribenti,
1554 3483 1637 3539 quun
1661 3470 1859 3539 praemisimus,

240 3542 324 3618 drgo,
343 3549 417 3618 quod
441 3562 639 3622 praesumptum
661 3554 848 3625 cognoscitur,
861 3554 966 3613 uiribus
981 3574 1028 3613 ca·
1080 3554 1209 3620 uindicta,
1227 3553 1278 3609 uisi
1291 3553 1360 3611 lorte
1373 3565 1400 3611 et
1412 3557 1619 3624 alienatorsiiri,
1635 3558 1703 3613 dum
1720 3559 1860 3634 repetit;ct

240 3649 302 3691 rere
315 3652 371 3692 nou
381 3639 496 3695 dubium
512 3650 565 3710 cst,
579 3658 630 3699 nee
654 3659 735 3714 posse
751 3645 822 3702 iuter
842 3646 1030 3705 ecelesiastica
1080 3645 1126 3717 qui
1140 3645 1255 3728 accepit,
1268 3646 1351 3702 celeri
1370 3648 1542 3704 restitutione
1556 3650 1744 3720 prospexerit.
1757 3649 1860 3718 Quodsi

241 3727 318 3783 nulio
350 3732 431 3788 modo
457 3742 559 3789 statuta
593 3735 709 3806 censeri.
739 3756 748 3790 ι
775 3737 876 3793 Sarncta
908 3740 1029 3812 synodus
1080 3737 1289 3794 nrirroriouinne
1314 3740 1602 3812 succuraquisquam
1622 3742 1777 3798 remedium
1795 3742 1860 3797 obla·

241 3822 311 3878 dixit
326 3843 333 3879 ι
350 3844 359 3877 ι
374 3826 453 3896 Apud
469 3842 519 3882 uos
534 3837 639 3884 certum
650 3829 758 3885 ridetur
774 3830 846 3887 lianc
860 3831 947 3902 ipsam
960 3834 1030 3888 scri-
1081 3835 1137 3883 tum
1152 3829 1221 3886 sorte
1238 3830 1397 3901 neglexerit,
1417 3846 1500 3901 supra
1526 3847 1558 3886 ea
1585 3847 1732 3902 poenarum
1761 3847 1860 3906 genera,

242 3927 350 3983 pturam
372 3918 474 3974 nuliius
488 3933 550 3976 osse
567 3921 699 3976 momenti
717 3937 802 3992 quarn
817 3922 899 3978 etium
915 3924 1030 3995 provido
1080 3935 1141 3990 que
1157 3920 1283 3991 superius
1294 3929 1423 3977 leuentur
1435 3922 1565 3992 ascripta,
1579 3931 1676 3978 contra
1697 3922 1752 3992 las,
1762 3924 1785 3980 si
1796 3922 1859 3996 qued

241 4004 418 4064 incertitudinis
437 4018 535 4066 uestrae
548 4012 682 4067 sententia
696 4013 821 4069 crrcrrari
836 4015 1029 4082 conueniebat,
1080 4025 1241 4084 conceptum
1258 4012 1340 4069 luerit
1365 4013 1571 4080 documentum,
1587 4014 1728 4072 uniuersis
1754 4016 1859 4079 uiribus,

223 4108 270 4160 ,st
285 4099 312 4154 in
326 4100 433 4156 irritum
452 4102 561 4171 deduci,
578 4119 613 4159 ue
641 4104 669 4160 iu
693 4105 849 4177 exemplum
875 4117 1032 4164 remaneret
1080 4104 1206 4174 quamtis
1234 4102 1269 4158 ab
1291 4103 1370 4158 initio
1389 4105 1479 4160 nullas
1507 4106 1633 4161 imbuerit
1671 4146 1680 4161 .
1723 4147 1731 4162 .
1773 4150 1780 4162 .
1817 4107 1859 4161 Sel

242 4191 428 4259 praesumendi
452 4193 620 4267 quibuslibet
644 4195 732 4262 laicis,
747 4199 875 4268 quamvis
892 4200 1030 4271 religiosis
1079 4195 1161 4249 ctiaru
1182 4194 1264 4248 licoat
1285 4194 1497 4264 quibuscunque
1520 4194 1718 4253 ecciesiasticis
1746 4195 1861 4269 personis

241 4283 284 4338 roi
298 4284 465 4355 potentibus,
478 4285 505 4339 iu
516 4302 680 4362 quacunque
690 4288 800 4346 civitate
814 4291 935 4361 quolibet
946 4291 1029 4346 morto
1079 4297 1174 4337 rocem
1186 4282 1531 4352 contradictionisofferre,
1540 4291 1566 4339 et
1575 4286 1769 4342 ecelesiastica
1783 4295 1861 4341 arruo

242 4369 346 4442 aliquid
374 4373 522 4431 dccci-nere
545 4375 579 4432 de
611 4377 807 4435 occimiqsticis
833 4378 1026 4447 recurrantur„
1042 4371 1065 4425 ii
1080 4372 1159 4426 ritate
1174 4370 1264 4425 luiciri
1280 4370 1337 4426 :ita
1353 4382 1381 4426 ut
1396 4387 1459 4427 curu
1473 4372 1608 4429 lructibus
1619 4376 1709 4446 possit
1726 4377 1813 4432 aliena
1827 4389 1861 4428 rt-

242 4478 359 4532 quarunr
383 4466 449 4521 solis
471 4467 660 4525 sacerdotibus
683 4469 837 4526 indiscusse
853 4485 869 4525 a
884 4470 940 4528 ileo
962 4486 1029 4527 euru
1080 4475 1202 4533 poscere·
1217 4460 1272 4515 Nec
1287 4462 1380 4533 {illuto
1394 4479 1423 4519 sc
1437 4476 1501 4520 autc
1516 4465 1637 4521 tribunal
1657 4466 1765 4524 Christi
1781 4468 1862 4522 obsta·

242 4555 391 4612 commissa
418 4556 544 4636 «locetur.
573 4577 583 4611 i
610 4558 792 4631 symmachus
829 4576 900 4631 papa
925 4561 1029 4619 dixi12
1080 4552 1143 4607 cuio
1159 4551 1275 4619 muniat,
1290 4554 1337 4623 qui
1359 4554 1522 4621 aruiipiosie
1536 4555 1683 4613 animabus
1695 4558 1731 4613 ad
1745 4558 1862 4615 substare

247 4664 256 4695 ι
271 4642 346 4715 Opus
361 4656 402 4702 esi
424 4649 677 4706 utsuiiieituriinem
690 4661 878 4707 nostrumnon
892 4654 981 4709 solum
996 4656 1030 4710 ad
1081 4643 1146 4698 iiim
1162 4658 1312 4713 pauperum
1326 4631 1456 4700 llei'ssiil‘ii
1470 4654 1565 4701 “⁰⁰⁰³
1583 4644 1625 4703 [²⁸
1636 4647 1697 4704 siue
1709 4649 1802 4719 ‘ilidii
1812 4647 1849 4718 i‘ie

243 4738 398 4805 praesentia,
418 4741 561 4796 sedetiam
587 4742 620 4797 ad
646 4751 774 4799 secutura
795 4744 1031 4816 saecuiaperriga-
1081 4739 1145 4794 tatis
1159 4737 1378 4794 corrsidcratione
1397 4739 1568 4810 “bdellii-i

244 4839 316 4879 raus.
329 4825 402 4899 lirpo
415 4840 511 4886 coutru
526 4831 603 4889 lassi
618 4833 691 4904 quod
707 4842 870 4905 conceptum
891 4835 972 4891 luerit
983 4836 1031 4892 do·

243 4924 402 4971 eumenium
430 4920 567 4978 uniuersis
591 4925 716 4992 uiribus,
744 4928 870 4996 quamvis
891 4927 926 4982 ab
952 4928 1031 4984 initio

243 5004 333 5063 nullas
349 5006 476 5065 bairuerit
550 5011 584 5068 Et
606 5015 687 5072 liccat
710 5018 923 5089 quibuscunque
942 5019 1026 5076 eccie-

244 5095 364 5155 siasticis
376 5101 502 5171 personis
527 5119 620 5160 rocem
636 5108 863 5165 contradictionis
881 5107 991 5176 ollcrrc,
1004 5118 1032 5166 ιι

242 5191 431 5249 ecelesiastica
445 5194 610 5251 auctoritate
624 5197 725 5254 turicini.
745 5220 754 5253 ι

279 5282 328 5341 iiis
342 5284 468 5342 decursis
481 5295 556 5357 patet
570 5290 700 5360 quonium
720 5306 770 5347 nec
789 5291 888 5349 diuinae
899 5293 972 5364 lepos
991 5290 1032 5347 la·

242 5386 308 5437 veut
320 5377 465 5435 monacbis
479 5388 587 5452 partem
607 5381 725 5453 episcopi
747 5392 877 5455 perpetuo
887 5384 950 5454 jure
968 5399 1033 5454 pos·

243 5469 413 5540 sidentibus,
428 5487 480 5528 nce
500 5474 593 5530 saecuii
609 5475 683 5547 leges
694 5475 786 5532 lavent
800 5476 935 5532 militibus
948 5474 1032 5531 boue·

233 5559 349 5637 Jieiario
359 5560 423 5632 jure
441 5563 564 5622 decimas
584 5574 611 5623 et
628 5567 814 5626 ecclesiastiea
840 5566 941 5639 predia
964 5568 1031 5622 roti-

245 5665 320 5717 nere,
340 5643 503 5722 ao'postcris
527 5657 586 5713 suis
601 5658 756 5729 relinquere
772 5659 944 5727 iacientibus,
967 5675 1030 5714 earn

1361 4850 1476 4907 CAPUT
1494 4851 1587 4908 iiiii.

1083 4943 1215 4999 ilortotur
1238 4943 1372 4999 Gerlrolrus
1396 4946 1530 5016 episcopos
1555 4946 1623 4998 urob
1648 4943 1723 5014 [arcta
1755 4936 1862 5010 ιιιιιιὶι

1130 5013 1206 5069 Petri
1216 5031 1233 5068 n
1243 5013 1330 5069 Paulo
1345 5015 1459 5085 correpti
1469 5017 1609 5069 cnuudere
1620 5029 1652 5068 oc
1665 5023 1818 5068 retractare.

1117 5105 1213 5162 Tantis
1220 5120 1285 5177 ergo
1296 5105 1506 5161 auctoritatibus
1515 5105 1542 5160 in
1553 5115 1679 5176 promptu
1689 5104 1800 5174 prsitis,
1808 5099 1861 5172 quis

1082 5208 1124 5255 est
1148 5199 1341 5270 episcoporum
1362 5195 1410 5267 qui
1436 5211 1491 5251 uou
1518 5196 1633 5251 libenter
1659 5203 1755 5251 utatur
1780 5192 1861 5250 canu

1082 5291 1135 5348 sibi
1153 5290 1286 5356 remedio,
1303 5289 1375 5360 quoii
1394 5289 1465 5343 maie
1478 5288 1554 5344 dedit
1576 5287 1618 5343 rel
1634 5283 1860 5358 praestruerem

1083 5382 1202 5440 secudu?
1216 5380 1283 5449 Quis
1296 5389 1338 5438 est
1351 5380 1425 5435 urim
1438 5380 1523 5434 bomo
1542 5379 1586 5435 cui
1602 5393 1656 5433 non
1668 5377 1758 5449 possit
1767 5374 1861 5432 occide

1083 5490 1123 5542 re,
1136 5481 1167 5529 ut
1180 5484 1228 5545 per
1243 5473 1368 5527 timorem
1387 5471 1430 5527 rei
1449 5486 1498 5540 per
1512 5469 1693 5543 ignorantiam
1709 5484 1776 5523 curn
1791 5464 1860 5520 een

1084 5566 1195 5637 peccet?
1211 5563 1290 5632 Quod
1317 5564 1341 5619 si
1362 5562 1501 5629 acciderit,
1514 5561 1581 5633 quid
1599 5569 1683 5618 restat
1696 5559 1787 5630 lapsis
1806 5569 1859 5613 ctu

1085 5657 1176 5724 Petro,
1205 5657 1258 5712 nisi
1282 5665 1312 5714 ut
1328 5662 1473 5727 resurgant
1487 5668 1549 5710 rum
1564 5652 1659 5712 Petrei
1678 5650 1780 5712 Petrus
1796 5645 1860 5705 enta
