3892 6067
124 212 173 270 ΩΙ
417 212 697 275 collustrantur
718 217 752 275 ΙΝ
768 219 938 279 PSALMOS.
957 253 993 263 -ν
1010 220 1102 282 PARS
1121 223 1176 283 vll.
1195 258 1230 269 —
1247 225 1344 287 esst.
1365 226 1482 289 bxvltl.
1703 233 1759 294 m

123 329 245 400 angelo:
279 347 290 382 r
315 328 403 396 Quem
430 330 532 401 queris
559 333 682 392 mulieri
696 336 830 395 virentem
856 339 957 396 catull
1007 336 1091 397 Vsus.
1108 340 1155 399 35.
1170 340 1239 399 llale
1255 344 1369 415 gloriam
1383 342 1438 401 Deo
1454 342 1565 404 Gbrlsto
1584 347 1758 408 luroceuir-

123 420 264 477 normis?
283 417 388 490 oldae.
407 435 483 489 rrrr,
495 421 536 494 5.)
550 423 602 479 Gui
616 433 643 481 et
665 426 725 496 ipse
736 427 805 483 dirit
817 426 916 484 lesus:
970 428 1037 484 tutis
1051 439 1077 485 et
1093 446 1168 487 nurrc
1180 431 1208 488 in
1224 432 1346 492 Ecclesia
1361 439 1497 508 operanti,
1512 447 1540 494 et
1550 439 1577 495 in
1595 439 1651 499 line
1664 443 1758 499 omnia

123 535 135 567 a
152 513 215 571 lloli
228 530 274 571 me
287 523 400 587 tangere
412 534 420 571 r
446 517 570 573 nondum
583 519 658 575 enim
671 520 784 577 ascendi
805 521 840 577 ad
864 519 915 577 Pa·
966 516 1135 589 iudicaturo,
1145 536 1179 578 nc
1189 522 1277 579 bonos
1287 523 1321 579 dc
1330 526 1422 581 medlo
1438 527 1573 583 malorum
1585 540 1756 600 separatore.

121 615 191 663 trem
205 603 473 676 mancupiorum,
492 607 548 673 Π).
567 627 577 662 ι
601 607 641 665 dc
664 610 796 667 sidicat:
818 609 848 665 ln
871 620 918 667 tun
968 607 1049 666 Tunc
1063 610 1156 683 impiis
1173 612 1202 668 in
1217 611 1354 669 inleruum
1369 614 1507 686 proiectis,
1524 631 1607 687 super
1625 616 1758 686 lsraei‚id

120 696 186 765 dde,
198 711 255 769 qua
275 710 322 753 me
338 696 430 754 credis
443 713 460 754 a
475 709 655 757 monumento
670 700 819 769 sublatam,
847 715 918 757 non·
967 707 1011 756 est
1032 701 1119 758 bonos
1138 701 1186 757 liei
1205 702 1312 759 risione
1324 703 1422 773 dignos
1436 704 1489 759 erit
1508 705 1621 762 evidens
1634 707 1759 777 magnifi-

121 789 189 844 dum
200 787 355 845 arcendied
370 787 478 845 Patrem
501 804 614 860 mcum3
633 791 754 849 nondum
770 792 879 848 arcendi
889 793 916 849 in
967 791 1054 846 acatia
1069 791 1144 862 ejus,
1169 793 1234 862 quia
1257 808 1328 863 auos
1342 794 1450 850 uocauit
1468 802 1495 849 ct
1507 794 1677 865 justificant,
1697 797 1758 853 illos

121 886 246 936 montem
260 876 361 935 (llireti
374 895 454 949 rtprr
475 878 554 935 calor
577 879 714 936 remman
729 880 852 952 Denique
864 882 917 938 bo·
966 886 1033 936 tuuc
1047 880 1238 951 munificabit.
1254 881 1290 937 Et
1312 882 1395 937 uirtus
1418 881 1477 948 elur
1502 883 1530 937 la
1553 882 1757 955 stabiliendum

121 971 207 1028 ruinis
224 970 361 1041 mumpti
378 971 507 1027 ascensio
532 987 612 1042 super
631 970 709 1028 calor
728 970 865 1041 emmor,
888 971 917 1028 id
966 985 1024 1041 prae
1034 972 1140 1028 ceteris
1154 970 1249 1028 electis
1264 971 1291 1027 in
1306 972 1414 1029 uirtutis
1429 973 1515 1045 gloria
1527 984 1593 1030 tuuc
1605 973 1757 1047 inlgebunt,

120 1071 163 1119 rst
189 1075 274 1133 super
298 1061 448 1119 altissimos
474 1061 587 1119 ordines
611 1062 770 1134 augelorum
792 1104 801 1130 ,
824 1062 916 1121 suita
965 1060 1013 1131 qui
1030 1061 1161 1119 utnubes
1186 1061 1305 1119 rolando
1328 1063 1447 1135 pluriam
1470 1064 1652 1120 uoluntariam
1678 1065 1759 1139 louge

121 1162 217 1211 sumite
230 1151 343 1222 Glireti,
358 1153 491 1225 quoniam
503 1153 585 1211 Peter
598 1154 853 1212 misericordiarum
869 1154 917 1212 de·
967 1150 1075 1222 lateque
1099 1161 1289 1223 portaverunt,
1315 1162 1343 1211 et
1369 1155 1512 1211 miraculis
1538 1156 1710 1214 coruscando
1724 1172 1758 1213 ae

120 1241 161 1299 dit
182 1243 239 1299 lroc
259 1242 310 1310 illi,
323 1244 410 1312 {sicut
434 1244 493 1316 lpse
506 1244 545 1301 ait
559 1263 567 1300 z
591 1263 602 1298 r
618 1243 718 1302 Omnia
735 1246 803 1302 mibi
817 1245 915 1303 tradita
965 1244 1095 1317 precibus
1107 1252 1135 1300 et
1157 1245 1265 1302 meritis
1289 1245 1481 1303 obumbrando
1500 1262 1531 1304 se
1543 1248 1666 1304 minores
1677 1248 1758 1320 Juve-

119 1344 219 1391 runta
244 1334 329 1392 Patro
350 1350 415 1392 meo
429 1334 541 1407 (llettlr.
563 1352 602 1404 rr,
616 1335 695 1408 dil.»
717 1336 810 1410 Aquo
823 1339 916 1411 utique
967 1342 1032 1390 runt
1054 1343 1082 1390 et
1095 1343 1288 1406 praetexeruut.
1304 1333 1344 1393 Ne
1357 1344 1450 1392 tutem
1472 1336 1499 1392 iu
1523 1338 1635 1394 nomine
1648 1337 1756 1395 uellere

118 1425 204 1485 Patre
214 1426 312 1481 dotem
324 1436 366 1484 eet
379 1427 486 1484 bomini
498 1442 598 1485 nemen
617 1428 677 1497 liei,
690 1429 765 1501 qnod
778 1438 821 1486 esa
833 1444 917 1500 snper
966 1423 1030 1496 qrris
1046 1423 1137 1496 capiat
1155 1425 1241 1482 aliurn
1255 1425 1434 1494 intellectum,
1449 1426 1511 1489 deu
1524 1426 1679 1485 euidentius
1695 1447 1703 1484 :

117 1533 205 1574 omne
215 1532 328 1588 nomen,
343 1526 375 1574 ut
388 1519 516 1577 videlicet
543 1520 628 1578 bomo
652 1522 811 1579 nominetur
833 1521 914 1591 Deus,
1002 1513 1086 1572 Vens.
1098 1515 1143 1573 56.
1161 1515 1295 1573 lliralllir
1312 1517 1381 1575 llere
1395 1519 1424 1573 ia
1436 1520 1537 1575 raaetir
1550 1521 1606 1575 sair
1625 1518 1707 1587 bear,
1718 1519 1758 1576 di·

118 1624 175 1665 nou
190 1617 222 1665 ut
241 1609 279 1665 dii
294 1611 372 1667 multi
399 1627 449 1683 per
470 1612 655 1685 adoptionem,
668 1614 716 1670 sed
740 1622 771 1670 ut
784 1612 855 1670 lilius
869 1614 901 1668 tt
965 1619 1018 1671 ⁰⁰·
1041 1603 1145 1674 hm!-
1175 1607 1203 1662 Μ
1217 1596 1270 1664 ’θδῑ
1295 1608 1405 1664 lll⁰l¹¹m
1431 1607 1597 1679 δυθθίῦῑῑῑθΐ,
1623 1609 1671 1680 (illi
1691 1617 1757 1664 ²⁰¹¹ss

118 1700 222 1757 tissimi
244 1716 294 1773 per
315 1704 532 1774 generationem,
557 1705 622 1777 qrria
642 1714 670 1762 et
693 1706 746 1764 boc
767 1707 861 1763 datum
873 1714 916 1763 est
930 1666 953 1721 B
966 1706 1048 1754 tullii
1070 1696 1169 1766 kmi»
1184 1699 1288 1755 ¹¹¹l¹¹ld⁰
1301 1698 1428 1756 villelm
1441 1698 1535 1767 θθῐᾶθ,
1550 1698 1585 1755 ὖθ
1597 1712 1653 1770 <1⁰⁰
1668 1697 1755 1754 ⁰⁸⁰¹ss

9 1842 10 1865 ,
117 1793 238 1863 nomint,
253 1797 434 1856 urstrrruus
459 1798 688 1874 ttrrsstmnqnou
711 1801 915 1875 secernuntur
966 1787 1249 1847 strennuissime.
1271 1789 1756 1861 recuruatanaaroosacnnens

115 1887 331 1945 essentne
345 1889 519 1948 invtstunucr
531 1900 557 1949 er
583 1893 728 1950 irruenter
752 1893 780 1951 tn
793 1903 914 1951 monam
966 1877 1112 1949 amelonis
1132 1879 1299 1951 pmctpuam
1315 1878 1392 1936 naun
1410 1880 1644 1951 recollection-
1661 1880 1714 1937 Sed
1728 1888 1757 1937 st

115 1971 268 2041 Oliveti;a
300 1988 396 2046 qrroet
415 1979 525 2035 tractui
551 1980 646 2037 aarum
669 1991 721 2049 ρει,
748 1981 915 2038 ariopolim
965 1972 1222 2043 plcliruaeluunrili,
1237 1973 1388 2031 reseretis
1404 1973 1459 2030 illis
1474 1972 1591 2029 ddeiiter
1605 1972 1755 2040 obedienti,

115 2079 230 2136 auoque
244 2068 404 2125 ascenderet
422 2078 547 2127 amunte
564 2067 663 2128 oliveri
680 2086 763 2142 super
773 2072 852 2128 eatae
864 2088 915 2128 ιω.
965 2073 1049 2135 atquc
1062 2065 1201 2122 vinculum
1221 2065 1365 2122 charitatis
1382 2063 1547 2124 custodienti
1571 2063 1645 2119 dulit
1668 2064 1755 2120 sirta-

114 2154 205 2213 ioranr
218 2158 256 2212 ad
265 2160 401 2216 onerum.
965 2166 1017 2212 tem
1033 2157 1059 2212 in
1073 2158 1285 2225 resurreetione,
1299 2165 1330 2213 ut
1349 2157 1422 2228 quod
1436 2154 1602 2213 seminatum
1614 2164 1656 2211 est
1667 2155 1694 2209 in
1710 2155 1755 2209 in·

151 2247 236 2314 Quod
252 2259 345 2306 aulem
358 2251 440 2307 ctiam
465 2252 493 2307 in
510 2251 630 2309 bumana
648 2269 699 2310 sua
713 2255 914 2313 naturnvirtns
964 2249 1104 2316 ilrrtitate,
1129 2260 1223 2322 surgat
1237 2251 1266 2304 r'a
1286 2249 1394 2305 uirtute.
1419 2246 1500 2303 balio
1525 2245 1607 2301 etlam
1628 2244 1668 2300 illi
1687 2245 1756 2316 plebi

115 2336 156 2397 illi
171 2338 211 2393 sit
220 2338 326 2406 diuina,
341 2340 441 2396 exinde
456 2350 541 2412 patet,
555 2342 630 2414 quod
644 2360 712 2407 ecce,
734 2344 811 2400 dabit
824 2362 914 2402 recent
963 2350 1078 2398 caterius
1090 2340 1206 2396 inlirruae
1219 2340 1251 2394 in
1261 2338 1408 2408 semetipsa
1424 2336 1613 2393 fortitudinem
1625 2335 1754 2407 impassi-

114 2444 196 2482 rrnrnr
211 2445 301 2485 rocem
311 2432 428 2499 rirtotir,
452 2432 582 2490 eccedico
601 2434 793 2505 antecellens
808 2436 861 2493 erit
883 2438 912 2494 iu
963 2436 1088 2502 bilitntis,
1105 2450 1188 2507 quam
1204 2434 1263 2504 ipsc
1279 2432 1361 2488 babet
1375 2431 1402 2487 iu
1413 2444 1600 2501 corporesuae
1611 2428 1754 2493 claritatis,

114 2518 241 2576 fflrentu
254 2522 389 2589 secundo,
417 2538 470 2595 ego
494 2522 578 2580 barto
603 2525 683 2594 quasi
704 2526 913 2596 presentialiter
963 2528 1007 2584 cui
1031 2526 1249 2599 configurabitur
1270 2538 1372 2595 corpus
1394 2535 1498 2580 nostrae
1520 2520 1685 2578 humilitatis
1706 2534 1755 2590 per

113 2611 200 2668 rideo
210 2611 286 2683 quod
309 2613 365 2681 ille,
376 2613 424 2684 qui
435 2615 509 2671 sicut
528 2630 725 2685 agnoscerem
738 2618 868 2673 tondente
881 2633 912 2675 se
962 2608 1078 2690 gratiam
1090 2632 1148 2674 suae
1161 2616 1279 2688 pictatis.
1301 2613 1373 2687 Ergo
1396 2614 1547 2669 bcmdirtrn
1569 2611 1641 2666 lieet
1660 2609 1688 2666 in
1710 2610 1755 2665 bis

115 2702 180 2758 rinc
190 2716 260 2758 roco
273 2703 422 2771 obmutuit,
436 2705 465 2760 in
475 2714 600 2761 extremo
611 2705 717 2775 jndicio
728 2707 803 2762 dabit
824 2723 911 2762 aecem
962 2708 1039 2764 danie
1057 2710 1125 2772 sair,
1140 2718 1165 2762 et
1182 2714 1291 2761 torretur
1312 2705 1341 2759 ia
1351 2703 1473 2759 omnibus
1488 2701 1611 2773 openlar
1622 2702 1690 2756 sair.
1705 2698 1754 2755 tlcl

115 2807 173 2850 uon
199 2794 299 2865 utique
317 2793 494 2863 inllrmitatis,
523 2796 571 2854 aed
594 2798 712 2863 uirtutis,
738 2813 792 2870 qua
809 2798 910 2855 mortui
963 2814 997 2856 er
1014 2808 1078 2854 tunc
1091 2798 1243 2853 benedictus
1268 2795 1339 2851 llerrr
1357 2795 1385 2850 in
1402 2810 1450 2851 sua
1464 2793 1551 2869 gloria
1563 2791 1710 2857 ridebitur,
1726 2802 1755 2847 et

114 2885 340 2955 weciubuntur,
353 2886 428 2959 impii
438 2885 644 2958 judicabuntur,
658 2890 723 2947 boui
734 2906 844 2962 quoque
859 2891 912 2946 im·
962 2892 991 2946 ia
1005 2890 1104 2944 sanctie
1115 2887 1247 2943 mirabilis
1259 2886 1421 2942 mirabiliter
1432 2885 1468 2940 ab
1480 2883 1547 2956 ipsis
1559 2882 1756 2953 glorificabitur·

114 2975 313 3035 mutabuntur.
326 2976 416 3034 Etiam
432 2979 461 3036 in
476 2979 567 3050 primo
582 2981 699 3038 adventu
714 2996 768 3039 suo
788 2983 844 3038 roei
855 2988 946 3047 ruere
962 2980 1118 3037 dicentibus
1136 2978 1163 3034 iu
1175 2986 1307 3034 aurnum
1326 2974 1441 3046 singulis
1455 2982 1483 3031 ct
1502 2972 1632 3030 omuibus
1647 2987 1656 3027 z
1670 2970 1755 3028 Bene

113 3066 158 3122 rel
180 3083 271 3123 rorem
291 3084 368 3124 roam
381 3070 455 3128 dedit
475 3086 536 3129 esse
558 3089 646 3129 rerem
655 3074 771 3130 uirtutis.
785 3073 854 3131 Nam
868 3075 911 3131 di·
964 3073 1051 3128 dictas
1072 3071 1152 3129 beas.

112 3166 198 3214 cente
208 3159 258 3216 illo
281 3161 442 3221 humanitus
458 3183 466 3220 z
486 3164 624 3234 «Lauare,
640 3165 701 3222 verri
725 3163 800 3223 loras
816 3164 908 3236 (locu.
1000 3163 1092 3219 Gloria
1108 3162 1188 3217 Patri
1200 3160 1327 3226 Domino,
1348 3158 1396 3230 qui
1410 3157 1485 3213 dabit
1505 3154 1612 3212 aeriam
1623 3154 1755 3226 narpol-

112 3266 155 3321 ιι,
168 3251 231 3321 tal,
246 3271 256 3306 r
269 3253 298 3310 iu
311 3267 381 3311 noce
390 3255 510 3313 humana
523 3267 636 3329 operata
649 3266 692 3315 est
705 3258 792 3316 virtus
804 3258 908 3316 dirior.
963 3256 1086 3311 rotatiles
1097 3255 1222 3311 virtutem
1234 3251 1356 3308 nontam.
1372 3250 1465 3306 Gloria
1484 3247 1567 3315 Filio,
1583 3247 1636 3318 ipsi
1650 3245 1756 3309 scilicet

113 3340 256 3405 Similiter
270 3345 299 3400 in
312 3345 420 3404 cacteris
430 3346 491 3419 eius
504 3347 585 3405 dictis
599 3348 728 3406 humanis
745 3349 843 3406 enituit
857 3350 910 3406 iul·
963 3343 1065 3412 Verbo,
1079 3343 1152 3415 quod
1167 3341 1379 3412 evangelizatur.
1402 3336 1495 3393 Gloria
1517 3335 1631 3408 Spiritui
1649 3344 1753 3405 sancto,

113 3449 166 3504 gor
186 3433 289 3492 diuinae
299 3436 416 3506 rirtotir,
428 3447 459 3494 ut
470 3454 534 3495 cnut
549 3438 618 3496 dixit
634 3438 742 3510 leproso
758 3438 910 3496 :Mandane
963 3438 1012 3510 qui
1025 3436 1113 3493 virtus
1124 3435 1270 3492 ambonem
1283 3432 1365 3490 datus
1387 3438 1430 3488 ert
1451 3429 1480 3486 iu
1495 3429 1567 3486 dona
1581 3426 1752 3484 bominibus.

114 3526 163 3583 itte
185 3526 337 3584 mundatus
358 3537 418 3598 cst3
444 3544 507 3587 curn
521 3530 588 3587 dixit
610 3545 705 3588 caeco:
721 3530 847 3603 Respice,
866 3531 911 3589 ille
964 3528 1032 3586 Vel:
1048 3527 1141 3588 Gloria
1157 3521 1484 3585 Patridilectoridilccti.
1506 3519 1599 3577 Gloria
1623 3517 1696 3573 Filio
1710 3517 1755 3572 ali-

114 3619 755 3687 moxridit3curudiritmortuo:Adolescens
768 3624 908 3681 tibidico:
962 3625 1031 3678 lecto
1055 3619 1147 3676 diecti
1170 3618 1309 3695 dilectoris
1339 3617 1393 3674 sui.
1417 3614 1511 3673 Gloria
1533 3611 1647 3685 Spiritui
1662 3620 1755 3676 saneta

114 3708 218 3781 Surge,
234 3710 281 3767 ille
294 3712 425 3769 tumuit.
449 3712 543 3786 Usque
562 3715 644 3772 bodie
661 3731 772 3788 quoque
792 3717 839 3772 dat
854 3718 910 3772 aori
963 3713 1109 3770 amborum
1134 3709 1285 3769 dilectioni.
1313 3706 1407 3763 Gloria
1428 3705 1477 3762 uni
1501 3720 1535 3761 ac
1558 3703 1627 3758 trino
1648 3701 1705 3755 lien
1718 3699 1755 3754 ab

113 3818 173 3857 ωε
188 3818 277 3857 roura
296 3805 405 3861 eirtutr'r
423 3807 563 3877 operando
585 3822 635 3878 per
648 3809 763 3865 uerbum
779 3824 859 3865 suum
880 3807 909 3864 iu
963 3814 1067 3863 aterno
1087 3811 1116 3859 et
1128 3816 1216 3873 usque
1231 3800 1259 3857 in
1274 3807 1407 3855 aeoernum
1426 3797 1453 3852 in
1475 3797 1546 3853 coelo
1559 3809 1669 3851 sursum
1683 3800 1712 3847 et
1725 3791 1753 3845 in

112 3892 215 3950 ciliciis
227 3894 420 3952 ministrorum
434 3913 549 3956 suorum
562 3906 645 3955 unta
657 3899 765 3957 uirtutis
775 3916 870 3972 opera,
881 3910 913 3958 nt
964 3906 1038 3955 terra
1049 3895 1189 3962 deorsum,
1202 3900 1233 3949 ut
1244 3891 1318 3963 pleni
1332 3889 1461 3947 sintcoeli
1474 3897 1590 3946 aeterra
1604 3884 1691 3957 gloria
1703 3896 1754 3939 sne

114 3986 183 4043 iude
196 3986 237 4042 illi
259 4002 369 4060 semper
385 3989 518 4047 debeatur
535 3990 687 4063 gratiarum
707 3990 779 4048 actio
804 4000 832 4047 ct
853 3993 912 4069 glo
964 4003 1072 4059 semper
1099 3986 1200 4058 ubique
1225 3985 1278 4041 bac
1306 3981 1388 4039 laude
1415 3988 1531 4037 sonaruc
1559 3995 1566 4033 :
1595 3976 1755 4039 Benedictus,

113 4078 168 4136 ria.
193 4076 268 4151 Ergo
966 4076 1066 4138 bens,

656 4334 944 4499 'essenus
979 4395 1201 4496 uxvru.

153 4789 268 4847 Salvator
290 4807 332 4856 rae
345 4792 400 4863 lec,
416 4791 498 4861 Deus,
519 4791 645 4863 quonlam
659 4790 822 4845 intrauerunt
839 4803 915 4858 aque
930 4786 952 4843 lt
967 4783 1188 4847 tribulationibus
1222 4779 1422 4847 exterioribus,
1450 4777 1589 4851 quomodo
1616 4789 1753 4849 quemque

117 4900 201 4957 raeque
220 4883 258 4938 od
273 4884 393 4941 aulanam
405 4899 502 4939 auam.
514 4880 640 4939 Gertator
654 4881 709 4947 ille,
722 4879 769 4952 qui
785 4880 813 4935 iu
823 4879 913 4950 primu
964 4889 1079 4958 suorum
1092 4872 1151 4929 ruit
1164 4885 1244 4927 crare
1258 4884 1310 4941 pro
1325 4870 1384 4927 suis
1401 4868 1598 4925 tentationibus
1610 4866 1751 4922 interiori÷

116 4973 360 5047 qumquagcuario
376 4974 572 5033 corroboratus
588 4971 744 5043 perlldem,
762 4969 789 5024 in
803 4970 856 5029 lroc
870 4985 911 5025 se-
963 4965 1027 5022 bus.
1043 4963 1153 5019 &leam
1172 4979 1212 5017 noc
1233 4962 1288 5033 sac,
1304 4961 1403 5033 inquit,
1420 4960 1501 5026 bear,
1517 4959 1643 5030 qnoniam
1666 4958 1752 5010 lutrae

115 5068 222 5135 cnudo,
234 5076 267 5122 ut
280 5081 354 5137 saepc
367 5066 471 5123 dictum
484 5075 538 5135 est,
555 5065 695 5136 praeliatur
716 5078 764 5134 spe
778 5062 912 5129 victuriae,
964 5065 1055 5123 aarum
1070 5070 1146 5126 aqua
1159 5071 1240 5125 usqae
1255 5053 1290 5108 ad
1301 5055 1419 5108 animant
1429 5068 1525 5111 meant.
1537 5048 1642 5119 lafiaor
1654 5062 1713 5100 ram
1724 5045 1752 5098 iu

117 5157 413 5216 auimatuscridcntcr
432 5157 461 5212 in
481 5156 534 5212 boc
551 5154 657 5227 psalmo
676 5152 821 5217 instruitur
841 5167 914 5224 quo·
963 5146 1213 5217 limoproforrdi,et
1228 5162 1279 5201 aaa
1292 5154 1331 5201 ert
1348 5143 1507 5201 substantia.
1531 5138 1593 5194 Veni
1613 5138 1641 5190 in
1658 5134 1752 5189 altito-

119 5250 203 5308 rrrlldc
223 5250 348 5323 legitime
371 5246 512 5305 certando*
524 5255 628 5318 pugnet
644 5260 700 5302 non
715 5243 794 5317 quasi
819 5256 911 5299 aereru
963 5238 1054 5293 dinem
1069 5237 1152 5291 maris
1167 5245 1192 5292 et
1207 5245 1347 5307 tenpestas
1358 5233 1481 5289 demersit
1493 5247 1542 5284 rae.
1558 5226 1621 5282 llaec
1634 5238 1752 5294 nanrqno

118 5342 304 5409 remorando,
329 5341 378 5396 sed
403 5339 494 5409 ipsum
520 5338 626 5394 hostem
642 5336 769 5408 precibus
793 5335 913 5393 assiduis
963 5339 992 5386 et
1017 5338 1115 5385 uetera
1138 5328 1243 5384 orando
1261 5327 1321 5384 suis
1347 5326 1419 5381 iuter
1443 5322 1508 5379 uitia
1536 5313 1752 5418 periclitantibus

117 5433 200 5504 qnasi
214 5435 276 5490 telis
297 5430 466 5489 acudmimis
479 5429 612 5486 ierieudo.
632 5426 698 5483 Nam
722 5437 750 5483 et
763 5427 852 5497 ipsum
868 5440 914 5482 ra·
963 5422 1117 5494 exemplum
1131 5420 1227 5477 orandi
1241 5418 1347 5475 sedare
1360 5416 1449 5470 innuit
1462 5428 1525 5469 cunr
1539 5412 1623 5511 dicit:
1640 5406 1752 5509 Videant

117 5534 173 5598 put
184 5534 310 5581 nostrum
322 5522 451 5579 Christus
460 5521 535 5577 reiut
547 5521 573 5576 iu
589 5519 678 5575 lroute
690 5526 844 5574 castrorum
858 5519 914 5572 llttx
965 5528 1090 5585 pauperes
1113 5519 1138 5564 et
1157 5509 1280 5564 luctentur
1293 5521 1303 5560 :
1318 5505 1429 5576 prterite
1444 5503 1566 5587 Drom‘ct
1583 5506 1649 5600 roret
1662 5512 1752 5554 naemu

117 5617 358 5701 bellipraecipuus
380 5615 426 5670 liic
442 5612 589 5683 inducitur,
611 5611 651 5667 sic
677 5625 759 5666 oratis
779 5623 830 5681 pro
857 5608 915 5665 suis
965 5612 1063 5660 restra.
1087 5602 1219 5671 Quoniam
1244 5596 1379 5656 ernrrdlrr't
1400 5608 1526 5669 pauperes
1561 5590 1697 5657 llomrurn,
1726 5596 1750 5643 rt
