3892 6067
389 0 528 55 10⁰5

1664 0 1970 49 ttUGONlS
2007 0 2255 47 Ptut'ttv
2272 0 2363 45 lm

387 113 587 169 tratres
620 152 637 179 ,
694 113 821 183 quia
867 109 991 166 festi
1023 108 1107 164 ·B.
1168 108 1353 165 Mariae
1413 108 1741 179 Magdnlenae
1780 109 1983 166 solem·
2013 114 2058 170 Λ
2090 104 2347 163 Ecclesiae
2360 105 2784 161 munimentum.
2814 123 2834 157 i
2854 100 2940 162 Ad
2968 103 3085 160 haec
3107 104 3443 174 apostolicus
3471 125 3485 161 :
3515 128 3535 159 ι
3560 106 3672 165 Ne.

387 215 534 262 nitas
566 202 825 269 instabat,
875 200 1134 256 comitem
1162 201 1548 271 deprecantur,
1572 210 1631 254 ut
1657 201 1740 254 vel
1764 200 1974 270 aliquot

385 295 599 350 dierum
626 292 873 348 inducias
899 292 1004 348 sihi
1047 291 1405 358 concederet,
1436 305 1547 363 quo
1585 291 1806 362 publico
1834 306 1973 346 con-

387 400 554 441 cursu
582 383 755 441 festos
782 384 903 440 dies
932 392 1279 454 peragerent.
1319 382 1532 450 Quibus
1556 382 1648 438 ille
1679 399 1781 438 nec
1823 383 1973 438 ohsi-

386 476 551 532 dione
587 492 617 531 a
661 492 722 531 se
749 475 1064 540 conclusos,
1096 490 1197 531 nec
1239 473 1543 546 captivitati
1585 490 1682 531 eos
1719 489 1843 531 esse
1876 473 1975 530 ad-

387 569 584 631 dictos,
610 583 721 638 quo
763 568 890 623 talia
938 575 1227 638 peterent,
1276 567 1559 637 respondit
1593 584 1606 621 ε
1642 586 1661 617 t
1692 565 1853 633 Quia,
1883 566 1971 621 in-

386 659 608 728 quiunt,
635 658 967 729 prohibuisti
992 658 1315 714 intentando
1345 671 1415 713 ne
1449 658 1576 727 quis
1620 657 1687 712 ad
1731 672 1836 712 nos
1876 671 1973 713 ex·

386 757 578 805 ternus
615 750 859 817 accedat,
891 764 1026 806 neve
1068 759 1322 806 nostrum
1348 748 1620 819 quispiam
1661 758 1815 804 extra
1845 764 1976 819 pro-

388 838 668 910 grediatur
693 848 1035 895 commeatus
1071 838 1270 909 gratia,
1295 839 1498 895 misera
1525 839 1838 894 conditione
1866 838 1973 893 im-

388 930 616 985 meritos
637 945 739 986 nos
759 944 882 985 esse
902 930 1160 986 obsessos
1174 938 1597 1000 protestamur.»
1626 927 1730 985 Vix
1753 930 1973 985 tandem

390 1019 654 1076 confusus
705 1028 984 1076 tantorum
1033 1019 1267 1076 fratrum
1295 1021 1571 1092 precihuS,
1603 1030 1730 1077 octo
1758 1020 1972 1077 dierum

389 1112 664 1167 concessit
707 1110 1001 1178 inducias;
1061 1120 1226 1183 atque
1269 1113 1418 1169 illico
1463 1113 1733 1169 abscessit
1770 1113 1976 1169 iniecto

390 1201 719 1274 proditionis
747 1203 985 1274 negotio.
1024 1201 1247 1259 Fratres
1274 1213 1457 1259 autem
1493 1204 1712 1261 tametsi
1739 1221 1848 1262 non
1876 1221 1974 1262 so-

392 1292 491 1347 lito
518 1306 712 1358 cursu,
741 1306 853 1347 non
877 1292 1080 1348 minori
1103 1302 1284 1348 tamen
1323 1294 1429 1348 ritu
1469 1294 1589 1350 dies
1611 1292 1781 1352 festos
1815 1311 1976 1367 pera-

390 1395 544 1457 gunt.
598 1384 812 1453 Quibus
866 1384 1098 1457 expletis
1121 1427 1137 1453 ,
1200 1386 1469 1444 accersito
1525 1385 1974 1442 Altissiodorensi

2075 212 2381 269 quaquam,
2415 196 2514 265 ait,
2543 196 2655 252 imo
2682 194 2730 251 si
2755 193 3144 251 vizeliacensis
3166 195 3426 253 sacerdos
3456 197 3671 256 forensi

2073 290 2160 345 vel
2203 288 2414 360 plebeio
2459 287 2795 359 subjacuerit
2820 286 3087 355 examini,
3118 301 3232 342 non
3270 287 3452 343 solum
3479 291 3674 354 quiete

2074 381 2377 454 privabitur
2403 376 2820 448 monasterium,
2849 379 2945 437 sed
2970 379 3135 435 etiam
3161 378 3345 435 omnis
3372 379 3674 437 ccclesias-

2075 473 2220 529 ticus
2244 473 2386 529 ordo
2406 480 2665 528 extremae
2689 469 3038 527 confusionis
3060 473 3207 525 nodo
3228 469 3630 541 implicabitur.
3644 492 3668 525 ι

2075 565 2344 622 Μοιιίωηι
2371 581 2504 637 ergo
2538 564 2929 636 corripiemuS,
2966 571 3020 620 et
3055 563 3412 621 suadebimus
3450 573 3514 618 ut
3548 564 3675 634 jam

2076 658 2248 714 semel
2275 656 2532 725 fecimus,
2565 668 2840 727 quatenus
2859 656 2930 712 ab
2953 655 3057 712 bac
3080 655 3311 712 desistat
3329 656 3630 712 insolentia
3653 675 3672 724 ;

2075 748 2461 805 denuntiantes
2496 760 2557 803 ut
2587 748 2630 805 si
2662 748 2791 820 quid
2816 747 2962 820 juris
2992 748 3047 801 in
3078 748 3413 803 monasterio
3435 757 3534 803 tuo
3562 748 3674 803 sibi

2077 847 2390 910 competere
2416 848 2688 907 autumat,
2719 839 2823 895 sub
2854 838 3000 895 datis
3023 852 3054 892 a
3078 838 3240 894 nohis
3255 837 3539 909 judicibus
3567 855 3675 894 sua

2077 931 2328 1002 recipiat,
2378 930 2559 987 aliena
2603 930 2840 1001 linquat.
2871 928 2975 996 Qui
3014 928 3062 984 si
3104 927 3245 984 forte
3273 942 3518 986 nostram
3548 931 3676 1001 pic-

2077 1032 2246 1079 tatem
2271 1021 2695 1092 contempserit,
2723 1036 2852 1077 ecce
2880 1034 3097 1087 camus,
3118 1034 3247 1076 ecce
3271 1018 3509 1089 frenum,
3538 1037 3678 1078 ecce

2076 1111 2224 1168 Petri
2271 1110 2510 1183 gladius,
2545 1125 2659 1181 quo
2698 1109 2943 1165 auricula
2983 1110 3348 1166 contumaciae
3398 1112 3677 1182 praecida-

2078 1209 2189 1257 tur.
2219 1199 2394 1257 Tuam
2427 1202 2666 1272 denique
2697 1199 2980 1255 solertiam
3007 1198 3334 1255 auctoritate
3359 1200 3673 1270 apostolica

2077 1292 2461 1361 praemunitam
2485 1307 2608 1348 esse
2638 1291 2916 1359 volumus,
2940 1306 3010 1345 ne
3037 1290 3105 1346 de
3129 1290 3294 1347 rebus
3316 1292 3673 1359 monasterii,

2079 1381 2289 1437 scilicet
2330 1380 2399 1437 de
2450 1381 2577 1451 jure
2621 1379 2683 1435 B.
2726 1378 2895 1448 Petri,
2937 1379 3193 1452 cuiquam
3234 1380 3288 1434 in
3341 1380 3529 1451 aliquo
3573 1397 3672 1437 ce-

388 1475 651 1545 episcopo
679 1475 747 1530 ad
778 1475 1037 1532 comitem
1078 1475 1250 1532 abbas
1277 1474 1555 1546 proiectus
1580 1485 1682 1532 est.
1706 1473 1809 1529 Cui
1840 1490 1975 1545 apo·
2007 1462 2051 1517 Β
2077 1472 2198 1540 das,
2254 1487 2391 1528 neve
2433 1472 2734 1544 ingenitam
2782 1480 2947 1542 atque
2989 1472 3291 1543 apostolica
3348 1472 3527 1544 gratia
3573 1489 3671 1528 cu-

390 1565 584 1621 stolica
640 1566 896 1622 mandata
927 1567 1129 1637 quibus
1173 1581 1275 1637 pro
1317 1567 1662 1623 terminanda
1697 1566 1974 1624 calumnia
2077 1564 2340 1619 mttlatam
2398 1562 2659 1619 Ecclesiae
2710 1560 3018 1618 libertatem
3077 1563 3321 1634 qualibet
3370 1564 3670 1636 pusillani-

392 1652 662 1712 Eduensis
687 1655 932 1726 episcopi
965 1670 1189 1725 pergere
1210 1654 1509 1726 jubebatur
1532 1654 1765 1724 ltaliam,
1797 1657 1848 1712 ei
1885 1657 1974 1711 in-

2082 1655 2272 1711 mitate
2313 1655 2534 1726 prodas.
2576 1653 2838 1721 Quamvis
2867 1654 3015 1710 enim
3040 1656 3198 1726 longe
3226 1666 3500 1712 remotum
3553 1673 3667 1713 non

390 1744 591 1800 notuit.
634 1744 765 1800 Orat
799 1744 997 1801 deinde
1040 1754 1101 1801 ut
1129 1746 1593 1817 quemadmodum
1647 1748 1767 1819 ipso
1815 1762 1976 1818 pere-
2087 1746 2284 1803 minori
2308 1747 2481 1817 gratia
2506 1756 2674 1818 tepro
2692 1747 2818 1819 jure
2842 1747 3141 1819 apostolico
3162 1748 3473 1819 vigilantem
3491 1749 3670 1805 hahe-

389 1834 640 1904 grinante
684 1834 813 1905 iura
858 1836 1006 1892 iliius
1041 1851 1107 1892 ac
1154 1838 1200 1893 si
1255 1854 1377 1906 sua,
1426 1838 1659 1895 fideliter
1707 1849 1972 1907 servarat,

389 1933 447 1981 ct
466 1926 536 1981 ab
566 1926 980 1984 incursantibus
1009 1927 1213 1983 intacta
1242 1928 1593 1994 defensarat:
1643 1931 1716 1987 ita
1763 1940 1818 1987 et
1859 1932 1977 2003 ipse

388 2018 608 2087 cognati
638 2018 725 2073 sui
756 2017 1153 2073 monasterium
1180 2034 1307 2075 cum
1335 2019 1675 2090 appendiciis
1705 2021 1825 2078 suis
1859 2030 1977 2078 tue-

390 2116 563 2175 retur,
587 2116 645 2163 et
674 2108 731 2164 in
761 2109 867 2164 tide
900 2124 999 2165 sua
1042 2109 1368 2183 susciperet,
1401 2120 1569 2183 atque
1593 2111 1826 2169 fideliter
1853 2129 1977 2186 pro-

391 2205 624 2267 tegeret,
674 2199 851 2254 donec
878 2214 910 2254 a
945 2197 1118 2255 Roma
1166 2201 1385 2258 rediret.
1432 2201 1677 2273 Spondet
1715 2213 1976 2273 praeterea

392 2302 455 2344 se
484 2303 779 2345 suasurum
812 2290 1037 2346 domino
1078 2307 1233 2363 papae
1277 2301 1337 2348 ut
1386 2291 1812 2352 vizeliacensem
1853 2312 1978 2367 per-

391 2380 574 2436 mittat
598 2380 785 2437 subire
805 2382 1140 2438 audientiam
1167 2381 1558 2455 Nivernensis3
1587 2387 1735 2457 quod
1762 2387 1808 2443 si
1836 2388 1978 2445 sorte

392 2470 714 2541 impetrarit,
746 2486 966 2528 omnem
1008 2474 1226 2545 penitus
1268 2477 1704 2533 controversiam
1732 2494 1855 2535 sese
1881 2480 1980 2536 de·

391 2559 699 2629 positurum
726 2561 1016 2633 promittit.
1047 2560 1118 2619 Ut
1145 2572 1329 2620 autem
1361 2567 1480 2621 istae
1500 2565 1736 2624 induciae
1763 2578 1897 2625 ratae
1922 2578 1979 2625 et

392 2647 735 2707 inconcussae
762 2652 1135 2723 persisterent,
1169 2654 1369 2711 obtulit
1403 2655 1456 2711 ei
1486 2654 1657 2713 abbas
1684 2660 1974 2728 pecuniam

397 2742 683 2813 sexaginta
710 2743 974 2799 librarum
1004 2753 1236 2801 monetae
1259 2745 1513 2817 publicae.

2002 2803 2045 2861 C

2073 1837 2280 1907 bimus,
2304 1837 2669 1895 sollicitudine
2701 1848 2756 1894 et
2784 1839 3108 1894 auctoritate
3138 1854 3245 1910 qua
3270 1839 3427 1896 decet
3461 1840 3663 1897 filium.

2144 1930 2455 2002 Apostolica
2502 1930 2703 2001 scripta
2759 1929 2958 2002 spernit
3001 1947 3202 1995 comes,
3240 1931 3566 2003 instigatque
3607 1936 3663 1988 in

2076 2021 2357 2076 monachos
2391 2020 2723 2092 Burgundioe
2767 2022 3044 2091 primates.
3083 2020 3312 2079 Talibus
3357 2023 3532 2079 abbas
3579 2024 3666 2080 in·

2078 2121 2321 2170 structus
2349 2113 2596 2181 monitis,
2627 2112 2747 2168 vale
2766 2113 2913 2168 dicto
2948 2112 3117 2168 curiae
3148 2113 3217 2169 ad
3262 2114 3668 2172 monasterium

2076 2219 2250 2261 ovans
2276 2204 2588 2260 revertitur.
2620 2203 2872 2274 Cumque
2906 2204 3208 2275 apostolica
3233 2207 3443 2261 monita
3472 2206 3668 2263 comiti

2076 2296 2339 2365 dedisset,
2363 2296 2588 2366 sprevit,
2626 2295 2861 2367 respuit,
2904 2295 3126 2366 abiecit,
3153 2295 3232 2351 nil
3265 2312 3325 2352 se
3352 2297 3433 2352 illi
3455 2297 3664 2355 debere

2077 2403 2110 2443 a
2137 2404 2250 2459 quo
2275 2403 2431 2460 aeque
2460 2386 2537 2442 nil
2585 2386 2917 2458 possideret,
2970 2387 3272 2458 respondit.
3326 2386 3667 2459 Requirebat

2076 2478 2275 2535 deinde
2306 2480 2354 2536 si
2397 2479 2556 2549 juxta
2583 2479 2922 2549 promissum
2974 2479 3309 2534 audientiam
3345 2487 3402 2535 et
3434 2495 3669 2536 exsecu-

2078 2570 2285 2626 tionem
2329 2568 2665 2641 jurisjudicii
2708 2568 2878 2624 curiae
2905 2584 3021 2625 suae
3045 2569 3116 2625 ab
3143 2568 3448 2640 apostolico
3490 2569 3669 2640 impe-

2077 2670 2298 2717 trasset.
2349 2680 2369 2713 e
2401 2658 2643 2724 Salvavi,
2674 2659 2752 2714 ait
2777 2660 2971 2728 abbas,
2999 2660 3228 2717 verbum
3261 2661 3377 2717 oris
3404 2661 3537 2730 mei,
3567 2662 3668 2718 sed

2078 2752 2391 2825 prohibitus
2412 2765 2539 2807 suin
2568 2758 2701 2807 voto
2731 2765 2948 2821 parere.
2981 2771 3002 2804 ι
3028 2751 3098 2806 At
3120 2751 3211 2806 ille
3255 2750 3665 2815 stomachatus.

462 2834 705 2891 tattaeus
722 2837 960 2892 acomite
974 2837 1140 2905 datis,
1164 2837 1391 2894 Romam
1416 2838 1579 2894 abbas
1593 2841 1973 2913 proficiscitur,
2078 2850 2133 2898 et
2153 2840 2276 2897 selle
2297 2841 2616 2911 permistus,
2637 2855 2833 2897 rursus
2844 2838 3269 2898 vizeliacensem
3291 2851 3669 2898 commeatum

390 2924 482 2980 ubi
512 2926 577 2979 de
612 2924 847 2981 Eduensi
888 2928 1129 2998 episcopo
1163 2928 1475 3001 triumphat.
1522 2928 1679 2985 Forti
1700 2932 1770 2986 sit
1797 2933 1976 2987 animo
2072 2931 2165 3003 ius
2203 2929 2506 3001 prodeundi
2557 2937 2613 2985 et
2648 2927 2985 2999 ingrediendi
3034 2929 3235 2987 habere
3261 2930 3583 3001 prohibult;
3611 2945 3670 2989 et

392 3016 645 3072 aduersus
680 3019 924 3073 comitem
969 3027 1143 3073 monet
1179 3020 1441 3091 potitiscx.
1486 3018 1674 3092 ltaque
1712 3029 1979 3093 tyrannus

391 3108 651 3179 precibus
678 3109 878 3177 flexus,
929 3110 1324 3180 sponsionibus
1368 3112 1608 3179 illectus,
1650 3114 1978 3172 muneribus

390 3206 570 3264 actus,
616 3197 923 3268 postulatas
964 3199 1241 3254 concessit
1271 3198 1559 3268 inducias3
1602 3212 1658 3256 et
1685 3201 1754 3256 de
1777 3213 1977 3258 caetero

391 3303 514 3345 sese
556 3289 769 3345 fidelem
809 3287 928 3345 sore
954 3289 1196 3345 amicum
1226 3291 1533 3360 pollicetur,
1556 3294 1603 3349 si
1640 3295 1974 3365 promissum

390 3380 618 3437 effectus
668 3389 1053 3451 prosequatur.
1104 3379 1173 3436 Et
1222 3383 1353 3453 quia
1403 3383 1608 3455 duplici
1660 3385 1847 3442 animo
1896 3388 1977 3444 nil

390 3470 610 3527 facilius
636 3473 705 3528 ad
736 3472 1137 3542 mentiendum,
1166 3476 1336 3531 multa
1363 3477 1618 3546 promisit
1646 3493 1772 3551 quae
1799 3495 1976 3551 pauca

391 3563 649 3619 servavit.
682 3562 912 3632 Tamen,
950 3564 1081 3636 quia
1118 3565 1360 3623 charitas
1404 3569 1591 3625 omnia
1619 3569 1817 3639 credit,
1856 3586 1974 3627 om·

390 3653 484 3709 nia
516 3668 722 3725 sperat,
769 3656 955 3712 omnia
1006 3658 1263 3726 sustinet,
1313 3658 1439 3715 lidei
1494 3660 1669 3731 ipsius
1707 3677 1974 3733 generosa

390 3741 714 3813 simplicitas
761 3744 977 3801 abbatis
1006 3760 1067 3801 se
1106 3745 1356 3802 credidit.
1401 3746 1689 3805 Proiectus
1736 3751 1975 3825 denique

392 3831 648 3902 Romam,
672 3843 838 3905 atque
858 3835 1222 3893 universalem
1256 3837 1467 3893 curiam
1499 3838 1806 3911 ingressus,
1834 3842 1973 3900 adeo

390 3924 459 3981 de
480 3926 757 3982 calumnia
783 3927 1051 3984 Eduensis
1079 3929 1322 4000 episcopi
1357 3945 1546 3986 coram
1582 3947 1802 3989 summo
1828 3950 1971 4006 pon-

394 4017 538 4073 tifice
567 4019 945 4089 triumphavit,
968 4029 1030 4076 ut
1055 4034 1159 4078 nec
1202 4020 1369 4076 etiam
1421 4022 1568 4093 pilus
1614 4024 1813 4095 capitis
1850 4025 1974 4098 ejus

392 4126 669 4182 quoquam
698 4111 985 4169 fluctuaret
1010 4112 1274 4185 dejectus,
1314 4125 1368 4172 et
1415 4114 1722 4173 Eduensem
1755 4118 1837 4176 sic
1874 4105 1988 4175 dea'

388 4202 594 4274 jectum
621 4204 892 4272 redderet,
925 4212 986 4260 ut
1018 4205 1357 4261 audientiam
1385 4206 1720 4280 iurisjudicii
1753 4211 1972 4267 subter-

392 4296 632 4367 fugiens,
655 4297 973 4354 dilationem
1014 4296 1280 4354 confusus
1315 4299 1655 4370 deposceret.
1686 4299 1820 4357 Post
1856 4302 1974 4359 haec

392 4391 563 4448 abbas
585 4392 868 4462 ingressus
888 4390 957 4447 ad
980 4390 1360 4463 apostolicum,
1372 4391 1704 4447 calumniam
1719 4407 1829 4463 qua
1845 4408 1972 4449 eum

392 4493 449 4540 et
470 4484 865 4540 monasterium
894 4483 1171 4551 vizeliaci,
1212 4484 1359 4554 quod
1403 4484 1667 4541 hactenus
1713 4484 1773 4540 B.
1825 4485 1972 4543 Petri

393 4574 677 4645 proprium
727 4573 857 4643 jus,
914 4583 969 4630 et
1023 4572 1287 4630 Romanae
1341 4572 1600 4629 Ecclesiae
1630 4573 1972 4631 liberrimum

393 4665 612 4734 suisset,
651 4663 1008 4722 Nivernensis
1061 4680 1249 4722 comes
1296 4665 1551 4731 vexabat,
1582 4667 1855 4737 exposuit.
1907 4666 1975 4723 Et

393 4758 661 4830 quoniam
701 4758 750 4814 is
801 4772 901 4813 nec
944 4766 1229 4828 potentum
1262 4757 1519 4829 precibus
1563 4756 1824 4827 flectitur,
1872 4774 1974 4815 nec

394 4853 697 4909 amicorum
737 4851 1518 4924 suggestionibusinclinatur,
1560 4868 1663 4908 nec
1693 4852 1974 4923 obsequiis

309 5017 313 5021 .
392 4944 674 5014 delinitur,
697 4959 801 5001 nec
822 4944 1145 5002 muneribus
1168 4952 1483 5012 revocatur,
1513 4959 1616 5001 nec
1640 4943 1974 5001 ecclesiasti·

392 5053 456 5094 ca
494 5054 727 5095 censura
754 5044 1037 5095 coercetur
1068 5055 1083 5093 :
1122 5057 1142 5090 t
1175 5036 1442 5094 Decernat
1462 5078 1478 5104 ,
1523 5037 1725 5109 inquit,
1752 5046 1976 5109 aposto·

393 5131 496 5187 lica
533 5130 822 5202 prudentia
848 5131 983 5202 quid
1030 5128 1179 5187 sacto
1218 5144 1360 5201 opus
1390 5129 1482 5194 sit,
1512 5137 1698 5185 utrum
1721 5128 1974 5185 videlicet

392 5226 681 5294 proterviae
711 5224 1013 5296 tyrannicae
1039 5223 1342 5294 apostolica
1372 5222 1564 5278 cedere
1593 5220 1789 5276 debeat
1815 5220 1977 5275 liber·

399 5329 499 5373 μμ..
535 5333 719 5373 neruo.
755 5315 1007 5369 Forsitan
1047 5315 1587 5369 aenhamensi-:1122
1639 5313 1815 5369 rabies
1870 5311 1972 5365 ini-

399 5409 519 5457 anmi
559 5409 775 5477 rupida,
811 5425 995 5477 pat-titii
1039 5429 1099 5461 :tif
1139 5421 1411 5481 liutprant&
1455 5409 1635 5461 ltili-121:
1695 5409 1968 5473 μηνεΙΛῑεΗ

2002 4158 2046 4214 t>

2075 3021 2282 3079 veritus
2323 3037 2420 3093 per
2453 3021 2696 3091 seipsum
2747 3022 3036 3077 monachis
3063 3020 3267 3078 bellum
3312 3021 3534 3091 inferre,
3573 3040 3668 3081 sa-

2076 3121 2263 3184 trapas
2311 3112 2535 3184 instigat
2581 3112 2899 3182 provinciae,
2944 3113 3197 3169 videlicet
3237 3112 3544 3170 Gibbadum
3598 3117 3670 3172 de

2077 3202 2138 3259 S.
2184 3200 2421 3269 Verane,
2467 3201 2689 3257 iterium
2743 3203 2812 3261 de
2863 3202 3100 3272 Brivate,
3146 3203 3529 3262 Gofridumde
3555 3208 3667 3262 Ar-

2074 3292 2214 3361 seio,
2239 3302 2293 3349 et
2319 3308 2512 3349 eorum
2541 3292 2858 3363 complices,
2882 3304 3154 3365 quatenus
3175 3293 3431 3352 vizeliaci
3483 3297 3669 3353 homi-

2075 3398 2176 3439 nes
2200 3397 2619 3455 quaquaversus
2642 3383 3003 3452 occurrerint,
3025 3382 3304 3454 invadant,
3330 3401 3419 3441 res
3440 3386 3667 3442 illorum

2074 3484 2372 3546 occupatas
2399 3483 2696 3547 usurpent,
2725 3475 3060 3532 monasterio
3101 3492 3211 3532 uon
3239 3486 3489 3548 parcant,
3530 3494 3666 3549 pos-

2073 3568 2353 3624 sessiones
2367 3567 2650 3638 diripiant,
2667 3568 2998 3625 calumniam
3020 3568 3200 3626 abbati
3223 3578 3457 3637 struant,
3474 3586 3669 3627 suam·

2080 3674 2190 3730 que
2222 3657 2464 3730 inopiam
2492 3657 2864 3715 ecclesiastico
2909 3674 3049 3731 penu
3099 3661 3407 3731 suppleant.
3440 3659 3535 3718 lsti
3558 3662 3667 3718 ita·

2073 3766 2183 3822 que
2226 3765 2293 3807 ac
2328 3751 2376 3807 si
2424 3766 2590 3807 canes
2625 3750 2783 3807 effusi
2825 3751 3024 3822 praedia
3070 3753 3389 3809 monasterii
3445 3755 3665 3811 invase·

2074 3853 2227 3910 runt,
2253 3843 2556 3899 monachos
2586 3843 2932 3910 ceciderunt,
2966 3843 3210 3899 vestibus
3240 3858 3433 3899 eorum
3464 3844 3664 3901 ablatis

2075 3935 2306 4007 turpiter
2352 3935 2511 3991 abusi
2542 3943 2691 4002 sunt,
2745 3949 3077 4006 omnemque
3123 3935 3551 4007 suppellectilem
3577 3938 3664 3993 di·

2073 4027 2355 4099 ripicntes,
2409 4036 2520 4081 tam
2567 4040 2754 4080 servos
2803 4040 2970 4095 quam
3018 4026 3264 4097 jumenta
3315 4026 3402 4081 vel
3459 4041 3664 4097 pecora

2073 4119 2318 4176 ecclesiae
2346 4116 2635 4189 depraedati
2668 4124 2817 4173 sunt.
2841 4117 2999 4173 Nulla
3032 4118 3224 4189 religio
3251 4118 3414 4176 abeis
3444 4134 3666 4177 revere—

2074 4211 2235 4266 batur
2258 4252 2274 4278 ,
2321 4211 2416 4265 sed
2465 4210 2673 4280 passim
2707 4209 2891 4266 clerici
2926 4209 3312 4277 caedebantur,
3343 4211 3664 4267 sacerdotes

2076 4302 2361 4358 inhoneste
2401 4301 2781 4367 trahebantur,
2810 4301 3022 4357 viantes
3057 4300 3249 4371 spoliis
3282 4302 3661 4372 nudabantur,

2072 4392 2345 4464 peregrini
2378 4392 2817 4462 captivabantur,
2847 4391 3056 4448 nobiles
3077 4401 3340 4448 matronae
3362 4394 3665 4464 prostitue-

2074 4478 2312 4544 bantur(
2350 4484 2622 4552 Quocirca
2675 4486 2816 4541 mira
2875 4484 3271 4541 consideranda
3299 4494 3384 4541 est
3411 4483 3665 4542 vizelia·

2073 4580 2253 4636 censis
2310 4578 2569 4635 Ecclesiae
2634 4578 2895 4651 patientia
2924 4621 2940 4647 ,
3009 4578 3316 4635 mirabilior
3365 4578 3663 4648 prudentis

2071 4667 2253 4725 Pontii
2281 4668 2496 4724 abbatis
2525 4667 2821 4725 strenuitas
2856 4679 3018 4739 atque
3044 4665 3483 4741 magnanimitas.
3515 4666 3665 4727 Hinc

2074 4758 2345 4831 siquidem
2383 4757 2738 4815 Nivernensis
2787 4775 2991 4826 colneS,
3036 4758 3188 4814 illinc
3225 4757 3494 4816 Eduensis
3540 4761 3666 4831 epi·

2075 4866 2296 4923 scopus,
2318 4851 2446 4908 hinc
2470 4852 2707 4924 tyranni,
2736 4850 2886 4905 illinc
2901 4850 3074 4906 duces
3112 4858 3272 4905 terrae
3294 4865 3403 4906 uno
3426 4852 3663 4921 impetu,

2074 4958 2186 4999 uno
2221 4943 2436 5014 spiritu,
2461 4959 2572 4998 uno
2597 4943 2926 5010 interventu,
2957 4943 3114 5013 quasi
3147 4942 3274 4998 serae
3302 4943 3496 4998 bestiae
3531 4944 3666 5001 hinc

2074 5036 2202 5092 inde
2233 5036 2653 5103 discurrebant,
2711 5036 2961 5092 abbatem
3033 5035 3417 5104 lacessebant,
3470 5034 3664 5094 Eccle-

2075 5126 2213 5181 siam
2261 5126 2553 5193 vexabant,
2588 5135 2751 5197 atque
2781 5126 2918 5180 adeo
2945 5123 3071 5195 iura
3103 5126 3249 5181 illius
3294 5126 3658 5193 lacerabant,

2073 5218 2219 5290 quod
2251 5224 2423 5275 totum
2454 5217 2670 5271 cederet
2711 5216 3000 5286 occupanti
3043 5214 3308 5287 quidquid
3342 5213 3532 5271 hostili
3561 5232 3662 5270 oc·

2076 5319 2316 5361 tuit't·t:t‘¹*l
2380 5307 2582 5361 inmitti,
2632 5304 2832 5361 't'flt‘ttttt
2884 5305 3216 5377 [gt-iturusiluss
3268 5306 3472 5361 [Rutilia
3498 5304 3656 5377 'titge-

2080 5405 2280 5453 nolim·-
2320 5401 2612 5457 maritimus
2640 5401 2924 5458 admiratu.
2984 5411 3132 5453 tantu
3172 5397 3384 5469 aquius
3436 5397 3664 5469 indigua
