3892 6067
131 229 180 286 ldd
413 228 691 287 cuttutttltstuutt
710 229 744 285 tu
762 228 931 286 PSALMOS.
978 260 984 267 -
1003 228 1094 284 PARS
1115 229 1169 287 t‘lt.
1188 263 1224 271 —
1243 230 1339 288 l‘SllL.
1361 232 1464 289 extu.

129 342 202 396 tibus
214 340 265 412 ipsi
282 338 370 410 pisces
384 341 479 408 utaris,
496 342 531 397 ita
548 342 729 409 involvantur,
748 350 778 396 ut
803 344 845 398 rel
874 340 910 412 pii
927 356 955 432 ΑΙ
1000 337 1082 394 Vens.
1100 341 1127 394 l.
1147 338 1221 395 Jurtr’
1236 342 1384 410 epulemur,
1398 354 1423 398 et
1435 345 1563 400 casulum
1575 351 1600 400 tu
1613 362 1750 418 conspectu

128 433 203 495 bant,
218 429 267 508 vel¹
278 428 366 499 impii,
382 431 456 500 quod
470 431 559 487 absit!
576 441 766 503 permanentes
780 431 851 486 uires
865 446 914 486 no·
964 429 1024 485 Ilei.
1044 429 1117 485 duati
1140 433 1182 487 rel
1206 448 1255 502 per
1270 433 1452 490 innocentiam
1478 435 1632 506 plorlllcati,
1647 442 1690 496 rel
1702 456 1752 512 per

127 518 204 575 cendi
218 520 260 575 rel
272 520 384 575 semitas
396 521 481 577 maris
496 523 701 591 perambulandi
716 539 770 579 non
786 523 912 577 babeant.
963 534 1055 575 reram
1074 521 1260 590 poeniteutiam
1281 525 1415 593 puriticati
1430 527 1569 595 epulentur
1582 529 1610 584 in
1623 532 1751 589 convivio

127 610 246 682 Pupiam
259 625 314 665 non
326 612 456 667 mutando
469 613 570 678 locum,
582 614 629 669 sed
640 614 773 678 animum,
788 612 852 683 thia
865 627 913 667 ne-
963 611 1089 681 nuptiali‚
1105 614 1193 667 curuati
1208 623 1283 669 reste
1297 617 1420 685 nuptiali,
1430 618 1573 689 sciantque
1583 620 1635 676 sibi
1646 621 1749 679 dietum

125 716 178 771 que
190 700 226 755 ab
240 700 353 768 oriente,
372 716 459 771 neque
475 703 510 756 ab
525 703 673 769 occidente,
689 718 777 773 neque
792 717 808 756 a
823 703 914 757 deser·
962 716 978 755 a
991 716 1093 771 sponso
1106 720 1113 757 ι
1129 701 1300 770 «comedite,
1324 706 1416 773 amici,
1437 716 1465 762 et
1478 708 1571 777 bibite,
1589 719 1615 765 et
1631 711 1750 769 inebria-

126 791 160 846 tis
180 791 319 845 montibus
344 799 417 859 patet
440 791 517 846 locus
541 791 672 863 fugiendi,
694 793 822 862 quantiam
839 792 911 847 Deus
961 792 1207 859 mini,clrarissimi
1227 795 1317 865 (Ceut.
1334 813 1361 862 ι’,
1381 798 1419 866 l),
1434 817 1444 850 ι
1461 809 1488 854 et
1501 800 1562 855 ideo
1586 816 1641 856 non
1663 803 1748 874 trepi-

126 881 227 951 ubique
240 896 359 951 presens
379 881 437 950 ipse
454 880 537 951 judex
551 890 602 946 est,
619 896 706 951 neque
721 881 855 936 ullatenus
866 881 925 952 jar-¹
961 882 1026 937 dent
1039 898 1101 954 rege
1113 884 1278 952 introeunte,
1299 896 1328 942 ut
1348 887 1438 944 rideat
1458 890 1676 957 discumbentem
1693 895 1749 948 imo

123 971 227 1026 dicium
242 971 302 1041 ejus
314 971 443 1026 declinari
459 981 558 1043 potest,
575 973 627 1027 nisi
649 972 684 1026 ab
696 972 755 1042 ejus
769 973 808 1026 ira
822 971 910 1044 lugia·
959 974 1091 1029 exsultent
1102 974 1130 1027 in
1145 988 1283 1045 conspectu
1296 978 1417 1047 ejusdem
1431 981 1502 1050 regis
1515 989 1542 1035 et
1555 981 1603 1035 Dei
1614 984 1667 1049 sui,
1679 983 1748 1039 bene

124 1071 169 1116 tur
193 1063 227 1117 ad
251 1062 337 1133 ipsius
358 1063 584 1118 misericordiam.
614 1063 688 1120 Talis
708 1073 797 1118 arxtcm
812 1081 865 1119 uon
880 1066 910 1122 tu
960 1064 1013 1119 sibi
1025 1065 1126 1120 conscii
1140 1066 1174 1121 de
1185 1079 1259 1123 ueste
1270 1070 1393 1139 nuptiali,
1407 1086 1469 1140 quae
1484 1071 1642 1143 intelligitur
1657 1074 1749 1130 clrari·

124 1162 198 1208 motu
223 1150 349 1222 corporis
366 1152 445 1206 locali
464 1152 519 1209 sed'
530 1162 605 1207 motu
637 1153 735 1209 ruentis
762 1153 908 1223 spirituali,
959 1163 1002 1209 tas
1016 1153 1063 1210 bet
1076 1165 1103 1211 et
1113 1157 1241 1226 proximi,
1253 1174 1335 1228 quam
1351 1159 1398 1232 qui
1414 1160 1540 1216 babuerit
1554 1177 1609 1217 ιιοιι
1623 1163 1748 1233 ejicietur

123 1249 187 1297 dam
202 1243 294 1297 uultus
307 1242 367 1312 ejus
382 1242 468 1298 iratus
483 1242 603 1310 timetur,
617 1253 644 1299 et
661 1245 696 1298 ob
712 1245 764 1300 boc
779 1244 908 1316 iniquitas
958 1242 1034 1300 locas
1056 1261 1073 1302 a
1092 1257 1238 1318 conspeetu
1259 1247 1304 1304 uei
1326 1250 1353 1304 in
1369 1251 1495 1307 tenebras
1520 1253 1679 1321 exteriores,
1699 1255 1745 1310 ulti

121 1342 242 1388 caretur.
255 1331 301 1386 Sic
320 1348 385 1403 ergo
398 1333 513 1403 supinat,
528 1334 574 1404 qui
590 1334 700 1390 oderunt
718 1350 777 1387 eum
802 1352 819 1387 u
840 1334 909 1404 [acie
957 1336 1012 1391 erit
1025 1335 1105 1393 lletus
1117 1346 1144 1393 et
1157 1338 1258 1392 stridor
1272 1339 1405 1407 dentium,
1423 1342 1470 1397 sed
1492 1341 1566 1399 intus
1584 1346 1704 1400 manebit
1717 1345 1745 1399 iu

119 1427 176 1496 ejus
202 1434 312 1496 peecata
327 1427 462 1496 praeterita
483 1425 571 1481 tiendo
584 1435 611 1483 et
628 1425 715 1482 llcnda
731 1426 907 1496 imposterum
958 1426 1164 1496 conspectullei,
1182 1429 1291 1484 risurus
1306 1429 1395 1500 ipsum
1411 1430 1495 1486 beum
1511 1433 1587 1488 beata
1602 1445 1629 1490 et
1645 1435 1747 1507 semp?-

119 1517 253 1582 carendo,
274 1526 303 1570 ut
325 1516 434 1585 abipso
453 1517 522 1571 irato
541 1517 575 1572 ad
600 1519 687 1587 ipsum
710 1516 845 1587 placatum
872 1517 908 1572 sit
957 1522 1034 1594 tertia
1048 1517 1226 1586 velorumque
1239 1516 1308 1571 beati
1321 1518 1518 1573 muxulucorde
1530 1536 1592 1575 eum
1605 1522 1743 1580 ridebunt»

117 1607 158 1662 eis
182 1608 351 1662 tutissimum
373 1607 519 1682 retugium.
543 1607 673 1665 Veniente
691 1608 760 1679 ipso,
782 1618 809 1663 et
824 1625 907 1681 appa·
957 1603 1020 1660 ideo
1033 1605 1164 1661 exsultent
1178 1622 1231 1662 ιιοιι
1246 1607 1272 1661 lu
1286 1608 1374 1663 oculis
1389 1608 1541 1676 bominum,
1567 1628 1646 1668 suam
1661 1613 1745 1683 justi

117 1707 197 1753 rente
211 1699 238 1753 in
254 1699 383 1766 nubibus,
396 1699 430 1755 de
444 1701 543 1770 quibus
557 1700 595 1755 ait
611 1716 618 1754 ε
642 1699 751 1756 «Amen
774 1699 836 1755 dico
856 1715 906 1755 ao·
921 1697 945 1758 B
958 1695 1023 1751 liam
1039 1696 1177 1766 iactanter
1196 1698 1375 1765 ostendendo,
1402 1700 1449 1754 sed
1474 1701 1501 1753 ὶιι
1526 1712 1664 1772 cartapectu
1682 1704 1743 1768 Dei.

117 1790 170 1855 bis,
184 1790 310 1846 ridebitis
331 1790 430 1846 Filium
446 1791 564 1847 bominis
577 1790 729 1846 venientem
746 1790 772 1844 in
788 1791 906 1848 nubibus
956 1790 1003 1860 qui
1024 1790 1084 1845 sine
1100 1805 1194 1845 errore
1217 1790 1351 1861 conspicit
1368 1807 1450 1847 omne
1478 1794 1550 1864 quod
1573 1797 1675 1851 bonurn
1693 1797 1744 1853 lra-

116 1894 182 1933 canx
199 1889 330 1949 potestate
352 1895 460 1952 magna,
486 1888 513 1935 et
534 1880 675 1951 majestate
695 1879 804 1952 (liutto.
829 1896 904 1948 nar,
956 1880 1030 1946 beot,
1047 1880 1134 1950 ipsius
1154 1881 1248 1952 gratiae
1262 1882 1447 1938 attribuendo.
1470 1882 1559 1955 Super
1578 1888 1744 1956 cujuseerto

115 1968 174 2037 30),
194 1988 204 2020 ι
222 1986 237 2024 a
258 1968 395 2042 fulgerosa
413 1971 500 2042 ipsius
515 1971 584 2027 lucio
610 1980 675 2028 tune
692 1972 793 2042 ubique
815 1971 905 2042 splen·
955 1978 983 2027 et
1004 1971 1142 2027 inerrabili
1158 1972 1324 2040 testimonio,
1348 1974 1422 2043 quod
1444 1973 1563 2044 Spiritus
1578 1978 1638 2046 ejus
1654 1979 1742 2036 reddit

114 2061 199 2115 ‹lente
209 2061 236 2114 in
247 2062 349 2117 sanctis
361 2064 433 2118 relut
447 2063 474 2118 iu
487 2064 605 2134 speculis
618 2064 783 2133 purissimis,
795 2064 905 2133 quando
955 2062 1062 2133 spiritui
1078 2078 1174 2117 eranum
1187 2071 1343 2118 contestans
1355 2076 1403 2118 eos
1414 2078 1475 2120 esse
1491 2065 1562 2122 illios
1579 2066 1635 2134 liei,
1651 2070 1742 2124 aaut·

115 2154 174 2221 ipse
191 2151 233 2206 sol
243 2152 356 2221 justitiae
373 2155 512 2225 apparebit
522 2155 549 2209 iu
561 2154 680 2209 nubibus
690 2154 903 2221 carrdidissimis,
955 2161 1009 2207 terat
1022 2153 1050 2207 iu
1062 2162 1200 2224 conspectu
1214 2155 1284 2224 eitra,
1296 2169 1350 2208 non
1368 2155 1439 2209 sicut
1450 2164 1530 2211 antea
1538 2158 1689 2216 servientes
1701 2160 1741 2216 illi

114 2243 223 2312 {spirat
240 2244 325 2301 nubes
340 2255 436 2301 atrreo
455 2245 523 2315 [orie
536 2245 688 2315 maiestatis
703 2245 770 2314 ejus.
793 2244 825 2299 Et
839 2248 904 2317 quia
954 2243 982 2298 iu
997 2245 1094 2300 timore
1108 2251 1135 2299 et
1148 2246 1316 2302 exsultantes
1335 2245 1359 2300 ei
1376 2260 1438 2301 cum
1453 2254 1581 2314 tremore,
1595 2264 1659 2305 cuna
1673 2267 1740 2308 nec·

113 2345 181 2390 tunc
202 2335 322 2407 lugierrdi
341 2338 394 2392 erit
405 2338 551 2409 appetitus,
568 2353 622 2393 nun
646 2345 736 2393 tamen
757 2336 902 2408 edirgiemll
940 2334 1020 2390 dum
1033 2334 1151 2406 perlecta
1165 2336 1284 2392 ebaritas
1298 2335 1374 2392 iuras
1390 2336 1464 2392 misit
1476 2339 1601 2395 timorem
1616 2358 1623 2407 ;
1636 2342 1682 2396 aed
1694 2344 1740 2397 dc·

113 2425 189 2482 rullus
217 2427 304 2497 loeus,
332 2444 438 2501 expono
465 2431 531 2502 quid
556 2430 670 2486 dixerim
685 2447 692 2485 z
708 2428 813 2500 [rapiunt
838 2431 903 2486 sub-
953 2424 1082 2480 leuentur
1095 2428 1123 2481 iu
1136 2427 1233 2483 letitia
1250 2428 1290 2483 sic
1304 2443 1443 2498 nunquam
1458 2429 1511 2485 illis
1524 2430 1652 2499 liniendo,
1668 2432 1741 2490 sicut

111 2516 217 2573 (teneto.
953 2517 1074 2575 charitas
1092 2534 1187 2575 eorum
1209 2536 1348 2592 nunquam
1361 2521 1477 2576 excidet.
1496 2520 1584 2593 liujus
1598 2525 1740 2581 altaritatis

146 2610 270 2670 Vtrub.
284 2612 358 2670 Sicut
370 2615 458 2686 [umus
469 2616 602 2686 deficiunt.
613 2613 713 2670 Fumur
726 2615 903 2672 duobuumo-
951 2609 1022 2667 bene
1040 2610 1091 2667 sibi
1105 2612 1219 2678 conscii,
1236 2611 1322 2667 misso
1338 2610 1412 2668 loras
1435 2611 1543 2680 timore,
1557 2613 1688 2683 letaretur,
1714 2626 1740 2670 et

111 2702 371 2772 discerperetur
389 2707 472 2762 atrurn
494 2708 626 2772 elevatus,
649 2707 690 2762 ret
715 2707 916 2779 magnitudine·
951 2699 1272 2770 putenreuueeruuenr
1284 2702 1310 2755 ιἰι
1322 2701 1530 2770 everteramus,
1543 2711 1739 2773 atuucremoto

111 2796 253 2865 surgentis
268 2798 384 2852 ssaxumte
397 2797 552 2853 devoratus.
575 2797 659 2870 igitur
677 2809 704 2853 et
717 2797 760 2853 isti
785 2799 902 2855 elatione
951 2789 1060 2858 pennus
1074 2788 1189 2858 poenalis
1211 2788 1318 2844 ¹5¹¹¹⁰ll⁸
1330 2790 1436 2853 ²⁰¹¹l00·
1453 2799 1628 2859 permanente
1645 2802 1736 2848 laben

111 2898 167 2939 snae
187 2885 289 2941 mentis
304 2887 439 2956 repetam,
461 2895 491 2942 ur
506 2887 607 2943 malum
623 2888 697 2958 quod
718 2889 822 2954 votum,
845 2903 900 2944 110„
952 2876 1049 2932 timore
1062 2883 1157 2931 saucio
1172 2886 1198 2932 et
1217 2887 1307 2941 casto,
1318 2876 1515 2932 delectenturin
1529 2879 1634 2935 letitia.
1657 2879 1740 2939 l'obia

110 2975 233 3042 valeant,
256 2977 302 3032 sed
327 2978 354 3032 in
378 2979 469 3047 pravis
488 2978 632 3035 computes
653 2988 826 3035 evanescam,
846 2979 901 3035 Aur
951 2977 1043 3022 autem
1059 2967 1164 3022 dilectis
1175 2966 1233 3035 Dei,
1247 2968 1294 3038 qui
1308 2975 1390 3022 tautae
1406 2967 1509 3023 tortae
1522 2969 1549 3024 in
1563 2969 1657 3028 luturo
1669 2988 1738 3028 eon·

1693 239 1745 296 tttt

110 3078 186 3122 certe
203 3067 275 3123 sicut
288 3069 376 3139 [umus
390 3085 422 3125 ex
439 3070 556 3128 tiammae
568 3087 684 3128 ascensu
698 3071 845 3139 evanescit,
862 3071 899 3127 ita
913 3030 934 3087 c
950 3058 1119 3116 summam&
1132 3074 1205 3115 ”⁰¹¹0
1216 3060 1325 3115 ”iham
1342 3060 1448 3126 torretis,
1463 3061 1528 3130 quia
1539 3060 1624 3117 Deum
1636 3072 1664 3118 ‘²
1675 3080 1739 3134 pro·

108 3172 140 3211 ex
153 3157 268 3213 damma
282 3159 411 3231 gebenna·
429 3163 611 3227 considerata,
636 3160 682 3217 ubi
709 3162 780 3233 ignis
804 3177 899 3218 eorum
950 3153 1054 3209 ximum
1068 3152 1192 3224 diluisti&
1210 3152 1281 3209 sicli
1296 3169 1370 3209 ΝΜ
1389 3154 1422 3208 ²⁶
1440 3168 1489 3209 l⁰⁸
1509 3156 1674 3225 ²P0⁸ll⁰llh³
1696 3157 1738 3213 ¹0·

108 3263 164 3301 non
183 3248 374 3321 exstinguetur
392 3260 419 3306 et
444 3252 544 3308 vermis
559 3267 654 3308 eorum
674 3266 730 3308 ιιοιι
756 3254 898 3322 morietur,
949 3260 1020 3317 (lll0l'
1037 3253 1066 3300 ¹¹²
1077 3244 1255 3315 miltiibus
1272 3259 1323 3317 ⁰8⁰
1337 3244 1422 3302 ”illd
1434 3247 1477 3303 Vel
1491 3262 1542 3317 ⁰8⁰
1555 3246 1647 3315 (duilli
1661 3245 1736 3318 9⁵²¹·

108 3337 219 3398 lamosa
231 3357 326 3398 eorum
339 3342 457 3413 nequitia
478 3343 582 3413 deficiat
595 3344 636 3398 rel
653 3358 725 3399 nuuc
737 3359 786 3415 per
806 3360 898 3401 ueram
948 3336 1029 3391 misia
1043 3347 1070 3392 et
1084 3337 1146 3393 dico
1160 3337 1238 3393 tobis·
1252 3355 1259 3390 ι

108 3430 520 3502 poenirentiamquodoramus,
541 3431 584 3487 uel
604 3439 668 3487 tune
685 3432 829 3504 injudicio
851 3449 899 3506 ppt·
985 3425 1067 3482 Vnus.
1087 3427 1114 3483 5.
1141 3426 1254 3483 Cautate
1280 3426 1345 3492 Deo,
1371 3427 1503 3497 psalmum
1527 3429 1608 3484 dicite
1635 3432 1736 3482 nomini

108 3538 222 3594 mam
237 3521 310 3593 quod
329 3521 531 3593 prophetamus.
948 3516 1004 3586 ejus
1015 3532 1025 3571 .·
1038 3519 1089 3572 iter
1102 3519 1192 3589 sorite,
1211 3520 1255 3590 pari
1274 3520 1407 3574 ascendite
1418 3536 1638 3590 supercreatum.
1666 3519 1738 3576 Cura-

143 3611 178 3667 Et
192 3613 262 3666 sicut
274 3612 334 3680 petr
348 3627 407 3666 cero
419 3629 435 3665 ιι
449 3611 518 3682 facie
532 3613 611 3684 ipnir,
624 3613 662 3668 aio
679 3622 787 3685 pereant
805 3631 898 3686 pecea-
949 3618 1004 3664 tote
1019 3608 1073 3666 Deo
1087 3610 1205 3680 simplici
1221 3610 1351 3666 bonitatis
1363 3610 1522 3674 interitione,
1545 3609 1678 3679 prolatum
1691 3611 1738 3664 cli·

108 3711 178 3756 tores
192 3719 209 3755 ιι
225 3701 296 3770 {recle
314 3700 371 3755 liei.
391 3701 555 3760 Arderrtibus
567 3704 688 3760 candelis
705 3703 765 3761 ce‘ro
777 3708 849 3778 fluit,
866 3725 898 3763 oo
947 3705 999 3758 rite
1012 3702 1084 3759 bona
1098 3702 1266 3773 operatione.
1292 3700 1404 3757 Caritate
1425 3700 1488 3768 beo,
1505 3701 1566 3771 ejus
1583 3717 1631 3772 per
1642 3703 1735 3757 oxnnia

106 3794 176 3863 perir
195 3793 292 3863 asaele
305 3794 385 3863 tynis,
403 3802 429 3848 et
443 3796 484 3850 sui
500 3796 662 3855 detrimento
671 3799 736 3855 saep
749 3800 840 3857 lumen
856 3816 899 3857 52.
947 3794 1061 3865 gloriam
1084 3792 1231 3864 querendo
1249 3792 1357 3848 iratemo
1373 3793 1473 3847 mentis
1489 3794 1736 3863 propositumque

106 3884 149 3940 nis
162 3884 266 3940 oculis.
289 3883 337 3940 Est
350 3894 440 3942 autem
451 3886 522 3944 Deus
537 3898 629 3945 noster
650 3891 720 3963 ignia
733 3907 897 3951 musaraneus
947 3896 978 3941 ιιι
990 3885 1106 3956 proximi
1120 3884 1231 3941 rideant
1252 3899 1334 3954 opera
1356 3894 1446 3940 restra
1460 3884 1531 3939 bona
1544 3891 1571 3939 et
1585 3883 1738 3954 glurilloent

106 3985 233 4045 peccata,
248 3990 309 4045 qua
331 3977 389 4047 ipse
408 3993 461 4032 non
475 3977 548 4044 lecit,
559 3987 586 4035 ct
600 3979 758 4037 illuminaus
776 3983 897 4040 rationa-
947 3977 1044 4047 Deum,
1064 3978 1173 4049 psallite
1192 3979 1292 4033 aomiri
1307 3978 1366 4049 ejus
1392 3980 1461 4033 bene
1481 3978 1629 4047 operando.
1655 3977 1688 4032 lit
1711 3978 1737 4033 si

105 4068 158 4122 lem
174 4075 344 4134 creaturam,
360 4083 442 4139 quam
454 4069 511 4139 ipsc
523 4069 598 4137 iecit,
615 4080 644 4126 ut
653 4079 761 4142 pereant
776 4083 897 4141 perroto-
947 4069 1010 4140 quis
1031 4070 1136 4125 nomini
1153 4078 1244 4126 restro
1266 4070 1391 4124 attribuit
1412 4068 1568 4138 hujusmodi
1590 4068 1734 4137 psalmum,

106 4174 157 4224 res,
173 4165 206 4213 et
219 4156 359 4213 salventur
378 4158 512 4225 homiues,
534 4159 581 4230 qui
611 4168 701 4215 tamen
728 4160 828 4216 salvari
852 4176 898 4218 ae·
946 4175 996 4216 uos
1008 4161 1184 4218 contradicite
1197 4176 1229 4216 ac
1244 4159 1376 4231 psalmum
1398 4159 1479 4212 dicite
1499 4159 1600 4212 tronum
1612 4158 1682 4224 eius,
1696 4156 1735 4213 illi

104 4250 268 4319 quiescunt.
288 4246 358 4315 Fiat,
374 4248 422 4303 llat
435 4249 483 4317 ita,
495 4248 565 4306 sicut
579 4250 787 4320 praeordinatum
803 4259 853 4318 cst,
868 4259 898 4306 ut
947 4251 999 4307 soli
1015 4251 1188 4306 attribuendo
1209 4252 1311 4305 bonum
1334 4264 1413 4317 opus,
1432 4249 1480 4319 qui
1505 4247 1582 4302 solus
1607 4254 1736 4314 operatur

105 4340 177 4396 iacie
196 4339 244 4396 Dei
264 4354 295 4395 se
314 4338 513 4396 manifestantis
532 4350 559 4396 et
585 4341 661 4413 ignea
684 4343 784 4398 virtuto
810 4344 1041 4412 bonospomnia
1070 4343 1097 4397 in
1126 4342 1255 4397 omuibus
1282 4339 1316 4395 ad
1343 4339 1456 4410 gloriam
1480 4338 1523 4392 sui
1548 4338 1677 4402 nominis,
1700 4336 1735 4392 ad

104 4431 293 4487 illuminantis
305 4445 354 4500 per
367 4432 487 4487 ueritatis
502 4433 664 4503 agrritiouem
677 4442 704 4488 et
723 4432 895 4489 iullarnman-

104 4525 139 4581 tis
152 4540 206 4597 per
219 4524 330 4579 virtutis
350 4538 480 4591 amorem,
503 4534 659 4593 peccatores,
689 4542 742 4580 non
771 4526 895 4583 homiues

102 4623 227 4686 pereant,
243 4622 271 4670 et
284 4629 341 4670 suae
353 4613 510 4683 perditionis
526 4614 649 4685 exemplo
669 4614 731 4670 aliis
753 4615 844 4670 lumen
867 4623 895 4671 et

104 4707 265 4778 exemptum
278 4705 501 4775 ostendantque
518 4705 641 4762 instructi
654 4721 668 4760 a
680 4705 840 4777 perditionis
853 4705 895 4763 lo·

104 4813 154 4854 rea
166 4798 221 4855 sibi
236 4805 362 4854 careant.
388 4796 437 4853 Vel
450 4807 555 4868 pereunt
567 4799 635 4852 sieut
653 4799 714 4868 fluit
729 4815 788 4853 cero
798 4816 815 4852 u
826 4797 894 4868 [acie

102 4889 188 4958 ipris,
200 4897 231 4942 ut
241 4887 366 4943 videlieet
380 4887 424 4943 bie
439 4886 605 4956 poeniteutiae
623 4887 750 4960 lacrymis
764 4885 848 4941 ssuaut
862 4886 895 4941 li-

102 4986 257 5048 pascente
269 4977 393 5049 ipsorum
413 4977 513 5033 duritia
532 4992 588 5048 prae
598 4979 695 5034 ardore
705 4978 782 5032 bonae
795 4977 893 5034 voluu-

100 5071 169 5125 tatis
183 5069 217 5125 de
230 5078 344 5138 peccato
357 5068 494 5138 preterito
507 5067 634 5136 totenais,
647 5074 675 5123 et
693 5066 728 5122 de
749 5066 842 5123 tuturo
862 5068 894 5122 li-

101 5160 202 5216 bcnter
227 5160 361 5216 carentis.
381 5159 437 5216 ileo
462 5174 526 5215 rere
548 5159 707 5229 poeultentia
726 5159 760 5214 de
784 5158 894 5228 injustis

99 5252 172 5307 mut
182 5252 264 5324 lusti,
278 5261 305 5307 et
322 5251 414 5322 plures
434 5252 468 5308 de
483 5265 597 5306 numero
614 5259 787 5314 peccatorum
802 5250 892 5306 socia-

99 5343 208 5400 bantur
221 5359 338 5399 numero
352 5352 510 5399 satiatorum
527 5343 639 5398 semotis
659 5342 893 5412 impoenitentibus

98 5435 176 5491 ule
196 5433 385 5504 pereuntibus.
406 5432 462 5488 illis
475 5447 540 5503 ergo
553 5434 740 5504 murmuratis,
751 5442 779 5487 ot
789 5433 893 5489 carceri

97 5526 206 5596 poenali
220 5527 394 5598 mancipatis,
411 5543 444 5581 nc
458 5528 618 5601 peurtrbare
632 5528 739 5583 ualeant
756 5527 893 5584 unanimi-

95 5623 187 5671 tatem
198 5616 348 5686 justorum

947 4433 1134 4489 ostensionem
1148 4449 1204 4488 suae
1215 4432 1356 4489 bonitatis.
1366 4431 1463 4489 Petrus
1475 4429 1628 4488 etloanues
1638 4445 1735 4486 aseen-

947 4522 1047 4579 debant
1059 4523 1087 4577 in
1100 4524 1230 4594 templum
1245 4523 1278 4578 ad
1292 4524 1386 4579 boram
1399 4522 1530 4580 orationis
1545 4536 1656 4576 nouam.
1677 4518 1734 4577 tloe

947 4622 1006 4670 erat
1020 4623 1128 4669 cantore
1147 4614 1213 4669 Deo.
1233 4613 1266 4669 tu
1279 4615 1391 4685 quidam
1408 4615 1461 4680 uir,
1482 4612 1603 4682 quierat
1619 4611 1733 4667 claudus

945 4720 981 4761 ex
997 4714 1075 4761 utero
1090 4707 1187 4762 matris
1205 4721 1272 4774 sue,
1290 4706 1393 4760 audiit
1405 4704 1441 4760 ab
1460 4704 1544 4775 ipsis:
1559 4723 1569 4756 ι
1583 4701 1612 4758 lu
1624 4706 1735 4759 nomine

946 4795 1010 4851 Jesu
1026 4796 1129 4852 Gbristi
1145 4812 1226 4867 surge
1245 4806 1272 4851 et
1286 4798 1394 4851 ambula
1410 4797 1485 4868 (Act.
1507 4810 1547 4862 ιιι,
1566 4795 1604 4867 i).
1618 4814 1628 4848 ι
1657 4792 1735 4849 Tune

946 4888 1075 4944 exsiliens
1099 4888 1214 4943 claudus
1238 4886 1388 4941 ambularit
1409 4897 1436 4943 et
1457 4886 1568 4942 intravit
1585 4901 1647 4941 cunr
1668 4885 1732 4940 illis.

946 4978 1003 5034 lloc
1018 4988 1077 5034 erat
1089 4978 1202 5050 psallere
1214 4977 1242 5029 iu
1256 4978 1360 5033 uomina
1374 4977 1491 5032 Douriui.
1513 4975 1589 5031 Unde
1609 4991 1660 5029 uec
1682 4973 1734 5029 Pe-

945 5078 1006 5124 trus
1015 5069 1121 5124 dixerat
1135 5087 1142 5122 ε
1156 5067 1250 5139 Saepe,
1261 5076 1287 5122 et
1300 5068 1406 5123 eurialo
1420 5070 1447 5124 iu
1463 5069 1567 5122 nomiae
1580 5078 1647 5132 meo,
1663 5064 1731 5120 sod:

946 5160 980 5215 ln
1002 5160 1115 5224 nomine,
1130 5161 1227 5231 iuquit,
1250 5158 1313 5214 Iesu
1336 5158 1436 5215 Cariati
1461 5164 1585 5229 surgeret
1611 5155 1731 5210 ambula.

944 5250 1042 5307 Postea
1068 5250 1113 5304 ubi
1135 5253 1252 5321 populus
1266 5250 1334 5305 uidit
1356 5250 1483 5306 claudunt
1503 5247 1687 5304 ambulantem
1704 5257 1733 5301 et

945 5342 1101 5397 laudantem
1117 5339 1212 5408 Deuru,
1235 5356 1289 5395 nou
1309 5340 1419 5395 Petrum
1438 5340 1495 5396 sire
1508 5338 1652 5405 loannem,
1669 5351 1733 5392 sea-

945 5434 1043 5490 tientes
1054 5432 1168 5502 apostoli
1180 5446 1196 5485 a
1209 5432 1310 5501 populo
1325 5431 1377 5486 sibi
1392 5431 1426 5485 de
1439 5438 1515 5485 tanto
1529 5428 1661 5484 ruiraeulo
1673 5429 1732 5500 glo·

945 5525 1014 5580 riaut
1039 5521 1183 5592 assignari,
1200 5522 1329 5576 dixerunt
1351 5539 1358 5575 ι
1384 5520 1477 5587 «Quid
1498 5534 1550 5576 nos
1575 5520 1730 5586 intuemini,

945 5615 1023 5686 quasi
1036 5623 1129 5670 nostra
1143 5615 1241 5671 uirtute
1260 5624 1308 5670 aut
1324 5614 1422 5685 pietate
1434 5613 1579 5671 lucerinum
1589 5613 1662 5670 lrnuc
1672 5629 1731 5671 attt-
