3892 6067
110 217 170 284 titis
365 224 542 283 tosticus.
563 226 837 292 mustellus-
857 229 947 289 lctus
964 232 1011 303 lx,
1032 233 1077 290 stt
1097 237 1260 299 ltosoltto.
1288 272 1321 285 -
1337 243 1435 303 PSAL.
1455 247 1548 312 xcllt,
1694 250 1747 308 d'd

114 361 195 401 reses
215 354 242 402 ει
256 344 462 415 persecutiones
482 345 565 402 nimis
588 348 744 415 saevierunt,
766 358 793 405 et
817 349 909 405 nmrria
924 353 948 411 Α
961 351 1024 418 mis,
1042 361 1073 408 ut
1095 365 1197 425 pugnet
1220 374 1281 414 cum
1300 359 1473 418 aduersariis.
1498 361 1604 417 Etenim
1629 366 1747 436 firstoult

112 436 360 509 perturbaverunt.
376 435 409 492 Et
421 445 486 493 tunc
497 435 574 493 iactae
587 449 651 496 sunt
662 441 796 495 mirabiles
811 441 908 497 eletio·
959 447 1047 498 errent
1059 453 1145 501 terroe.
1159 446 1239 502 Terre
1252 459 1294 505 εει
1305 450 1382 522 ιιηςιι
1393 450 1489 520 ilaris,
1517 454 1587 508 ordis
1597 465 1639 510 est
1648 471 1749 525 eorpus

112 545 164 582 res
183 528 277 588 meus.
294 526 321 582 id
334 537 376 583 εει
389 527 471 583 minc
492 536 520 583 ct
535 539 653 586 remores
667 533 826 603 gentilitatis
843 550 909 589 con·
959 531 1132 594 Doruinicmn
1148 538 1183 593 dc
1206 539 1310 611 uirgine
1325 552 1477 611 sunmtum,
1498 545 1645 601 virtutihus
1660 547 1747 615 perir»-

111 616 524 688 tradoctrinarnapostnlorum
539 624 747 692 seutproccllre
761 625 907 692 clerautes,
959 633 1045 682 ctum.
1068 626 1147 685 llunc
1173 629 1260 684 orient
1284 630 1354 690 [leus
1376 633 1504 703 procerit,
1526 635 1590 690 dum
1618 636 1747 692 unierunt

112 718 144 764 et
158 708 238 763 miris
258 709 427 764 cruciatibus
441 711 670 772 contradicentes.
697 712 853 771 Similitudo
866 725 910 772 cst
958 716 1035 771 carni
1048 718 1147 786 univit,
1162 729 1192 776 ut
1203 731 1277 778 essct
1291 722 1319 777 in
1335 739 1388 783 una
1401 739 1518 794 persona
1533 725 1643 783 licrrsct
1654 729 1745 784 lromo.

112 814 131 853 a
159 800 242 864 mari,
268 798 341 870 quod
363 801 452 856 uentis
467 810 635 857 commotum
661 804 794 872 precellas
809 804 906 864 eleuat.
960 804 1013 872 Qui
1028 824 1080 863 uon
1091 811 1295 868 commovebitur
1309 812 1343 869 de
1360 813 1433 869 burto
1453 815 1487 872 ad
1511 817 1625 872 malum.
1645 816 1748 878 Parate

113 888 164 945 Sic
191 889 330 962 principes
356 892 477 963 gentium
503 893 730 968 persuasionibus
751 895 908 953 daemonum
958 899 1033 954 sodes
1049 909 1106 967 tue,
1119 900 1200 969 Deus,
1215 919 1248 957 cs
1264 913 1336 962 tuuc.
1350 903 1436 961 Sedes
1448 904 1497 962 Dei
1509 917 1569 962 erat
1580 910 1747 970 liumauitss.

112 983 250 1038 commoti
266 983 488 1053 persecutionem
502 984 530 1039 in
546 985 740 1054 predicatores
754 987 910 1044 concitate-
958 990 987 1047 in
1001 1006 1055 1063 qua
1068 991 1149 1060 sedit,
1163 993 1228 1049 dum
1253 994 1385 1052 muudum
1400 995 1452 1052 sihi
1467 998 1665 1054 roeuuciliarit.
1686 997 1749 1056 linc

112 1085 195 1130 runt.
210 1074 262 1131 Sed
278 1076 316 1131 nil
331 1075 505 1147 prosuerunt,
515 1077 579 1148 quia
594 1078 725 1133 mirabilis
738 1079 765 1134 iu
779 1079 843 1134 citis
858 1079 910 1134 lto
958 1082 1038 1138 sedes
1064 1097 1097 1138 cc
1121 1091 1184 1139 lunc
1209 1093 1269 1144 erat
1291 1096 1399 1158 parete,
1422 1103 1456 1143 cr
1470 1103 1527 1158 quo
1554 1104 1602 1158 per
1616 1087 1748 1159 Spiritum

112 1168 207 1226 urium
219 1169 388 1240 compescuit
399 1167 498 1225 linctus
512 1170 614 1226 sevitia
628 1181 798 1241 spumantes,
812 1172 909 1245 subju·
958 1183 1084 1231 sanctum
1099 1175 1127 1231 in
1143 1185 1221 1234 utero
1237 1185 1280 1234 est
1303 1188 1444 1248 concepte.
1471 1178 1525 1236 Sed
1540 1189 1581 1244 ιιι,
1598 1193 1615 1233 o
1628 1178 1748 1248 Christe,

115 1260 197 1329 gavit
208 1257 271 1314 lldei
285 1275 363 1332 reges
375 1269 403 1315 et
414 1269 573 1331 potestates.
595 1260 629 1316 Et
640 1262 680 1318 sic
958 1272 1026 1322 tunc
1040 1281 1094 1321 uon
1107 1267 1226 1338 coepisti,
1247 1268 1311 1339 quia
1324 1284 1339 1324 a
1351 1270 1450 1328 seculo
1463 1279 1492 1325 tu
1514 1286 1542 1325 ιι
1559 1270 1641 1327 licus.
1657 1269 1751 1326 Eloue-

154 1346 240 1404 i'srrs.
262 1349 289 1404 5.
313 1348 476 1410 Testimouic
501 1360 559 1415 tua,
576 1351 681 1409 scilicet
701 1353 909 1423 praedicationes
958 1365 1051 1413 uerunt
1065 1357 1191 1426 tiumirra,
1207 1355 1330 1426 Decrius,
1351 1360 1515 1422 cleuouerarrt
1533 1353 1750 1431 demissiorem

111 1441 307 1512 apostolurum
336 1451 362 1498 ιε
390 1441 475 1500 Deum
497 1451 644 1514 testantes,
672 1445 810 1502 credibilia
837 1446 910 1517 [arto
958 1463 1046 1515 suam,
1072 1448 1124 1504 lroc
1138 1457 1190 1515 εει,
1215 1458 1361 1521 postquam
1387 1460 1416 1505 tu
1433 1451 1620 1508 ionsritscdc
1637 1451 1750 1508 llunrine

112 1546 179 1592 sum
195 1534 275 1589 nimis
288 1549 336 1602 per
347 1534 425 1606 signa
436 1545 464 1591 et
476 1535 608 1598 miracula
620 1540 772 1609 sequentia.
786 1537 848 1594 ideo
860 1538 910 1593 do·
958 1536 1078 1596 iordane
1090 1539 1251 1605 ascendisti,
1273 1541 1392 1612 apostoli
1416 1559 1432 1597 a
1446 1551 1473 1598 ιε
1488 1541 1582 1614 repleti
1602 1557 1650 1611 per
1662 1550 1750 1598 totam

115 1637 282 1686 mactaturus
300 1628 372 1682 dccet
388 1628 551 1695 carteritano,
574 1627 697 1696 Brutine,
708 1630 820 1686 domum
835 1639 909 1690 tuam
958 1626 1080 1688 ludream
1101 1629 1319 1700 praedicaverunt
1333 1630 1406 1701 quod
1419 1638 1448 1685 tu
1461 1631 1501 1686 sis
1514 1629 1586 1686 lteris
1597 1630 1630 1686 de
1646 1629 1750 1701 uirgine

114 1734 132 1782 a
147 1727 176 1774 ιε
191 1716 344 1785 fundatam,
358 1719 394 1774 ab
407 1720 539 1790 apostolis
555 1729 649 1777 sancta
666 1722 847 1784 instructione
861 1724 909 1780 de·
923 1694 946 1752 B
962 1729 1051 1780 notus.
1074 1719 1249 1778 Elcucucruut
1271 1720 1384 1791 doctius
1413 1720 1511 1791 tidelm
1521 1736 1582 1775 suos
1605 1736 1621 1773 a
1644 1718 1750 1774 uocibus

115 1819 259 1877 caratam,
283 1812 311 1863 in
333 1810 526 1882 lassitudinem
544 1812 697 1881 dicrum,id
712 1824 753 1871 est
775 1815 802 1873 in
827 1824 908 1874 aetcr·
961 1828 1090 1886 ausurum
1118 1812 1276 1872 multonem.
1296 1809 1354 1867 lloc
1380 1820 1434 1879 εει,
1462 1810 1565 1867 Scrilrae
1579 1821 1605 1868 et
1619 1810 1750 1868 Plraristei

115 1917 200 1956 uum.
226 1900 299 1957 lianc
312 1902 424 1957 domum
437 1917 534 1957 omncs
543 1904 610 1973 justi
626 1906 808 1969 sanctificant,
821 1906 909 1977 quise
960 1917 994 1970 es
1006 1901 1080 1958 lente
1093 1900 1161 1974 legis
1176 1901 1271 1972 repleti
1281 1901 1322 1958 eis
1336 1902 1571 1968 contradisemnt,
1585 1913 1613 1958 ct
1626 1911 1652 1958 ιε
1663 1901 1749 1962 licum

117 1990 226 2045 sanctis
236 1991 362 2047 moribus
375 1999 402 2046 et
420 1992 526 2048 actibus
544 1991 600 2047 lieo
625 1994 754 2065 templum
770 1995 907 2056 dedicant.
959 2002 1138 2066 negavemnt.
1155 1993 1292 2054 llirclrilcs
1306 1995 1434 2050 elationes
1446 1996 1541 2062 meris,
1557 1995 1638 2050 idest
1655 2010 1750 2065 perse·

115 2077 184 2140 lice
207 2081 361 2137 sanctitudo
383 2082 503 2140 manebit
527 2083 555 2142 iu
580 2084 771 2154 insipitudinem
791 2084 907 2154 dierum,
959 2087 1084 2146 cruores
1098 2088 1192 2166 populi
1207 2089 1328 2161 gentilis.
1345 2088 1451 2145 scilicet
1470 2089 1550 2146 Pilati
1563 2088 1664 2159 eteius
1675 2087 1749 2144 miii·

115 2169 185 2241 qnia
198 2167 264 2225 lacit
277 2184 327 2227 eos
340 2186 455 2243 regnare
465 2171 493 2227 iu
506 2171 588 2227 domo
603 2171 696 2241 Dei,irl
709 2175 788 2236 estin
804 2176 908 2238 coelesti
960 2186 1031 2244 tunt,
1042 2179 1090 2250 qui
1102 2178 1262 2238 occiderunt
1278 2179 1453 2240 innocentem
1468 2178 1621 2236 Christum.
1634 2178 1749 2233 lliroiiv

115 2256 316 2318 ierusalemin
342 2272 487 2327 aeternum,
517 2262 579 2321 lrleo
596 2263 717 2322 Ecclesia
742 2268 815 2323 canit
835 2268 909 2325 harre
959 2271 993 2332 iia
1005 2272 1033 2327 iu
1048 2271 1124 2339 ultis,
1137 2271 1165 2327 id
1178 2279 1222 2329 εει
1233 2272 1261 2326 iu
1276 2286 1359 2328 cruce
1371 2270 1512 2336 Drinium,
1524 2270 1572 2342 qui
1592 2285 1643 2341 pro
1655 2268 1749 2326 eruci·

116 2351 256 2422 psalmum
271 2351 301 2407 in
326 2351 468 2409 Dominica
483 2354 526 2410 rel
538 2353 616 2411 iestis
629 2354 727 2418 diebus
742 2356 775 2414 ad
790 2355 907 2424 Laudes,
959 2363 1093 2422 uxoribus
1111 2364 1209 2430 orarit,
1225 2377 1295 2442 quos
1310 2377 1366 2420 uno
1384 2362 1468 2419 rcrlm
1483 2363 1510 2417 ιιι
1525 2362 1656 2432 supssum
1674 2375 1749 2416 turer·

116 2444 184 2522 quia
197 2441 325 2500 Christus
337 2459 417 2501 mane
429 2447 560 2516 surrexit,
576 2455 603 2502 ει
613 2462 662 2518 per
683 2447 776 2504 orbern
791 2463 908 2520 regnans
959 2471 1023 2530 μη
1035 2455 1133 2526 potnit.
1151 2454 1312 2516 Testimonia
1325 2463 1373 2518 tuo
1382 2468 1416 2509 es
1428 2454 1488 2526 ispe
1498 2463 1526 2510 et
1534 2452 1676 2528 propinetis
1687 2466 1751 2523 pru·

116 2533 271 2591 Ecclesiam
284 2537 375 2592 sedem
390 2537 433 2592 rel
444 2536 555 2593 domum
568 2554 645 2594 suam
661 2539 792 2607 lirmarit3
805 2549 831 2596 ει
845 2556 909 2598 san·
960 2548 1014 2606 lata
1030 2547 1169 2606 credibilia
1192 2547 1266 2618 [urle
1290 2554 1353 2603 sunt
1376 2545 1468 2612 ιιιιιιιε,
1483 2546 1548 2602 dum
1566 2554 1596 2600 tu
1615 2544 1643 2599 in
1665 2558 1749 2602 carus

116 2627 153 2689 eti
169 2627 197 2681 in
209 2627 306 2683 ulumo
317 2643 396 2688 mane
406 2638 563 2701 resurgunt,
578 2639 677 2692 etcum
690 2632 761 2687 coin
775 2642 907 2694 aternum
958 2637 1030 2698 inter
1047 2637 1172 2695 nomines
1184 2637 1349 2710 apparuisti,
1360 2645 1389 2697 et
1401 2644 1516 2694 mortem
1526 2651 1577 2707 pro
1590 2633 1750 2692 lramiuilrus

116 2719 283 2790 urguebunt.
958 2729 1079 2797 subiisti,
1095 2730 1167 2788 sicut
1181 2743 1230 2804 per
1256 2729 1318 2791 illos
1344 2727 1505 2802 predixisti.
1530 2727 1645 2780 Bonitus
1660 2734 1749 2801 ¹terrun,

152 2808 248 2865 Potest
268 2817 295 2868 et
319 2810 501 2884 hicpsaimus
520 2814 553 2870 ad
576 2812 790 2872 incantationem
806 2815 906 2872 Christi
958 2819 1064 2876 seilicet
1087 2834 1199 2889 eorpus,
1224 2817 1251 2873 in
1276 2834 1331 2892 quo
1345 2817 1418 2889 apud
1440 2832 1492 2872 nos
1517 2814 1658 2882 ιιιιιιεειι,
1675 2814 1750 2874 dccci

116 2899 227 2964 referri.
239 2901 380 2973 licinium,
393 2905 440 2977 qui
463 2905 490 2970 in
506 2904 629 2968 Hebraeis
645 2908 773 2978 reposuit,
788 2907 907 2970 decorent
958 2911 1123 2977 torretiludr,
1145 2909 1277 2977 Domine,
1298 2909 1328 2964 itt
1346 2908 1513 2979 loupitsdiue
1540 2908 1665 2973 dierum,
1683 2904 1747 2974 uuis

117 2991 218 3059 inrisit,
232 2993 258 3048 id
271 3003 313 3050 est
326 2996 444 3051 humana
460 3012 544 3055 carne
557 3000 592 3055 alr
603 3000 678 3055 omni
698 3000 779 3056 sorde
793 2997 906 3066 munda,
921 3028 942 3086 Ε
959 3002 1027 3066 iilud
1054 3011 1180 3064 sanctum
1206 3002 1303 3064 levasti
1329 3001 1358 3064 in
1386 2999 1499 3069 cetum,
1518 2999 1566 3056 ulti
1582 2997 1705 3070 suumn
1720 2994 1749 3054 itt

116 3092 149 3146 ut
172 3083 256 3140 lorica
271 3088 430 3143 seuestirit.
450 3085 582 3146 Dominus
604 3091 691 3150 induit
710 3091 905 3162 fortitudinem,
960 3102 1103 3154 aternum.

117 3184 149 3234 ut
163 3173 255 3245 alliget
268 3173 374 3232 fortem.
401 3175 436 3232 Et
454 3180 594 3249 precinxit
609 3196 635 3235 se
649 3180 744 3234 uirtute
768 3178 846 3250 qrrasi
862 3194 906 3232 ar-

689 3541 952 3682 rssnuus
985 3537 1165 3636 xurrr.

712 3844 758 3905 lle
774 3844 983 3907 venatoribus
998 3844 1164 3910 Ecclesia).

158 4014 229 4074 Deru
249 4017 380 4071 altiorum
400 4014 539 4079 Dominus,
567 4019 620 4068 etc.
649 4007 700 4067 llic
720 4009 843 4080 psalmus
867 4017 909 4065 est
924 4013 946 4068 u
959 4019 1058 4080 quarta
1081 4008 1203 4074 Sublati,
1220 4007 1324 4066 seilicet
1339 4020 1390 4078 pro
1413 4006 1596 4064 luminaribus
1622 4007 1694 4075 cosli,
1720 4006 1749 4064 ld

117 4120 216 4174 cantra
234 4108 345 4180 eosqui
370 4107 481 4164 dantum
497 4103 545 4162 uei
563 4105 598 4160 ab
617 4102 677 4173 ipso
700 4100 839 4156 fundatam
857 4100 909 4154 irn-
961 4106 1005 4154 est
1020 4098 1241 4168 productoribus
1264 4098 1401 4155 Ecclesia.

117 4210 254 4274 pugnant,
267 4200 484 4255 ethereditatem
493 4198 553 4271 ejus
567 4189 907 4269 prarismoribusrexant.
997 4190 1066 4246 Nota
1082 4189 1155 4261 quod
1166 4188 1324 4261 praecedens
1337 4184 1459 4257 psalmus
1473 4195 1532 4240 crat
1554 4186 1588 4241 de
1604 4194 1676 4241 terra
1688 4185 1750 4241 lun-

119 4293 232 4350 'litulus
247 4301 290 4349 cst
309 4312 316 4348 :
959 4281 1023 4339 duta
1033 4290 1061 4337 ει
1073 4280 1107 4335 dc
1121 4278 1292 4344 lluminilrus,
1309 4275 1412 4347 quibus
1424 4283 1467 4331 est
1489 4275 1621 4345 irrigata,
1638 4277 1748 4332 trione·

205 4401 273 4441 trus
286 4399 392 4440 cssrtcr
407 4381 463 4453 (ld)
475 4398 554 4437 nuum
568 4396 673 4445 oussra
686 4392 807 4437 struant.
959 4379 1014 4428 ιειιι
1028 4367 1063 4428 dc
1079 4369 1272 4432 luminaribus,
1287 4367 1389 4439 quibus
1403 4373 1445 4422 est
1465 4365 1629 4423 illuminata.
1656 4364 1703 4422 llic
1715 4366 1750 4432 tls

157 4479 263 4545 Quarta
279 4475 390 4533 salicti
405 4484 447 4531 est
462 4484 558 4546 quarta
571 4473 638 4528 ieris
653 4489 707 4545 qua
732 4481 824 4527 ereata
845 4479 910 4526 sunt
958 4464 1059 4521 donans
1071 4461 1351 4527 Deiaedillcatoribus3
1364 4458 1415 4515 iste
1427 4458 1461 4514 dc
1473 4457 1533 4527 ejus
1545 4456 1748 4520 defensoribus.

117 4566 270 4624 luminaria
286 4567 359 4626 eceli.
376 4565 481 4622 (Icelum
493 4572 535 4620 cst
548 4563 680 4629 Ecclesia,
696 4563 775 4633 cuius
789 4567 854 4616 sunt
867 4557 910 4613 lu·
958 4553 1007 4610 llle
1022 4555 1055 4611 de
1067 4553 1309 4628 persecutoribuss
1338 4550 1389 4609 isle
1404 4549 1438 4606 de
1460 4547 1589 4604 Ecclesiae
1616 4548 1746 4619 lilasplrs-

118 4658 240 4716 minaria
254 4659 391 4724 doctores,
411 4656 437 4710 in
457 4654 547 4710 merliu
563 4654 682 4710 nationis
697 4668 787 4724 praua
800 4660 828 4707 et
848 4664 910 4722 per·
959 4646 1123 4705 aratoribus.
1150 4635 1197 4701 ssle
1219 4645 1253 4702 tle
1266 4639 1349 4716 Regis
1374 4654 1477 4714 regno;
1504 4638 1555 4696 iste
1575 4639 1609 4696 de
1631 4639 1750 4735 elusiu-

118 4764 210 4805 rersae
227 4748 360 4806 lucentes.
383 4747 485 4814 erarta
500 4755 580 4801 aetate
595 4744 689 4800 mundi
715 4744 795 4817 quasi
813 4748 910 4813 qrtarto
959 4738 1042 4795 dicio.
1708 4799 1732 4833 ·.

120 4838 234 4898 Saliari
244 4839 383 4911 prophetae
395 4846 425 4894 ut
435 4838 520 4894 stellae
533 4836 561 4891 iu
575 4846 653 4892 nocte
665 4833 825 4908 ignorantiae
838 4833 911 4886 luxe
994 4830 1103 4886 Aliter:
1118 4827 1173 4886 lsta
1191 4828 1251 4884 laus
1273 4825 1370 4881 cantici
1386 4833 1427 4881 est
1447 4821 1545 4892 Dauid,
1561 4822 1588 4879 id
1605 4831 1647 4879 est
1660 4800 1749 4878 lldelrs

120 4941 197 4993 runt.
226 4932 273 4988 sed
294 4932 422 4986 tenebras
438 4945 493 4984 non
511 4927 707 4998 effugaverunt.
722 4921 825 4978 Deinde
842 4935 910 4991 apo·
959 4922 1064 4994 pepuli,
1078 4921 1126 4994 qui
1149 4919 1241 4977 existit
1255 4920 1282 4974 iu
1297 4917 1529 4990 promoscidas,
1549 4917 1631 4974 idest
1652 4915 1679 4970 in
1696 4916 1746 4970 ob·

121 5022 185 5079 curli
201 5031 231 5078 ut
257 5023 344 5079 solet
366 5021 430 5076 luna
452 5018 597 5086 fulserunt,
612 5017 659 5089 qui
687 5015 814 5076 tenebras
829 5014 911 5083 longo
960 5014 1115 5070 servatione
1139 5012 1283 5083 utriusque
1311 5007 1488 5074 Testamenti.
1513 5011 1616 5078 Quarta
1637 5007 1748 5065 Sulictl

120 5113 295 5184 pepulerunt.
311 5110 378 5167 Post
389 5112 441 5167 irus
455 5110 502 5165 alii
517 5110 653 5173 ductores,
664 5104 837 5170 Ambrosius,
855 5104 910 5158 llu-
959 5113 1003 5162 est
1019 5106 1046 5161 in
1062 5104 1152 5161 medio
1178 5104 1336 5176 septimane
1350 5103 1438 5160 tribus
1452 5103 1548 5160 diebus
1570 5097 1750 5198 praecedenti,-

120 5203 262 5273 gustinus,
276 5201 458 5274 Hieronymus
485 5209 512 5256 ει
537 5200 581 5255 alii
597 5213 679 5269 quam
707 5196 799 5268 plures
812 5209 910 5265 magua
960 5195 1013 5251 ltus
1024 5203 1050 5251 et
1072 5195 1161 5250 tribus
1175 5194 1362 5266 sequentibus.
1378 5192 1429 5248 Per
1446 5203 1501 5249 trcs
1513 5189 1695 5263 praecellentes
1706 5200 1749 5288 tn:

121 5294 230 5362 taleme
243 5294 354 5351 durrrum
366 5293 414 5350 Dei
432 5294 662 5348 illuminaverunt.
675 5290 817 5361 Lruscrgo
828 5286 911 5358 lrujrts
960 5287 1091 5359 telligilur
1116 5284 1201 5343 Vetus
1220 5285 1437 5349 Testamentum,
1458 5284 1484 5362 iu
1505 5297 1560 5353 quo
1576 5279 1687 5334 luerunt
1699 5290 1748 5379 aput

120 5383 225 5438 “imm
238 5383 346 5440 ιιιιίῑϋῐ
367 5382 465 5448 David,
479 5379 598 5446 Christo,
617 5379 699 5433 Madd
717 5379 782 5450 [orti
804 5387 832 5432 rt
845 5374 911 5429 desf-
962 5378 1042 5434 lldcm
1058 5372 1199 5434 Trinitatis
1212 5378 1376 5433 imbuerunt.
1397 5373 1449 5428 Per
1465 5384 1521 5427 tres
1548 5375 1692 5440 sequentes
1705 5382 1749 5421 m·

118 5473 203 5537 lierni
215 5485 235 5529 lt
247 5492 298 5547 pro
318 5474 517 5548 signiticatiooc
531 5474 605 5528 illius
621 5472 670 5536 rei,
700 5487 760 5542 quae
786 5471 912 5526 laclacst
962 5466 1214 5540 telligiturNorum
1228 5465 1446 5530 Testanrcntum,
1474 5463 1502 5517 in
1523 5477 1578 5532 quo
1611 5467 1675 5517 suut
1699 5456 1748 5530 qul

156 5652 214 5724 (ld)
228 5651 344 5726 l'ttlpala
358 5671 364 5708 :
378 5652 499 5708 Pratum
514 5652 564 5714 ipsi
577 5650 672 5714 llutdd,
688 5661 736 5700 ric.
