3892 6067
209 203 260 270 itt
534 217 535 220 ¹
590 211 592 216 ·
684 211 839 272 nannoni
856 213 1051 274 canrosrn
1071 216 1344 278 nerenensnsno.
1644 199 1648 204 ’
1775 221 1826 280 rso

206 330 260 373 uon
277 325 319 374 cst
331 317 458 377 intentus
472 321 572 380 similis
582 322 633 390 illi,
649 324 700 396 qui
712 336 889 385 conservaret
906 327 993 403 legem
1009 334 1032 394 Α
1046 344 1142 389 nostro
1155 333 1294 391 silentium
1309 347 1379 405 pene
1389 331 1496 403 penitus
1506 330 1640 387 cessando
1656 327 1692 387 sb
1708 345 1788 402 opere
1801 337 1829 389 tn

207 400 324 474 anersi,
347 410 547 481 sicutepistolre
556 427 589 471 ac
603 424 680 487 qesta
694 426 883 475 motesmner
896 435 993 478 succe·
1045 423 1168 482 Psalmos
1178 435 1278 498 empto,
1290 423 1409 482 contenti
1421 423 1574 481 orationum
1582 430 1609 478 et
1616 422 1762 478 lectionum
1773 431 1829 478 stu·

205 495 337 554 dentisei
362 513 439 571 papae
460 502 598 562 Arramasii
622 505 696 563 senis
710 506 824 579 iullrmi,
838 510 873 568 de
892 512 994 582 quibus
1045 517 1101 573 ilio.
1119 514 1197 574 Nune
1217 516 1456 588 autem‚'qnoniam
1470 512 1608 571 Adrianus
1622 513 1769 585 (lli)papa,
1784 512 1830 585 qui

205 602 260 642 non
288 597 330 645 cst
352 591 435 648 modo
460 593 606 652 decadum
622 613 672 668 per
685 599 804 672 singula,
822 615 884 672 cum
901 603 995 659 nullus
1045 607 1178 665 successit
1200 607 1357 676 Anastasio,
1372 607 1407 662 de
1427 606 1526 678 spiritu
1551 619 1628 676 papae
1656 602 1769 675 Euqeuii
1790 603 1831 658 vel

205 675 347 733 bominum
374 680 500 751 judicare
516 685 613 742 debeat
637 688 671 745 de
693 688 767 746 Petri
786 692 994 751 successoribus
1044 698 1138 768 potius
1149 697 1182 755 de
1196 697 1293 770 spiritu
1305 696 1377 756 Petri
1387 696 1515 768 apostoli,
1528 711 1577 753 scu
1592 699 1675 752 etiarn
1688 696 1723 751 de
1734 695 1830 765 spiritu

205 766 263 822 site
276 784 339 823 cunt
355 770 402 825 ilio
416 772 535 842 gladium
549 776 722 835 vibrantibus
738 787 766 836 et
776 794 852 838 mare
862 784 995 839 calcanti·
1044 790 1133 861 ipsios
1144 789 1247 847 Christi
1266 791 1320 846 boc
1334 790 1426 856 babet,
1442 797 1472 844 ut
1483 804 1554 860 quos
1568 789 1657 844 bonos
1674 787 1770 852 credit,
1786 795 1832 843 aut

205 857 289 927 tibus,
304 860 361 917 site
383 876 447 919 curn
469 864 516 919 illo
540 866 611 924 inter
634 869 775 929 ministros
800 874 898 931 mortis
913 876 998 948 trepi·
1045 882 1130 948 novit,
1141 881 1245 954 diligat,
1260 890 1289 939 et
1303 896 1354 953 pro
1368 881 1427 953 lege
1440 879 1487 936 Dei
1503 880 1547 937 sui
1563 886 1700 936 certantes
1711 886 1832 932 mairute·

205 950 334 1010 dantibus
348 963 375 1010 et
392 955 419 1011 in
440 966 601 1028 tempestate
618 961 847 1032 periclitantibus.
873 962 932 1022 lloc
955 975 997 1022 ta·
1044 980 1117 1039 neat,
1132 971 1212 1042 quasi
1226 969 1422 1042 exspergefacti
1435 969 1470 1025 de
1482 984 1580 1026 somno
1598 967 1717 1023 tristitia
1731 981 1833 1038 perre-

206 1058 270 1100 mcn
294 1045 412 1105 dicimus
426 1064 604 1121 proportant
627 1054 770 1124 parvitatis
789 1064 901 1123 nostrae,
922 1056 996 1128 quod
1044 1064 1243 1120 surrectionem
1263 1062 1359 1134 sopitae
1381 1061 1416 1118 ad
1448 1071 1555 1132 tempos
1579 1060 1679 1115 latitia
1713 1057 1834 1129 septimae

205 1150 274 1207 papa
292 1137 412 1211 Eugenio
427 1143 500 1198 velut
521 1144 607 1201 altero
622 1142 681 1202 Elia
698 1160 810 1204 sursum
825 1155 916 1219 rapto,
930 1147 996 1219 quia
1047 1155 1112 1213 truie
1122 1155 1193 1225 parti
1209 1152 1354 1210 exordium
1377 1152 1474 1209 demus
1487 1167 1502 1208 a
1516 1152 1622 1223 psalmo
1642 1150 1688 1219 ts,
1702 1150 1750 1221 qui
1769 1148 1834 1203 inti·

207 1240 261 1284 non
277 1230 395 1289 uidimus
407 1233 432 1290 ei
447 1235 628 1291 substitutum
639 1238 719 1309 quasi
731 1238 847 1295 alterum
861 1237 993 1304 Eliseum,
1047 1245 1150 1302 colatur
1162 1243 1199 1300 De
1213 1242 1422 1301 munecatone.

206 1324 374 1404 consternati
402 1340 499 1382 surnus
521 1327 549 1383 in
577 1334 693 1395 tantum,
713 1337 930 1400 ut.poneremus
951 1330 993 1386 ori

241 1476 300 1549 qtttt
319 1476 449 1537 Nicotaus
468 1480 620 1554 prospero
634 1484 739 1558 anglos
758 1500 775 1541 e
792 1484 908 1557 collegio
922 1481 1361 1553 cardinaliumdictusddriauus
1374 1479 1420 1548 tt,
1431 1495 1506 1538 anno
1517 1480 1597 1538 titt.

207 1661 1836 1694 Qum—m

808 1955 1072 2051 Psntttus
1106 1958 1249 2054 lxv.

244 2398 362 2459 iubilate
380 2398 435 2458 Deo
455 2399 541 2456 omnia
554 2409 635 2466 terro,
650 2400 783 2472 psalmum
798 2400 878 2457 dieite
900 2399 1001 2457 nomini
1016 2407 1038 2464 D
1051 2391 1128 2460 sauri
1140 2401 1281 2474 sapientie
1290 2410 1317 2460 et
1330 2401 1452 2460 scientias
1465 2402 1685 2477 absconditi,qul
1696 2408 1724 2464 in
1738 2421 1841 2470 somet-

206 2498 277 2569 aits,
292 2495 354 2552 date
365 2495 480 2568 ploriom
492 2493 595 2549 nomini
606 2493 674 2564 cius,
690 2503 742 2550 etc.
758 2492 886 2550 Psalmus
902 2494 954 2550 iste
966 2508 1000 2551 ac
1051 2494 1110 2565 ipso
1127 2493 1214 2566 legem
1233 2493 1400 2564 adimplevit,
1415 2494 1645 2567 quemadmodum
1659 2499 1744 2555 dicit:
1759 2518 1769 2554 i
1784 2500 1841 2558 No-

207 2588 264 2645 ilao
277 2582 458 2644 continuatim
471 2592 618 2654 sequentes
631 2584 659 2641 ln
673 2573 844 2655 splendidam
856 2584 941 2658 lloysi
958 2584 1000 2641 la·
1049 2584 1097 2641 lite
1110 2593 1218 2655 putare,
1226 2586 1291 2655 quia
1306 2586 1367 2640 veni
1387 2586 1474 2656 legem
1498 2586 1621 2657 solvere;
1634 2604 1688 2645 nou
1704 2591 1766 2646 veni
1782 2592 1841 2648 sol-

201 2679 278 2736 eiem
289 2679 414 2742 tendunt,
428 2692 491 2734 cum
506 2692 522 2732 a
537 2675 627 2732 littera
644 2676 711 2749 legis
727 2676 873 2749 mysticum
885 2691 998 2734 sensum
1049 2690 1125 2741 rere,
1150 2674 1198 2731 sed
1225 2675 1374 2746 adimplere
1387 2676 1497 2747 (dlattli.
1513 2692 1542 2742 v,
1558 2676 1614 2746 ll).
1637 2697 1646 2732 t
1663 2675 1763 2750 Utique
1790 2684 1841 2736 ad·

207 2768 417 2827 trabendoindc
431 2768 574 2825 materiam
594 2775 717 2825 sumunt.
732 2767 801 2825 Nam
820 2785 940 2840 praesens
953 2770 999 2828 bic
1049 2768 1188 2840 implendo
1210 2777 1238 2824 ct
1250 2769 1322 2825 barre
1333 2779 1439 2839 panem
1459 2768 1528 2841 legis
1540 2772 1648 2827 vocavit
1662 2771 1697 2828 ad
1711 2788 1752 2837 se,
1767 2787 1840 2842 qnos

208 2857 333 2929 maianus
346 2857 410 2912 inde
423 2857 509 2912 trabit
519 2858 674 2926 materiam,
690 2858 737 2915 ubi
762 2860 895 2931 scriptum
913 2860 998 2917 estin
1049 2860 1137 2916 uoluit
1157 2860 1306 2917 ascendere
1322 2858 1351 2914 in
1374 2866 1506 2926 montem,
1518 2869 1546 2915 ot
1562 2869 1696 2916 uenerunt
1713 2861 1747 2916 ad
1761 2874 1839 2926 eum,

208 2949 280 3006 libro
294 2944 407 3005 Numeri
422 2966 429 3004 ε
446 2966 458 3002 a
475 2947 588 3005 Factum
603 2957 645 3007 est
656 2957 746 3006 autem
762 2950 789 3005 in
799 2950 844 3006 die
854 2966 908 3023 qua
923 2965 1000 3008 com·
1049 2961 1077 3009 et
1089 2950 1155 3008 iecit
1169 2960 1199 3008 ut
1210 2960 1304 3008 essent
1316 2952 1460 3009 duodecim
1474 2965 1538 3006 cum
1561 2966 1606 3017 eo,
1621 2960 1648 3007 et
1668 2961 1699 3007 ut
1718 2952 1841 3007 mitteret

208 3041 293 3112 plevis
307 3039 416 3112 iloyses
431 3040 648 3106 tabernaculum,
667 3049 695 3097 et
708 3042 794 3098 erexit
809 3042 887 3108 illud,
906 3043 999 3099 unxit·
1049 3057 1097 3098 eos
1111 3041 1270 3114 praedicare,
1284 3050 1312 3097 et
1321 3041 1396 3098 dedit
1406 3042 1447 3097 eis
1459 3050 1621 3112 potestatem
1633 3040 1745 3096 curandi
1760 3042 1841 3096 intir-

208 3148 273 3204 qne,
288 3142 315 3188 et
334 3131 514 3188 sanctificarit
528 3145 591 3186 eum
604 3131 818 3189 omnibustasis
832 3134 901 3200 suis,
913 3133 999 3189 altaro
1049 3134 1158 3190 unitates
1179 3141 1206 3190 et
1226 3132 1353 3205 ejiciendi
1366 3132 1541 3188 daemonia«
1566 3131 1599 3188 Et
1623 3147 1699 3201 cum,
1719 3150 1730 3186 t
1748 3132 1841 3203 inquit

210 3221 349 3289 similiter,
364 3232 392 3279 et
403 3237 468 3279 rasa
484 3222 556 3292 eius,
569 3221 729 3279 obtulerunt
750 3223 888 3295 principes
914 3224 998 3282 lsrael
1049 3222 1169 3291 Marcus,
1190 3224 1358 3280 «audissent
1380 3222 1435 3288 sui,
1447 3224 1574 3278 exierunt
1592 3230 1685 3279 terrere
1700 3237 1774 3279 eum.
1791 3222 1841 3279 Di=

209 3323 238 3370 ct
256 3313 347 3384 capita
371 3313 538 3370 iamiiiantm
559 3327 675 3371 munera
692 3330 786 3372 eoram
813 3314 931 3372 Domino
949 3331 998 3373 sex
1049 3317 1148 3373 cebant
1170 3325 1262 3372 autem
1284 3332 1292 3371 ε
1318 3313 1454 3381 Quoniam
1479 3314 1507 3370 in
1533 3314 1654 3371 furorem
1680 3330 1777 3372 tersus
1796 3325 1841 3373 est

209 3408 331 3482 plaustra
362 3417 430 3465 tceta
450 3425 513 3466 cum
536 3409 678 3467 duodecim
698 3410 797 3477 bobus,
822 3417 875 3466 etc.
899 3409 997 3480 (Nam.
1050 3405 1148 3479 (Dore.
1166 3407 1361 3475 institunt
1382 3407 1428 3463 ilie
1449 3422 1513 3463 rere
1535 3417 1563 3465 et
1581 3408 1661 3464 unice
1680 3408 1776 3464 leatus
1794 3409 1840 3466 vir
1930 3437 1937 3452 ·

209 3507 260 3566 ru,
275 3502 315 3570 3).
333 3520 343 3555 t
366 3499 426 3556 Non
451 3503 510 3558 sinc
524 3503 636 3574 grandis
651 3502 773 3577 mysterii
798 3500 999 3572 significatione
1049 3515 1104 3556 non
1118 3499 1145 3553 in
1159 3498 1281 3554 furorem
1297 3514 1396 3555 tersus
1411 3506 1482 3566 erat,
1496 3500 1543 3556 sed
1558 3501 1585 3555 in
1600 3500 1658 3572 iege
1668 3499 1777 3556 Domini
1788 3516 1841 3556 to·

211 3592 314 3650 lactum
330 3593 469 3663 estquod
487 3594 625 3665 completo
652 3601 734 3665 atque
758 3603 851 3651 erecto
869 3594 999 3649 taberna·
1047 3591 1140 3647 luntas
1150 3589 1221 3661 ejus,
1234 3590 1299 3646 etin
1310 3589 1439 3662 leyeejus
1452 3593 1633 3648 meditabatur
1647 3593 1692 3649 dic
1703 3602 1839 3662 acnoete,

209 3685 274 3743 culo
288 3685 401 3756 lubente
415 3685 531 3741 Domino
545 3685 645 3758 singuli
657 3686 740 3743 duces
748 3702 797 3758 per
805 3686 929 3759 singulos
938 3686 998 3742 dies
1048 3684 1149 3755 qnippe
1163 3683 1211 3754 qui
1227 3686 1318 3755 ipsum
1333 3684 1417 3742 totius
1428 3685 1497 3756 legis
1510 3687 1664 3742 sacrarium
1675 3694 1744 3742 erat.
1758 3685 1839 3744 Tune

208 3777 328 3835 oliorum
342 3791 456 3833 munera
475 3777 502 3832 in
517 3777 688 3835 dedicatione
701 3778 806 3843 altaris,
821 3788 849 3834 et
871 3777 995 3834 omnium
1049 3774 1233 3831 meditabatur
1246 3774 1333 3847 legem
1350 3774 1476 3846 implere,
1495 3776 1522 3832 id
1545 3788 1587 3834 est
1601 3777 1751 3834 secundum
1767 3792 1840 3847 prae·

207 3868 303 3924 cadem
317 3877 382 3924 snm
395 3882 519 3935 munera,
532 3876 563 3925 ut
584 3867 718 3925 Dominus
732 3869 880 3927 ordinavit.
892 3868 997 3941 Nempe
1047 3878 1112 3922 sens
1126 3866 1194 3938 legis
1211 3865 1295 3937 liujus
1309 3868 1470 3940 mysterium
1484 3870 1629 3927 duodecim
1651 3870 1839 3942 spiritualium

208 3960 300 4033 primo
313 3959 357 4015 dio
374 3959 473 4015 obtulit
486 3958 654 4017 oblationem
681 3976 759 4017 suam
783 3958 908 4017 Naasson
923 3961 996 4019 lilius
1047 3968 1199 4017 castrorum
1212 3960 1296 4017 duoes
1313 3959 1449 4018 ordinare.
1463 3960 1532 4018 Nam
1553 3971 1581 4019 ct
1605 3965 1658 4021 boc
1677 3962 1830 4035 respiciens

207 4052 363 4110 aminadab
382 4053 416 4109 de
437 4052 512 4108 tribu
537 4051 607 4110 luda
636 4054 808 4111 acetabulum
836 4062 996 4128 argenteum
1047 4052 1149 4109 eisdem
1160 4051 1292 4124 apostolis
1305 4053 1372 4110 dielt
1392 4052 1517 4111 alioloeo
1534 4073 1541 4111 ε
1560 4056 1669 4112 «Anien
1683 4056 1837 4115 diconobis

205 4145 299 4219 pondo
326 4155 509 4202 trecentorum
527 4146 637 4217 triginta
665 4145 806 4214 siclorum,
821 4147 940 4219 pirialam
954 4162 997 4203 ar·
1047 4144 1122 4217 qnod
1134 4162 1194 4212 ros,
1209 4148 1258 4217 qui
1271 4146 1422 4217 reliquistis
1433 4149 1536 4214 omnia,
1555 4157 1583 4204 et
1595 4149 1681 4205 secuti
1697 4150 1764 4205 estis
1779 4165 1837 4215 me,

208 4247 334 4310 yenteam
346 4238 492 4295 bibentem
511 4240 682 4310 septuaginta
696 4239 781 4297 siclos
792 4239 872 4311 jutta
888 4239 995 4312 pondus
1048 4239 1076 4293 in
1093 4252 1188 4309 regno,
1200 4250 1263 4292 cum
1280 4238 1382 4294 sederit
1401 4240 1475 4297 illius
1489 4237 1610 4296 bominis
1629 4240 1656 4295 in
1672 4242 1736 4296 sede
1751 4242 1840 4313 maic-

207 4332 368 4398 sanctuarii,
381 4343 528 4405 utrumque
542 4333 651 4403 plenum
665 4333 756 4389 simila
771 4349 918 4404 conspersa
933 4333 996 4389 oleo
1047 4330 1126 4385 statis
1135 4343 1201 4397 soa,
1214 4329 1344 4386 sedebitis
1355 4338 1383 4386 et
1396 4346 1447 4388 vos
1473 4347 1555 4403 super
1584 4331 1663 4388 sodes
1689 4332 1837 4391 duodecim

206 4422 235 4477 in
248 4422 426 4486 sacrilleium,
441 4423 633 4478 mortariolum
645 4437 759 4477 aureum
774 4432 883 4479 centuni
899 4424 995 4495 viginti
1044 4418 1200 4487 iudicantes
1214 4418 1358 4476 duodecim
1373 4422 1462 4479 tribus
1473 4421 1673 4493 lsracllllmtli.
1688 4440 1746 4491 aar,
1757 4425 1836 4493 wi.»

208 4511 284 4568 siclis
300 4511 392 4568 aureis
406 4511 515 4582 menum
534 4510 658 4574 incenso,
672 4510 769 4566 boram
789 4518 817 4566 et
837 4512 950 4568 arietem
967 4523 997 4568 ct
1047 4508 1159 4566 Dixerat
1179 4510 1252 4567 enim
1276 4512 1315 4567 illi
1343 4511 1460 4571 Petras:
1478 4533 1488 4568 r
1512 4513 1582 4571 Ecce
1601 4530 1654 4572 nos
1673 4516 1838 4585 reliquimus

207 4618 309 4676 agnum
321 4603 481 4659 anniculum
506 4603 533 4659 in
552 4601 753 4670 holocaustum,
770 4602 931 4674 hircumque
945 4620 996 4675 pro
1046 4605 1151 4672 omnia,
1167 4613 1195 4660 et
1209 4603 1296 4661 secuti
1316 4621 1413 4662 sumus
1428 4616 1454 4663 te
1474 4624 1482 4663 r
1501 4605 1568 4678 quid
1589 4621 1654 4678 ergo
1668 4607 1721 4662 crit
1734 4607 1839 4663 nobisl

206 4702 331 4766 peceato,
349 4704 377 4750 et
397 4695 425 4750 in
449 4695 585 4752 sacrificio
607 4693 783 4764 pacillcornnr
808 4693 892 4750 bores
913 4694 994 4764 duos,
1046 4693 1138 4761 (titt,
1159 4694 1219 4766 27.)
1244 4694 1359 4752 Multam
1376 4711 1424 4754 eos
1438 4698 1595 4763 bonoravit,
1611 4698 1728 4753 multum
1744 4696 1838 4752 bono·

207 4783 309 4839 arietes
327 4783 459 4854 quinque,
479 4783 572 4840 hireos
585 4782 718 4855 quinque,
742 4797 827 4854 agnos
850 4783 996 4842 anniculos
1046 4801 1104 4844 rem
1117 4797 1145 4844 et
1161 4789 1262 4860 grande
1277 4788 1420 4860 praemium
1438 4789 1567 4861 signat-it,
1582 4803 1645 4845 eum
1666 4788 1719 4844 illis
1737 4787 1776 4843 ita
1790 4804 1837 4844 re-

206 4872 680 4946 quieque.Similitersinyuliduces
693 4876 859 4946 mliquarunr
874 4875 995 4932 tribuum
1048 4880 1168 4951 spondit.
1189 4879 1255 4936 Vult
1275 4882 1349 4937 enirn
1373 4882 1487 4952 intelligi
1510 4882 1664 4953 sequidem
1686 4879 1835 4936 Dominum

207 4967 326 5039 quisquo
349 4966 377 5021 in
403 4966 447 5022 die
470 4981 520 5023 sua
550 4969 708 5025 obtolornnt
736 4983 850 5025 montera
872 4969 995 5040 ejusdcm
1046 4990 1107 5032 esse
1121 4976 1287 5034 tabernaculi
1300 4979 1430 5044 caelestis,
1452 4979 1526 5051 ipsos
1552 4997 1642 5037 aurem
1665 4982 1749 5037 duces
1776 4981 1835 5038 lore

205 5058 369 5130 quantitatis
385 5068 413 5115 et
428 5059 519 5130 pretii.
537 5058 666 5130 AEqualia
681 5061 841 5117 obtulerunt
861 5062 994 5130 universi,
1011 5076 1033 5131 1)
1048 5066 1170 5122 tribuum
1180 5067 1299 5135 Domini,
1312 5070 1346 5126 de
1357 5072 1459 5141 quibus
1469 5070 1684 5129 Psalrnistacum
1697 5071 1832 5127 dixisset:

205 5160 233 5209 et
248 5168 303 5208 nou
320 5152 451 5224 fatigatur
473 5151 598 5208 calamus
617 5152 703 5224 lloysi
726 5153 873 5211 duodecies
899 5156 994 5211 cariem
1049 5157 1234 5226 ‹lentsalem
1255 5178 1318 5233 quae
1330 5164 1481 5220 aedillieatur
1492 5174 1521 5221 nt
1534 5166 1641 5230 civitas,
1653 5168 1733 5234 cujus
1746 5164 1833 5235 parti·

205 5247 298 5302 diecrc
311 5261 361 5317 pcr
375 5246 499 5319 singulas
510 5247 654 5302 duodecim
670 5247 758 5304 tribus
777 5248 880 5306 eisdem
903 5250 995 5307 uerbis
1045 5249 1146 5320 cipatio
1157 5252 1218 5323 eius
1234 5254 1261 5309 in
1274 5255 1403 5326 idipsum,
1420 5258 1570 5313 ›coritinuo
1587 5256 1730 5311 subdidit:
1749 5275 1759 5307 i
1775 5253 1834 5312 lilio

204 5342 364 5414 eisdemque
383 5342 461 5414 plene
478 5341 601 5414 syllabis.
1045 5342 1117 5397 enim
1137 5345 1319 5402 ascenderunt
1344 5348 1443 5413 tribus,
1457 5349 1546 5403 tribus
1568 5346 1687 5415 Doridm,
1710 5346 1834 5402 testimo·

240 5432 312 5500 Quid
325 5434 376 5489 boc
399 5433 451 5490 sibi
464 5434 532 5499 ruit,
556 5433 608 5489 nisi
625 5432 689 5504 quia
713 5433 874 5505 mysterium
891 5433 994 5504 grande
1045 5432 1121 5487 nium
1138 5432 1221 5491 lsrael
1241 5436 1276 5492 ad
1290 5437 1474 5494 conlitetrdum
1489 5440 1595 5494 nomini
1617 5438 1726 5495 Domini
1742 5437 1830 5506 (Psoi.

205 5525 259 5582 isto
270 5541 379 5597 quoque
397 5528 458 5584 loco
479 5527 548 5600 legis
574 5528 663 5582 littera
687 5527 850 5598 subtegitur.
868 5525 954 5599 lgitnr
965 5534 994 5581 ct
1045 5545 1120 5595 cair,
1133 5530 1177 5598 3);
1197 5548 1206 5581 t
1224 5538 1251 5585 et
1268 5530 1341 5600 quod
1357 5530 1412 5584 illis
1426 5529 1542 5586 ducibus
1552 5530 1695 5587 duodecim
1712 5529 1830 5585 liliorum

205 5629 279 5675 notre
295 5617 327 5675 ad
343 5635 406 5675 eum
421 5622 593 5694 respicimus,
615 5622 713 5693 inquo
733 5629 798 5679 sunt
822 5635 917 5677 ornnes
931 5619 992 5677 tbe·
1045 5620 1127 5678 lsrael
1145 5621 1253 5693 jussum
1278 5630 1319 5678 cst
1345 5620 1435 5678 lacere
1458 5623 1501 5678 ccl
1529 5623 1627 5681 offerre
1641 5621 1831 5692 corporaliter,
