3892 6067
123 281 193 339 idid
588 282 777 344 stittudtll
796 282 1021 347 cassanicis
1039 289 1075 346 lv
1094 291 1139 348 ΕΤ
1161 292 1194 362 t,
1217 290 1294 352 ETC.
1557 310 1567 329 ‘
1680 302 1748 360 llos

124 405 188 469 bus,
210 400 350 469 cbristus,
372 400 419 471 qui
441 399 570 456 orrrsilms
583 400 617 456 ad
630 401 745 457 salntem
760 411 801 457 cst
821 410 912 469 rantur,
930 405 1171 466 Alorlatuissent.
1184 406 1259 464 llixit
1271 423 1389 480 namque
1401 418 1429 466 ct
1440 411 1550 482 scripsit
1560 414 1593 468 ad
1608 415 1750 473 electionis

123 493 178 550 sibi
193 492 244 550 soli
258 491 295 548 sit
307 500 440 563 negatum
457 511 466 543 r
483 492 559 561 justo
575 492 701 562 equidem
727 490 774 548 bei
794 492 909 564 iudicio.
964 498 1128 570 episcopalis
1138 500 1339 557 concedendam
1350 500 1514 572 libertatem,
1528 506 1562 562 ad
1574 507 1750 566 investituras

124 585 269 655 Numqui
291 584 394 641 multos
408 585 553 654 episcopos
570 591 599 638 et
618 583 776 640 sacerdotes
796 584 914 655 propriis
964 589 1047 644 etiam
1062 591 1253 662 resignandas,
1272 590 1306 646 ad
1317 592 1437 650 decimas
1451 611 1560 667 quoquc
1573 598 1750 654 remittendas

124 678 238 735 sedibus
259 677 411 747 expulerat,
422 676 496 747 juste
507 676 590 732 etiam
612 677 671 746 ipso
692 676 915 747 requoprivatus
964 674 1104 749 Ecclesiis,
1132 690 1257 752 paratum
1283 696 1312 739 so
1335 698 1407 753 csse,
1439 685 1462 740 sl
1490 687 1600 757 quidem
1632 689 1751 744 domnus

124 778 177 836 est,
189 778 216 824 et
230 768 278 840 qoi
292 768 361 824 alios
382 767 482 838 iniuste
504 767 531 822 in
547 767 655 823 vincula
671 768 837 838 coniecerat,
852 767 915 823 rin·
965 770 1133 840 apostolicus
1146 773 1238 829 omnia
1261 775 1374 847 regalia,
1388 775 1516 833 videlicet
1529 778 1655 847 ducatus,
1676 794 1752 835 mar·

125 870 187 918 ctus
200 869 229 916 ct
241 860 373 915 custodia
386 860 556 930 mancipatus
570 867 613 915 est
626 877 634 926 ;
648 868 685 926 ct,
698 859 745 930 qni
760 870 839 915 sacra
854 873 915 930 my·
965 860 1054 928 obius,
1068 862 1226 932 comitatus,
1240 864 1361 923 dominia
1375 883 1437 923 cutm
1450 861 1600 939 benediciis}
1616 880 1751 940 monetas,

126 955 210 1010 steria
227 952 400 1008 sanctissima
415 951 514 1007 rramlis
527 948 661 1007 Dominici
677 960 757 1006 noem
769 950 914 1022 polluerat,
966 952 1096 1021 teloneas,
1112 956 1279 1015 munitiones
1292 973 1341 1027 per
1364 960 1521 1018 universnm
1533 977 1647 1034 regnum
1670 979 1753 1023 suunt

124 1042 278 1114 justissime
291 1042 390 1113 etipse
403 1041 562 1099 coronidem
576 1041 770 1114 mysteriorum
787 1040 916 1111 indignus
965 1045 1082 1115 imperio
1098 1046 1213 1104 reddum
1225 1048 1366 1113 voluisset.

128 1142 154 1191 et
175 1146 279 1204 expers·
298 1132 408 1189 babitus
427 1139 480 1189 est.
506 1132 540 1189 lb
562 1133 723 1205 poerrltentia
738 1132 811 1190 iliius
826 1131 916 1204 qualis
1001 1133 1065 1193 llaec
1079 1150 1146 1194 satie
1158 1139 1321 1209 promittens
1332 1141 1438 1198 sciebat
1455 1158 1509 1198 non
1533 1159 1696 1202 consensum
1718 1144 1753 1205 lrl

126 1228 273 1294 exstiterit,
299 1227 433 1284 Dominus
449 1227 559 1285 uiderit.
584 1198 696 1300 ssbsque
721 1228 916 1285 communione
965 1229 1002 1286 ab
1025 1230 1163 1302 episcopis
1190 1233 1327 1305 precipue
1346 1234 1500 1293 Germaniae
1514 1246 1539 1294 ct
1555 1237 1649 1295 Gallice
1673 1249 1755 1312 atque

127 1334 193 1376 vero
207 1318 337 1377 Ecclesiae
351 1319 435 1375 vitam
451 1319 549 1376 lininio
966 1320 1105 1387 Sarnuim
1119 1324 1221 1382 multas
1231 1326 1337 1396 requies
1351 1326 1462 1384 divitias
1473 1339 1501 1385 ct
1512 1330 1642 1400 bonores,
1657 1346 1691 1387 ex
1706 1347 1756 1388 an·

417 1408 535 1468 caint
554 1409 625 1468 xlx.
965 1410 1043 1482 thna
1056 1426 1151 1484 regum
1167 1422 1196 1470 et
1210 1412 1407 1485 imperatorum
1429 1418 1577 1476 donatione
1591 1421 1756 1492 possidenti-

268 1503 307 1561 lle
321 1503 448 1559 Heinsius
466 1503 498 1573 V,
511 1513 538 1561 et
549 1506 607 1576 ejus
622 1506 773 1577 tyrannide.
965 1501 1035 1570 bus3
1053 1503 1101 1560 sed
1114 1506 1310 1576 perpmmisaa
1335 1509 1453 1579 speciem
1477 1512 1624 1581 quamdam
1646 1512 1756 1583 pietatis

162 1595 248 1655 Filius
265 1596 546 1667 itaqucconllrmatus
558 1598 586 1652 in
603 1613 699 1669 regno,
716 1598 805 1668 primo
819 1594 916 1653 mode-
967 1592 1106 1660 babentia,
1129 1594 1162 1650 ad
1176 1596 1379 1668 perceptionem
1401 1599 1552 1672 imperialis
1574 1618 1685 1659 coronae
1707 1620 1768 1675 per-

126 1698 167 1743 sto
181 1702 272 1760 agere,
287 1686 423 1744 adabllcm
437 1704 468 1746 se
484 1688 624 1757 exhibere,
644 1689 705 1761 jura
723 1688 916 1746 ecclesiastica
946 1686 948 1692 ‘
967 1681 1184 1741 benedictionem
1206 1685 1322 1745 donant
1344 1690 1482 1762 pontilicis
1501 1693 1672 1765 imponendae
1686 1696 1756 1753 nito-

125 1776 245 1834 libertati
257 1792 431 1836 conservare.
445 1776 481 1835 At
493 1778 620 1835 simulata
632 1795 683 1851 pro
693 1779 819 1836 allectam
831 1794 916 1851 regno
930 1761 953 1817 Β
967 1774 1064 1844 linium
1085 1774 1205 1834 domnus
1234 1793 1303 1851 papa
1325 1796 1445 1853 quoque,
1460 1785 1502 1841 his
1524 1787 1755 1856 promissionibus

127 1880 155 1927 et
170 1871 284 1942 imperio
300 1872 396 1943 pietas,
410 1872 485 1928 velut
504 1871 565 1928 auri
588 1871 774 1942 superinducti
798 1870 915 1944 species,
968 1868 1097 1940 acceptis,
1114 1869 1257 1941 rescripsit
1276 1871 1312 1941 ei,
1333 1874 1423 1944 qualia
1446 1878 1642 1948 postulaverat,
1658 1879 1691 1935 dc
1705 1879 1757 1935 im-

128 1965 175 2021 nbi
192 1964 332 2035 paululum
346 1958 571 2023 usu'dominaudi
586 1966 683 2022 detrita
696 1973 748 2033 est,
762 1966 846 2036 coepit
867 1980 917 2035 ap·
968 1958 1105 2031 positione
1129 1961 1257 2019 videlicet
1280 1964 1430 2035 imperialis
1454 1982 1564 2024 coronae
1590 1976 1619 2025 et
1645 1971 1757 2027 restitu-

128 2072 235 2126 parerc,
248 2056 339 2128 qualis
349 2057 421 2128 apud
437 2072 467 2114 se
479 2057 553 2114 lntus
567 2057 659 2114 luerit.
676 2057 789 2126 Qualem
805 2072 872 2113 vcro
888 2072 918 2112 sc
969 2051 1042 2106 130110
1055 2054 1178 2109 omnium
1196 2054 1341 2127 regalium,
1354 2055 1378 2112 Si
1413 2057 1523 2129 quidem
1551 2073 1598 2113 te!
1622 2061 1758 2130 promissa

126 2146 155 2204 in
164 2149 256 2204 causis
265 2148 358 2204 saeculi
369 2149 532 2218 collibuerit,
545 2150 636 2207 dicere
648 2151 715 2207 nibil
728 2157 820 2207 nostra
834 2150 919 2206 inter·
968 2158 1019 2200 sua
1036 2145 1073 2202 de
1085 2145 1214 2205 Ecclesiae
1227 2149 1353 2206 libertate
1367 2150 1527 2221 corripieret.
1543 2151 1576 2207 Et
1594 2153 1651 2209 lraec
1663 2155 1759 2227 paucis

127 2247 184 2305 est;
200 2238 258 2307 scd,
274 2236 302 2294 in
316 2239 408 2296 causis
418 2237 549 2297 Ecclesiae
562 2239 651 2311 qualis
663 2241 785 2298 detectus
796 2240 843 2309 sit,
856 2255 919 2312 per·
969 2237 1081 2294 arititris
1097 2237 1273 2312 interregem
1288 2248 1317 2297 ct
1335 2236 1490 2298 Romanurn
1503 2245 1659 2315 pontilicem
1680 2262 1759 2318 gere-

127 2329 272 2400 strinqere,
288 2344 343 2385 non
358 2330 408 2388 abs
431 2345 461 2387 rc
484 2330 663 2399 arbitramur,
678 2331 702 2405 sl
725 2330 796 2389 iorte
812 2331 920 2387 abomi·
968 2328 1080 2396 bantur,
1098 2330 1230 2387 nimirum
1254 2330 1391 2405 episcopis
1407 2335 1478 2405 (solo
1493 2334 1657 2393 cancellario
1671 2337 1759 2409 impe-

128 2423 265 2479 nationem
289 2423 468 2481 desolationis
492 2424 521 2479 iu
538 2423 711 2482 locosancto
734 2432 864 2493 stantem,
886 2425 920 2482 dc
970 2422 1208 2496 ratorisercepto)
1223 2425 1341 2497 aliisque
1364 2422 1494 2484 Ecclesiae
1518 2437 1545 2484 et
1559 2429 1666 2499 imperii
1682 2428 1760 2501 prin·

128 2531 183 2587 qna
200 2515 280 2573 nobis
294 2515 437 2588 inquisitio
448 2524 501 2585 ost,
515 2515 598 2573 otiam
613 2516 641 2572 in
653 2516 714 2588 ejus
724 2518 831 2576 actibus
844 2518 920 2575 inve-
969 2512 1078 2584 cipibus
1094 2515 1231 2586 promissa
1248 2516 1387 2573 hincinde
1405 2515 1475 2574 iacta
1489 2518 1598 2589 penitus
1610 2519 1761 2591 ignoranti·

129 2608 188 2665 nire
202 2607 351 2667 remmus.
969 2607 1032 2662 bos.
1045 2606 1131 2678 lqitur
1141 2607 1243 2663 talibus
1255 2608 1320 2664 hinc
1332 2607 1394 2663 inde
1405 2608 1547 2679 promissis
1561 2608 1633 2665 datis
1643 2614 1670 2664 ei
1682 2623 1760 2665 accc·

424 2698 543 2757 CAPUT
558 2699 621 2756 XX.
970 2698 1026 2771 ptis
1040 2714 1087 2754 rex
1104 2714 1166 2754 cunt
1182 2697 1270 2753 nrulto
1284 2700 1476 2770 episcoporum
1498 2700 1671 2772 aliorumque
1684 2698 1761 2773 prin-

376 2788 670 2864 Wicienmndjtctmr.
971 2792 1062 2862 cipum
1078 2791 1207 2847 comitatu
1229 2790 1262 2846 ad
1283 2788 1383 2846 Urbem
1398 2792 1497 2859 terrdii;
1514 2808 1597 2864 qnam
1609 2796 1637 2849 ci
1647 2792 1761 2851 realem

162 2882 274 2940 interm
287 2884 353 2941 dum
369 2885 440 2941 inter
455 2884 525 2942 duos
537 2884 680 2942 ilcinricos
705 2896 810 2958 patrem
833 2895 861 2942 et
886 2886 920 2943 d·
972 2880 1125 2954 ingreditur
1138 2882 1267 2955 praestitis
1285 2882 1587 2954 ruscinonensem
1609 2884 1671 2941 daia
1696 2884 1759 2952 ilde,

126 2974 195 3030 lium
220 2974 289 3043 bmc,
312 2989 374 3046 que
389 2974 461 3032 dicta
477 2984 552 3044 sunt,
577 2985 721 3048 geruntur,
735 2975 880 3033 deturbato
893 2985 921 3032 et
973 2974 1008 3032 de
1025 2975 1362 3049 paceilomanopontillci
1382 2985 1466 3049 atque
1480 2973 1549 3034 Urbi
1570 2977 1674 3052 iateque
1694 2993 1762 3036 con·

128 3068 235 3138 abjecto
263 3083 295 3125 cx
320 3085 455 3128 consensu
480 3068 600 3126 lleinrici
621 3070 752 3142 iunioris,
767 3070 918 3139 Wicbcrto,
933 3094 955 3154 c
973 3067 1118 3124 servanda.

128 3159 177 3233 qui
197 3159 324 3219 Clemens
348 3162 500 3231 dicebatur,
514 3160 642 3218 Urbanus
662 3177 732 3234 papa
757 3163 792 3219 ad
815 3160 917 3219 Urbem
1262 3157 1377 3217 CAPUT
1394 3156 1478 3218 xxti.

128 3253 225 3322 rcdiit;
239 3268 296 3325 quo
309 3262 337 3310 et
347 3254 407 3325 ipso
421 3253 493 3311 diem
505 3254 632 3322 obeunte,
645 3253 785 3311 Pascbalis
796 3252 841 3327 (11)
853 3269 919 3312 suc·
1041 3250 1182 3310 Pnscdnlis
1195 3266 1265 3324 papo
1281 3270 1297 3308 a
1312 3268 1370 3320 repe
1383 3250 1511 3309 Heinsius
1531 3252 1690 3324 captivatur.

128 3348 210 3414 cedit,
219 3346 340 3418 optimus
354 3354 381 3402 et
392 3346 450 3417 ipse
463 3344 531 3418 lcqis
539 3344 586 3400 Dei
599 3360 633 3400 ac
647 3353 822 3415 paternarum
835 3344 920 3401 tradi·
1005 3345 1121 3418 Jamque
1143 3357 1252 3404 ventum
1267 3356 1327 3405 crat
1346 3347 1374 3403 in
1395 3346 1514 3403 medium
1538 3346 1661 3404 ccclesiae
1680 3345 1756 3403 Beati

129 3439 246 3503 tionum,
262 3453 309 3494 scu
335 3437 470 3494 libertatis
492 3435 686 3493 ecclesiasticae
706 3437 920 3494 aemulatorcsi·
970 3438 1056 3506 Pctri,
1072 3439 1119 3494 ubi
1145 3439 1179 3495 de
1198 3438 1314 3509 iustitiis
1338 3436 1402 3495 binc
1422 3439 1486 3497 indo
1509 3439 1715 3507 conservandis,
1730 3455 1763 3496 ac

130 3538 216 3586 stans.
229 3530 263 3585 lit
275 3544 340 3584 vcro
353 3536 381 3585 ct
392 3526 538 3585 lleinricus
553 3542 599 3585 rex
613 3543 661 3600 per
675 3528 791 3602 abrupta
811 3528 919 3601 paterni
971 3538 1066 3586 tenore
1080 3528 1234 3586 concordiae
1249 3530 1320 3585 inter
1332 3529 1519 3587 sacerdotium
1534 3538 1563 3586 et
1578 3545 1691 3602 regnum
1705 3540 1763 3588 tra-

130 3620 207 3678 callis
221 3619 388 3693 ingrediens,
409 3633 495 3692 regno
519 3629 547 3676 et
569 3619 685 3692 imperio
699 3636 750 3677 suo
768 3621 919 3677 maximum
971 3633 1047 3679 ctare
1061 3622 1203 3689 convenit,
1221 3637 1284 3679 cunr
1305 3622 1380 3679 sellis
1394 3622 1458 3679 binc
1472 3621 1536 3678 inde
1555 3622 1670 3693 prolatis
1693 3638 1762 3679 con·

129 3714 321 3770 detrimentum
331 3710 484 3784 reputabat,
496 3711 518 3769 si
526 3712 732 3785 episcopatuum
745 3713 921 3771 investituras
973 3714 1076 3771 iessnrn
1097 3718 1149 3779 est,
1164 3712 1363 3768 circumstante
1378 3711 1525 3768 conlectim
1544 3728 1647 3768 corona
1669 3729 1762 3769 arma·

130 3805 241 3872 liberas,
255 3806 327 3861 sicut
340 3802 367 3861 iu
392 3819 442 3861 sua
457 3804 653 3861 sublimatione
667 3805 842 3875 promiserat,
856 3820 921 3876 per·
971 3813 1074 3861 torum.
1089 3800 1271 3858 Proleruntur
1288 3802 1316 3858 in
1331 3803 1451 3858 medium
1465 3802 1561 3859 littera
1573 3803 1607 3859 de
1618 3812 1694 3873 parte
1711 3803 1763 3859 im·

130 3898 251 3956 misisset
267 3917 274 3953 :
290 3912 399 3955 omnem
420 3896 545 3953 videlicet
557 3895 672 3970 gloriam
687 3897 763 3969 regni
779 3897 833 3961 sui,
848 3896 922 3953 velut
972 3895 1109 3967 peratoris
1124 3894 1157 3951 ad
1174 3894 1329 3951 Rorrranum
1341 3893 1499 3966 pontiliccm
1513 3892 1635 3962 directae,
1648 3903 1676 3951 ct
1688 3911 1764 3966 qum·

130 3991 200 4048 alter
215 3990 314 4060 dman,
331 3989 408 4047 nihili
425 3997 565 4062 reputans,
579 3989 632 4045 nisi
647 3986 922 4057 Mardoclraeus,ordo
973 3990 1055 4047 situm
1069 4004 1118 4061 per
1129 3989 1323 4046 cancellarium
1335 3987 1429 4044 domni
1442 4002 1546 4059 papan
1561 3986 1663 4043 domno
1677 3987 1765 4058 impe-

131 4084 236 4141 scilicei
250 4081 438 4149 sacerdotalis,
453 4097 549 4138 curam
560 4096 646 4153 agens
656 4079 797 4146 Ecclesiae,
813 4097 923 4152 sponsae
973 4080 1193 4151 ratore‘eJ'usque
1205 4079 1379 4143 cancellario,
1391 4093 1426 4132 an
1441 4093 1489 4134 eas
1499 4093 1575 4143 suas,
1587 4087 1614 4133 ct
1627 4094 1642 4132 n
1655 4092 1685 4133 se
1697 4077 1765 4133 mis·

131 4175 242 4248 regalis,
265 4175 301 4243 ci,
323 4189 373 4245 pro
394 4173 578 4245 adipiscendis
591 4170 743 4230 bonoribus
756 4173 924 4231 ecclesiasti·
974 4187 1019 4230 sas
1027 4180 1254 4244 recognoscerent
1262 4167 1489 4243 (lii)iCumqne
1497 4167 1766 4238 responsumluissct

130 4266 181 4332 cis,
196 4264 316 4349 ilectcret
331 4252 413 4338 perra.
498 4272 502 4281 '
975 4262 1074 4332 abeis,
1090 4272 1118 4320 et
1131 4262 1233 4321 eaedcm
1255 4263 1283 4318 in
1302 4261 1392 4334 palam
1407 4260 1505 4317 litterae
1515 4258 1593 4315 lectar
1607 4266 1681 4325 stunt,
1698 4272 1764 4329 pro-

423 4361 624 4420 cucurristi.
979 4357 1064 4414 missa
1076 4354 1169 4415 domni
1187 4357 1259 4429 rcqis
1271 4357 1304 4412 ad
1318 4355 1449 4411 domnum
1464 4368 1563 4425 papam
1583 4349 1764 4407 continentes.

238 4455 380 4514 Heinricur
399 4454 674 4513 Veneerdntniiotidi
688 4463 811 4526 usurpat.
937 4418 1146 4508 ”similiores
1166 4466 1199 4507 ex
1212 4459 1289 4522 parte
1309 4448 1403 4506 donini
1426 4447 1509 4519 repis,
1533 4445 1642 4512 litteris,
1664 4459 1725 4515 quae
1748 4458 1767 4503 a

165 4549 256 4622 Coepit
268 4549 351 4622 igitur
362 4558 390 4607 ct
400 4549 469 4620 ipsc,
482 4548 647 4606 obeuntibus
655 4546 802 4619 episcopis,
812 4546 923 4603 electio·
976 4542 1080 4600 domno
1093 4559 1163 4615 papa
1182 4540 1293 4599 directae
1314 4540 1433 4608 lucrant,
1453 4539 1480 4595 in
1504 4537 1625 4594 medium
1640 4534 1768 4607 prolate,

132 4661 182 4701 ncs
206 4643 343 4715 legitimus
358 4642 385 4698 in
409 4640 608 4700 substituendis
629 4640 692 4696 aliis
705 4641 747 4697 vei
762 4641 922 4712 praevenire,
975 4634 1121 4706 quaesitum
1138 4642 1166 4690 ct
1179 4648 1340 4704 responsum
1352 4640 1414 4698 est;
1432 4631 1551 4701 itemque
1563 4625 1699 4684 litterario
1714 4640 1766 4697 pu·

133 4736 177 4792 vel
200 4734 287 4792 lactas
309 4734 388 4791 nibili
412 4733 541 4806 pendere,
557 4732 730 4804 episcopatos
753 4732 787 4788 ad
807 4733 923 4804 gratiam
976 4726 1048 4783 blico
1061 4724 1190 4794 recitatae,
1204 4740 1266 4797 quac
1276 4723 1371 4781 domni
1383 4734 1459 4793 papae
1475 4721 1509 4777 ad
1525 4721 1656 4777 domorum
1672 4731 1766 4789 regem

133 4842 326 4899 personarum,
341 4826 375 4883 ad
390 4825 514 4899 pecuniae
529 4826 691 4897 quoquevcl
702 4825 827 4896 obsequii
845 4840 924 4882 accc·
974 4820 1111 4893 promissa
1134 4819 1324 4877 continebant.
1349 4815 1474 4887 Dumque
1490 4813 1628 4886 promissa
1651 4820 1768 4868 catenus

133 4919 254 4991 ptioncm
267 4919 403 4976 conferre.
417 4918 544 4989 Dumque
562 4918 596 4974 ad
617 4933 682 4974 eum
697 4917 838 4974 Pasciralis
853 4931 924 4988 papa
976 4913 1099 4970 inaudita
1122 4912 1316 4985 episcoporum
1339 4924 1420 4965 aures
1441 4907 1639 4980 percellerent,
1662 4917 1767 4976 cogno-

132 5022 247 5087 paterna
263 5012 368 5070 monita
382 5012 524 5085 dirigeret,
538 5010 640 5083 quibus
654 5026 717 5068 eum
733 5012 767 5068 ad
782 5012 856 5068 viam
878 5029 924 5069 re·
974 5014 1083 5063 scentes
1099 5013 1178 5063 sect
1200 5002 1339 5060 Ecclesiae
1359 5015 1425 5058 suas
1447 5001 1593 5057 occasione
1616 4995 1768 5068 imperialia

132 5103 260 5171 vocabat,
272 5100 533 5174 qoamnus,jnsuda
545 5099 622 5174 reqni
633 5099 677 5157 sui
688 5109 846 5167 contentus,
857 5115 925 5172 pon·
975 5111 1085 5154 coronae
1100 5096 1172 5168 reqis
1189 5094 1273 5166 capiti
1287 5093 1459 5166 imponendae
1474 5089 1632 5164 spoliandos
1643 5086 1767 5159 antiquis

133 5192 245 5251 tldcalia
270 5194 324 5251 sibi
347 5207 403 5249 nou
424 5200 581 5263 usurparet,
606 5189 736 5248 Ecclesim
759 5190 819 5258 liei,
840 5190 923 5247 matri
974 5187 1215 5259 possessionibus,
1231 5185 1312 5257 quasi
1328 5200 1362 5241 ex
1381 5200 1436 5241 uno
1460 5198 1508 5239 ore
1528 5179 1766 5243 onrrtradioebant,

133 5283 262 5342 videlicet
284 5299 352 5353 suar,
371 5285 503 5342 bonorem
524 5282 652 5350 delerret,
678 5283 830 5339 libertatem
852 5282 923 5354 ojus,
973 5279 1080 5359 aientes
1098 5295 1128 5336 se
1143 5279 1200 5352 regi
1215 5293 1346 5335 coronam
1362 5276 1532 5348 imperialem
1552 5283 1628 5329 tanto
1650 5285 1764 5328 surarum

133 5392 220 5451 quam
234 5378 262 5434 in
275 5378 409 5450 eligendis
423 5377 612 5437 sacerdotibus
624 5377 724 5435 babere
736 5376 856 5443 deberet,
869 5390 923 5431 nou
975 5369 1161 5429 Ecclesiarum
1185 5369 1350 5427 detrimento
1375 5382 1467 5423 emere
1492 5365 1575 5421 nolle.
1592 5361 1717 5433 Cunrque
1736 5369 1763 5419 ct

135 5477 292 5530 temeraret.
314 5469 389 5527 Boua
406 5471 499 5539 rerba,
521 5478 549 5526 ct
568 5484 630 5540 quar
650 5466 823 5524 rationabilia
840 5466 924 5523 videri
975 5463 1074 5522 arnrati
1088 5462 1300 5519 circumstantes
1317 5474 1366 5515 eos
1381 5456 1466 5514 minis
1487 5471 1520 5512 ac
1536 5453 1687 5511 terroribus
1700 5465 1764 5525 pcr-

134 5569 275 5639 poterant,
291 5548 484 5628 reddidinnisi
498 5561 653 5634 sublingua
667 5559 727 5631 ajars
739 5559 817 5614 labor
830 5567 857 5615 ct
873 5559 924 5613 do·
975 5564 1113 5628 urgerent,
1128 5552 1206 5626 quasi
1226 5552 1283 5623 Jam
1299 5547 1511 5611 interlicicndos,
1529 5544 1584 5602 nisi
1605 5539 1750 5603 conscisio

170 5738 248 5818 (iii)
261 5740 331 5814 Lego
343 5738 442 5797 Boron.
460 5738 538 5798 Tum.
552 5736 608 5794 llil.
623 5737 694 5794 dnn.
714 5736 781 5792 lldd
796 5745 822 5793 ct
847 5734 922 5791 lllll.
