3892 6067
234 243 305 300 1511

736 242 889 299 allaborat
908 243 1104 302 PRAEPOSl'l’l
1121 245 1394 306 REICHERSPERG.

1792 254 1858 309 lm

233 363 338 426 utatur,
350 355 403 413 etsi
418 353 492 411 trulla
514 353 631 411 ccclesia
654 352 744 411 debis
767 355 945 421 instauretur,
969 355 1021 411 etsi
1037 357 1225 426 ,speciculum
1249 358 1359 430 quidem
1384 360 1445 416 talis
1462 359 1602 431 injustitia
1616 371 1757 433 aggravat,
1775 381 1857 434 qrranr

232 452 326 507 nullus
349 464 452 520 pauper
479 448 541 504 iude
558 458 698 520 pascatur,
725 456 817 503 tamen
839 448 1021 504 nibilominus

230 547 376 602 anathema
403 544 529 610 incurrit,
555 543 602 613 qui
617 553 713 598 contra
726 543 895 598 decimarum
911 541 1021 598 ordina·

231 640 333 694 tionem
357 636 450 694 diuina
465 647 492 694 et
514 648 627 708 paterna
642 636 850 692 conlirmationc
863 651 911 705 per
932 633 1022 689 Eran-

229 730 299 800 gelia
311 738 338 786 et
348 730 434 785 multa
448 730 565 786 concilia
579 728 746 799 Patrumqne
757 727 866 784 decreta
876 727 1021 783 corrdrma·

229 833 297 892 tant,
315 839 414 880 noram
444 823 550 880 inducit
571 822 807 878 exordinationem
833 821 885 876 sub
907 821 1019 876 unatbe

229 926 312 984 mate,
325 925 356 971 ut
369 915 500 983 diximus,
512 915 690 986 prohibitam.

264 1007 403 1080 Quidquid
421 1008 496 1065 enim
520 1007 573 1063 sub
588 1006 763 1063 anathemate
774 1012 882 1061 constat
900 1002 1023 1075 prohibi·

231 1110 302 1168 turn,
326 1099 351 1155 si
375 1099 428 1155 boc
447 1098 566 1155 scienter
590 1097 781 1165 committitur,
796 1105 844 1153 aut
863 1096 1021 1168 ignoranter

229 1192 409 1248 commissum
433 1191 537 1259 statim,
550 1206 613 1247 cum
629 1189 714 1246 luerit
733 1189 884 1261 cognitum,
903 1203 957 1243 non
970 1188 1021 1243 dc»

229 1282 331 1338 seritur
347 1296 355 1334 ε
372 1281 431 1337 siue
445 1281 531 1337 dubio
555 1281 686 1351 importat
712 1279 858 1335 anathema
888 1293 1021 1349 praesum·

1072 449 1223 506 monachus
1240 466 1293 506 non
1319 452 1442 508 militans
1469 453 1575 511 militiae
1599 452 1698 524 stipem
1724 467 1857 526 usrrrpat:

1072 539 1118 594 sed
1133 548 1225 596 tamen
1237 540 1290 597 boc
1304 556 1359 596 nou
1376 543 1519 613 approbat,
1542 553 1571 599 ut
1585 542 1702 613 subjecti
1717 543 1858 602 abbatibus

1072 629 1199 684 muttacbi
1231 647 1296 687 suos
1320 632 1434 689 abbates
1456 642 1567 704 propter
1595 635 1752 690 istiusmodi
1772 645 1858 692 trans⁴

1071 722 1241 790 gressioncm
1264 722 1430 793 relinquant.
1457 723 1564 790 Quibus
1579 725 1633 780 boc
1653 727 1754 795 poterit
1768 743 1858 784 coratu

1071 811 1127 866 lieo
1140 813 1248 868 verrium
1273 814 1407 885 obtinere,
1422 817 1446 873 si
1469 817 1521 873 boe
1537 817 1641 874 malum
1662 821 1790 889 aeguitate
1806 820 1859 876 im·

1070 903 1202 973 probant;
1219 913 1246 959 et
1269 906 1293 961 sl
1310 905 1362 962 boc
1385 906 1493 963 aulerre
1504 922 1559 963 nou
1582 918 1709 980 possunt,
1727 925 1790 965 crau
1803 910 1860 970 dia·

1070 1005 1144 1050 creta
1160 999 1355 1054 reclamatione
1373 1009 1546 1070 supportant.

1107 1087 1221 1146 Videtur
1235 1101 1326 1147 autern
1341 1090 1393 1149 hoc
1413 1093 1465 1166 legi
1480 1094 1580 1151 divinae
1601 1110 1650 1166 per
1664 1089 1777 1168 Moysen
1791 1089 1864 1154 datae

1070 1183 1229 1250 contenire,
1240 1199 1302 1255 quae
1317 1187 1488 1240 inerticinunt
1509 1186 1604 1257 (Leuit.
1623 1204 1662 1256 ιι,
1673 1189 1731 1260 251,
1746 1201 1862 1262 cogente

1071 1273 1244 1342 necessitate,
1274 1275 1340 1332 siuit
1361 1279 1477 1347 portari,
1494 1278 1535 1335 sic
1563 1279 1677 1348 scilicet,
1693 1290 1723 1336 ut
1751 1283 1786 1351 is,
1814 1285 1861 1354 qui

229 1375 372 1447 ptoribus,
397 1384 425 1430 et
456 1374 484 1429 in
509 1388 560 1431 sua
588 1372 803 1444 praesumptione
838 1370 1018 1438 durantibus;
1070 1363 1245 1419 morticinum
1259 1376 1359 1435 portat,
1381 1383 1436 1424 nou
1451 1369 1503 1425 nisi
1516 1372 1687 1427 vestimentis
1701 1388 1773 1443 aqua
1786 1376 1861 1443 lotis,

227 1465 336 1520 etiamsi
352 1479 401 1531 eps
414 1477 488 1518 nunc
502 1463 599 1518 toleret
617 1463 644 1516 in
657 1478 707 1518 sua
720 1462 852 1518 socictate
867 1470 1020 1515 conventus
1070 1455 1191 1511 mundus
1203 1457 1347 1513 habeatur.
1368 1458 1445 1516 Sicut
1459 1472 1487 1517 et
1511 1463 1556 1519 iric
1578 1464 1731 1521 monnellus
1746 1482 1795 1536 per
1815 1483 1859 1524 ne

226 1557 443 1626 ecclesiasticus,
473 1557 533 1612 sine
549 1554 633 1610 dubio
655 1570 704 1610 eus
730 1554 757 1609 in
776 1554 874 1609 ultimo
893 1553 1020 1609 examine
1070 1547 1225 1602 cessitatem
1246 1551 1403 1608 stabilitatis
1428 1556 1634 1621 conservandae,
1650 1567 1763 1627 portans
1786 1574 1863 1615 mur·

227 1649 362 1707 demedio
376 1649 418 1705 sni
432 1647 597 1704 aulcrendos
613 1656 775 1718 exspectans
792 1646 923 1717 :quando
934 1646 1020 1718 mittet
1071 1637 1124 1691 tale
1141 1655 1195 1693 111111
1210 1654 1265 1695 ese
1283 1642 1330 1697 sed
1342 1642 1378 1697 ab
1391 1643 1453 1700 aliis
1465 1645 1568 1700 lactum
1580 1658 1763 1717 11θῦ1111111
1778 1651 1863 1707 nobis

228 1743 317 1799 Filius
331 1741 446 1796 imminit
468 1740 661 1812 aripatorium,
680 1748 710 1792 ut
739 1738 866 1808 colliqcnt
889 1737 921 1791 de
940 1752 1019 1807 regno
1034 1737 1055 1792 B
1070 1728 1189 1784 1111111115
1203 1730 1344 1801 judicatur
1364 1753 1372 1789 ε
1394 1735 1418 1791 si
1438 1744 1529 1792 tamen
1553 1753 1637 1809 super
1659 1740 1712 1797 lrac
1727 1743 1785 1812 ipsa
1810 1759 1861 1798 ne-

226 1853 275 1892 suu
294 1835 384 1890 arnaria
407 1832 537 1886 accumula
566 1829 833 1903 (Murannimal).
862 1826 939 1883 Tune
965 1829 1018 1884 erit
1069 1820 1197 1876 cessitate
1219 1824 1460 1914 dolenslacrgmis
1482 1830 1719 1900 poenitentialibus
1740 1835 1860 1902 laratar,

226 1925 373 1982 anathema
386 1923 558 1990 blarnnatba,
581 1922 655 1994 quud
676 1937 751 1978 nurrc
772 1936 829 1993 prae
843 1920 1018 1976 multitudine
1068 1909 1302 1986 11111111151111101
1317 1920 1861 1995 81111111811611118111111015511111111.

226 2017 396 2073 aiaarriorum
409 2024 550 2087 exspectat
563 2013 696 2071 Ecclesia.
1068 2019 1123 2061 nou
1141 2023 1190 2077 per
1205 2010 1384 2080 voluntatem,
1399 2028 1429 2069 se
1450 2016 1628 2071 morticinum
1651 2027 1762 2088 portare
1776 2027 1862 2075 testa·

264 2111 410 2167 llideamus
432 2123 507 2164 nurrc
527 2107 610 2163 rerba
632 2104 736 2162 Urbani
752 2120 830 2176 papae
843 2114 871 2160 ot
889 2106 1018 2177 martyris
1067 2104 1126 2163 tur;
1144 2106 1174 2151 ut
1186 2114 1219 2153 ex
1231 2100 1289 2171 ipsa
1306 2103 1470 2161 necessitate
1482 2105 1636 2161 secundum
1652 2107 1740 2178 legem
1752 2107 1802 2164 Dei
1816 2125 1860 2165 re·

225 2202 346 2259 terribile
360 2201 427 2258 illud
443 2200 589 2256 anathema
599 2208 696 2254 contra
709 2197 811 2254 milites
827 2206 854 2253 et
866 2199 1017 2254 monaclros
1067 2187 1141 2241 11111111
1158 2200 1306 2246 enarratur.

225 2304 253 2351 et
279 2310 375 2351 omnes
401 2293 592 2350 ordinatarum
616 2290 787 2347 decimarum
810 2289 1017 2346 exordinatores
1101 2277 1195 2351 Neque
1209 2282 1282 2336 enim
1305 2282 1409 2355 absque
1421 2288 1583 2344 necessitate
1593 2290 1660 2346 sinit
1677 2291 1721 2346 lex
1734 2291 1860 2348 mortici-

225 2386 425 2460 promulgantis
439 2404 447 2440 ι
1067 2386 1132 2425 nutu
1146 2374 1189 2427 vel
1204 2376 1278 2445 tangi
1291 2377 1332 2430 vel
1344 2380 1460 2447 portari.
1477 2378 1555 2437 Unde
1571 2397 1626 2437 nort
1640 2383 1720 2439 rideo
1739 2386 1858 2454 qualiter

263 2499 273 2533 g
291 2478 357 2547 Res,
376 2475 620 2549 inqui1‚Egclesjae
644 2490 698 2531 non
718 2474 798 2546 quasi
819 2475 946 2547 propgiae,
967 2475 1016 2531 sed
1067 2466 1105 2520 1111
1122 2467 1407 2535 recausationem
1424 2478 1670 2548 congregationum
1689 2481 1859 2542 111011281103·

224 2580 256 2629 ug
277 2584 440 2629 fflmmuneg
458 2576 485 2624 01
507 2567 562 2624 Deo
579 2569 678 2624 oplarae
701 2583 763 2623 epm
779 2582 890 2624 gammo
917 2571 1016 2643 rmore
1066 2575 1128 2613 rum
1155 2575 1203 2615 sen
1225 2563 1423 2620 canonicorum
1450 2567 1556 2636 praelati
1582 2569 1690 2625 ualeant
1713 2573 1857 2638 excusari,

224 2679 278 2721 non
303 2664 332 2719 in
354 2660 435 2730 alios,
450 2676 532 2731 quant
549 2660 576 2714 in
592 2661 721 2730 praelatos
737 2676 803 2716 usus
820 2669 885 2717 sunt
900 2662 1016 2716 lidelitr
1065 2666 1136 2721 (1⁰⁰⁵
1151 2653 1184 2708 1111
1206 2653 1364 2724 'istiusmodi
1381 2659 1618 2715 exordinationem
1643 2665 1857 2733 perpetrandam

223 2756 433 2829 dispensandae:
452 2770 486 2810 nc
500 2754 637 2826 sacrilegii
666 2761 772 2809 reatum
799 2753 952 2819 incurrant,
966 2751 1015 2823 qni
1065 2760 1120 2800 ιιοιι
1146 2755 1200 2800 tam
1219 2749 1383 2820 constringit
1400 2753 1562 2821 trecassinus,
1585 2769 1668 2824 quarn
1684 2755 1797 2825 propria
1813 2756 1857 2809 iu-

222 2865 269 2906 eas
285 2848 348 2904 inde
368 2847 542 2913 abstrabunt,
558 2845 604 2900 ubi
624 2845 730 2900 traditae
746 2854 826 2912 sunt;
840 2853 867 2901 et
881 2844 954 2915 qnod
966 2860 1014 2915 pe-
1064 2833 1188 2891 danuuat
1199 2839 1348 2909 cupiditas.
1362 2839 1415 2906 Qui
1427 2842 1521 2909 etiam,
1535 2843 1678 2911 sivelleut,
1692 2845 1765 2900 istud
1779 2861 1859 2900 mor·

220 2942 267 3010 lits
281 2947 334 3007 est,
348 2937 494 2995 anatliema
507 2935 669 2991 llaranatba
686 2935 770 3003 llant;
791 2934 855 2991 etsi
876 2950 930 2991 non
951 2949 1014 2989 cor·
1064 2929 1191 2994 ticirrnm,
1208 2931 1289 3001 cujus
1313 2934 1477 3004 contagione
1492 2933 1632 2990 inllrmum
1657 2951 1738 3006 pecus
1753 2953 1857 2992 maen·

222 3044 298 3101 porc,
319 3036 350 3084 ut
374 3027 535 3083 Anarriasct
549 3024 666 3096 Sapbira
682 3025 816 3092 iecerunt,
840 3025 887 3096 qui
909 3025 1012 3080 niortui
1064 3020 1146 3089 latur,
1161 3032 1274 3092 possent
1290 3025 1405 3079 omnino
1425 3026 1561 3082 demedio
1583 3028 1705 3083 tollere:
1731 3037 1761 3082 ut
1775 3028 1858 3083 nullu
1932 3019 1933 3084 l

222 3121 401 3178 ceciderunt:
418 3128 510 3176 tamen
525 3118 629 3186 arriana,
650 3133 712 3190 quae
723 3119 816 3188 potior
830 3127 872 3174 est
884 3133 1010 3188 corpore,
1026 3122 1046 3178 C
1064 3117 1147 3169 nrolo
1175 3116 1210 3171 ad
1231 3132 1279 3173 eus
1296 3118 1443 3187 respiceret
1458 3119 1503 3174 illa
1530 3105 1640 3175 bomini
1661 3120 1785 3191 querela,
1799 3136 1857 3191 qua
1932 3109 1933 3186 1

221 3226 331 3270 mortua
342 3224 369 3269 et
381 3212 500 3268 alienata
514 3227 531 3267 a
546 3211 687 3268 consortio
698 3209 820 3268 bdelium
831 3211 927 3277 cadat3
943 3209 1010 3267 etin
1061 3221 1110 3276 per
1126 3208 1285 3277 proplietam
1300 3226 1340 3265 ιω
1350 3209 1507 3280 imprecans
1519 3213 1677 3282 pastoribus
1690 3214 1858 3283 semctipsos

221 3305 388 3377 prolundum
398 3304 522 3360 baratbri
537 3302 656 3359 labatur.
671 3322 681 3356 r
1060 3299 1248 3368 pascentibus,
1261 3300 1315 3368 tac,
1330 3302 1430 3373 inquit,
1452 3303 1637 3368 conredelctir,
1661 3313 1688 3358 et
1705 3303 1776 3359 lauis
1792 3322 1858 3376 upe-

200 3442 204 3450 .
257 3397 286 3452 Si
299 3392 1009 3468 ergojurtabaecrerbasaerilegiumcommittendo
1061 3389 1220 3457 riclanrini,·
1243 3402 1268 3446 et
1282 3393 1362 3464 [uetoe
1384 3404 1446 3449 surra
1468 3412 1526 3450 ores
1543 3413 1607 3451 utere
1631 3397 1657 3451 iu
1673 3397 1855 3467 direptionem
1932 3455 1933 3472 g

219 3489 366 3547 anathema
386 3487 547 3545 llaranatba
574 3488 729 3554 incurrunt,
743 3486 792 3557 qui
815 3500 860 3542 res
880 3482 1010 3540 Ecclesiae
1061 3482 1170 3554 (rect.
1197 3501 1291 3554 xxxiv,
1306 3486 1324 3541 ὅ
1339 3495 1366 3542 et
1382 3487 1464 3561 seq).
1483 3486 1557 3543 lstad
1573 3506 1640 3545 saue
1652 3491 1855 3562 improperium

218 3581 470 3648 iudeabstrabant,
488 3579 534 3636 ubi
557 3578 751 3645 traditaesunt,
774 3577 840 3649 quid
856 3576 885 3632 in
911 3575 1009 3632 ultirrm
1059 3577 1193 3645 carendo,
1219 3588 1335 3635 careant
1359 3595 1469 3652 quoque
1492 3580 1559 3636 illud
1585 3582 1747 3649 anathema,
1777 3582 1855 3653 quod

219 3671 485 3732 examincdelendet
508 3672 671 3740 monachos,
694 3686 750 3726 nou
770 3670 834 3726 dieo
855 3685 928 3725 nunc
945 3685 1009 3740 pro-
1060 3679 1157 3727 contra
1184 3671 1353 3727 deeimarum
1379 3673 1546 3730 alienatores
1577 3674 1721 3730 continent
1744 3671 1854 3731 Urbani

217 3770 295 3843 prins
308 3767 430 3825 decimas
443 3765 597 3822 detinentes
613 3766 714 3836 (neque
732 3764 807 3820 enirn
826 3763 940 3819 decimae
962 3777 1008 3818 re·
1058 3777 1135 3833 papa
1146 3773 1173 3819 et
1189 3766 1318 3836 martyris
1328 3765 1475 3821 decretalia
1489 3766 1602 3838 scripta.

217 3859 358 3934 quirendae
376 3865 468 3916 sunta
484 3856 674 3928 morraclrisdc
698 3854 845 3923 lructlbus,
857 3870 928 3926 quos
939 3868 1007 3924 pro·
1093 3856 1152 3913 lloc
1166 3858 1297 3928 nimirum
1324 3859 1470 3914 anathema
1491 3874 1541 3930 per
1560 3861 1614 3914 boc
1634 3859 1768 3927 solvitur;
1796 3876 1853 3918 non

216 3952 286 4024 priis
297 3950 425 4007 manibus
443 3965 476 4006 ac
486 3948 645 4019 sumptibus
657 3947 880 4016 elaboraverint),
894 3946 948 4002 nisi
962 3962 1009 4003 es·
1057 3935 1174 4021 quadiu
1193 3950 1349 4021 baptismali
1368 3951 1495 4018 ecclesia,
1512 3951 1558 4006 abi
1573 3951 1743 4023 comportari
1754 3954 1853 4010 etdis·

217 4043 390 4102 eentlaiciet
411 4041 522 4098 militati
536 4040 663 4097 monachi
685 4040 838 4113 indigentes
853 4040 1007 4096 ministerio
1058 4042 1169 4112 pensari
1191 4044 1343 4099 secuudum
1357 4059 1479 4100 canones
1503 4045 1617 4112 debent;
1636 4060 1724 4115 neque
1745 4044 1853 4117 degunt

216 4135 348 4194 clericali.
364 4132 412 4191 Sic
425 4134 485 4190 lieri
506 4134 661 4205 approbant
676 4133 789 4205 quidam
804 4132 922 4190 Rotnani
937 4148 1007 4206 pon-
1057 4133 1150 4190 elerici
1166 4136 1199 4191 de
1217 4151 1271 4192 uuo
1290 4136 1441 4207 quadrante
1451 4138 1672 4200 ¹comuruniteret
1684 4139 1852 4209 regulariter

216 4230 303 4286 tillces
316 4228 548 4285 mortasteriorum
561 4236 637 4299 septa
663 4227 782 4284 intanta
810 4228 935 4284 libertate
955 4243 1005 4299 po·
1055 4227 1206 4297 pascendi;
1223 4243 1311 4299 neque
1326 4229 1494 4299 colliguntur
1510 4229 1600 4285 vidua.
1618 4238 1645 4284 et
1670 4245 1812 4300 pauperes
1824 4237 1852 4286 et

215 4330 323 4389 ueritas,
338 4321 468 4377 utlibere
487 4320 544 4377 lieo
560 4322 669 4391 possint
693 4336 803 4388 meare,
825 4322 889 4378 licet
909 4335 1004 4378 corum
1056 4317 1158 4372 lulli-mi
1183 4316 1217 4371 de
1240 4317 1294 4371 alio
1315 4318 1468 4388 quadrante
1484 4317 1634 4387 lulciendi;
1660 4335 1750 4392 neque
1777 4322 1850 4392 riget

214 4412 310 4469 rustici
325 4413 446 4469 decimas
459 4412 572 4468 omnino
586 4412 702 4469 debeant
721 4412 876 4485 persolvere
899 4413 934 4468 ad
955 4428 1003 4468 ec·
1019 4410 1147 4516 I)eultus
1161 4410 1284 4465 uratricis
1297 4408 1425 4466 Ecclesiae
1435 4412 1469 4466 de
1481 4412 1562 4466 tertio
1575 4415 1727 4482 quadrante
1736 4422 1850 4468 restau-

214 4506 323 4571 clusias,
344 4504 391 4559 nbi
407 4519 473 4560 suos
484 4503 604 4559 inlantes
617 4504 766 4584 baptizant.
780 4504 839 4559 Non
851 4521 917 4577 ergo
929 4521 1004 4561 nunc

213 4596 504 4653 notamusmonaclros
524 4595 567 4651 rel
582 4598 731 4653 canonicos
751 4597 872 4653 decimas
894 4613 928 4653 er
940 4613 1005 4668 per·

213 4687 300 4745 missa
317 4684 505 4743 Romanorum
520 4687 680 4757 pontillcum
691 4687 817 4760 proprias
832 4688 1002 4757 detinentem

213 4779 262 4836 sed
283 4779 318 4834 de
339 4778 429 4834 aliena
445 4794 493 4835 eas
506 4787 648 4851 portantes
674 4780 814 4851 parocbia,
834 4778 949 4837 lorsitan
964 4781 1002 4836 ita

215 4870 379 4942 longinqua,
407 4879 437 4927 ut
456 4872 597 4928 euidenter
608 4873 746 4944 appareat]
763 4872 836 4943 quod
862 4889 953 4929 rerum
969 4873 1003 4928 il·

211 4966 267 5022 lius
282 4964 406 5022 eeclesia
420 4964 454 5020 ad
471 4965 554 5020 aliam
570 4967 765 5037 transportatio
781 4965 850 5021 uilril
862 4964 1000 5034 estaliud,

211 5072 296 5133 quarn
318 5056 392 5125 inde,
410 5056 458 5111 ubi
472 5057 579 5113 traditae
604 5055 726 5125 luerunt,
746 5057 866 5113 exitialis
881 5055 999 5124 ablatio,

212 5151 335 5223 neglecta
353 5147 480 5204 videlicet
494 5163 527 5204 ac
540 5148 680 5204 destructa
701 5147 760 5203 illie
774 5148 886 5220 speciali
900 5157 928 5203 et
942 5148 1000 5204 elc-

209 5243 287 5299 ricali
300 5240 416 5308 militia;
432 5240 505 5296 unde
519 5239 719 5296 abstrabuntur
739 5239 813 5297 illins
828 5240 933 5296 militiae
947 5241 998 5296 sti·

209 5334 319 5406 pendia.
350 5331 444 5388 Talem
471 5331 602 5387 nimirum
626 5331 797 5388 oblationum
829 5332 997 5388 ablationem

178 5409 182 5414 ’
208 5424 356 5496 praedictus
382 5436 451 5495 papa
479 5422 654 5494 sacrilegium
679 5423 812 5490 nominat,
827 5432 909 5494 atque
922 5423 997 5478 illam

208 5516 260 5572 sub
274 5516 450 5572 anathemate
460 5513 581 5571 damnat.

244 5602 282 5659 [lc
308 5607 361 5661 trac
382 5604 485 5676 iniusta
501 5606 672 5663 decimarum
689 5606 853 5678 pertusione
874 5614 996 5662 tractam

208 5689 254 5746 lvo
268 5694 415 5765 episcopus
436 5695 614 5757 carnotensis
638 5699 667 5755 in
683 5698 803 5770 quadam
817 5715 867 5764 sua
880 5699 994 5772 epistola

1056 4501 1149 4557 raudai
1161 4511 1188 4556 et
1197 4502 1337 4557 ornandae.
1355 4501 1496 4573 Quidquid
1507 4503 1582 4559 enim
1594 4505 1628 4559 de
1640 4502 1800 4574 quadrante
1813 4503 1850 4559 ad

1055 4595 1213 4662 episcopum
1228 4593 1382 4664 pertinente
1394 4605 1502 4665 agutur,
1520 4596 1578 4651 siec
1591 4595 1697 4651 scilicet
1710 4598 1737 4650 in
1752 4597 1849 4668 bapti·

1055 4685 1136 4740 smali
1154 4686 1272 4742 ccclesia
1286 4696 1422 4758 praecepto
1436 4686 1511 4743 illius
1523 4688 1552 4743 iu
1571 4688 1769 4760 hospitalitatis
1784 4689 1848 4746 ulli·

1054 4777 1097 4833 cio
1112 4779 1301 4847 expendatur;
1326 4779 1385 4836 sire
1406 4780 1440 4836 ad
1462 4782 1606 4839 matricem
1619 4794 1647 4838 et
1657 4782 1848 4855 episcopalem

1053 4871 1199 4928 ecclesiam
1222 4870 1376 4936 deleratur,
1403 4882 1452 4929 aut
1466 4890 1517 4930 suo
1535 4877 1671 4948 stipendio
1692 4878 1847 4950 episcopali

1053 4963 1300 5030 insumendus‚aut
1310 4963 1398 5034 ipsius
1408 4967 1590 5035 xenodochio,
1605 4969 1678 5039 qnod
1693 4985 1805 5041 semper
1815 4972 1847 5027 in

1052 5055 1161 5112 civitate
1185 5061 1338 5131 peregrinis
1355 5073 1384 5118 et
1407 5063 1560 5121 viatoribus
1584 5067 1773 5124 consolatione
1800 5070 1847 5125 in·

1051 5147 1207 5218 digentibas
1228 5161 1321 5222 patere
1338 5153 1429 5221 debet,
1441 5155 1556 5224 jubente
1580 5157 1627 5212 illo
1655 5158 1842 5218 inserendus:

1051 5248 1081 5294 ut
1092 5241 1150 5296 sive
1161 5242 1274 5300 absente
1288 5246 1346 5328 sire
1356 5255 1490 5317 prasente
1500 5253 1629 5320 episcopo
1640 5252 1732 5308 nullus
1746 5262 1843 5309 trans·

1049 5340 1105 5400 eat,
1123 5348 1207 5403 prout
1231 5334 1348 5394 lacultas
1373 5340 1502 5409 admittit,
1521 5341 1723 5401 inconsolatus.
1752 5346 1840 5414 Quid·

1048 5425 1115 5496 quid
1128 5427 1227 5482 borum
1242 5430 1277 5485 de
1288 5432 1410 5501 episcopi
1435 5434 1588 5504 quadrante
1600 5437 1648 5490 liat
1670 5437 1792 5510 (dequo,
1810 5450 1842 5495 ut

1047 5517 1145 5572 beatus
1160 5516 1310 5589 Gregorius
1322 5520 1356 5575 ad
1372 5520 1568 5578 Martinianum
1582 5522 1768 5584 Ravennatem
1777 5530 1841 5598 epi·

1047 5623 1161 5680 scopum
1174 5611 1297 5668 scribens
1308 5621 1426 5670 testatur
1440 5633 1449 5671 r
1461 5616 1519 5672 sire
1532 5615 1632 5674 absens
1644 5620 1703 5676 sire
1713 5635 1842 5690 praseae

1047 5701 1083 5759 sit
1094 5703 1252 5775 episeopus,
1264 5704 1462 5777 hospitalitatis
1476 5714 1504 5764 et
1514 5709 1699 5780 susceptionis
1715 5709 1839 5768 alliciam
