3892 6067
74 215 164 275 ulid
524 208 699 268 utauoctls
719 209 763 265 DE
782 207 942 267 cunmcls
962 208 1100 267 SAECUL.
1121 207 1166 266 ET
1185 208 1304 268 amul
1657 218 1728 274 tttu

71 330 248 390 Pharaonis
262 328 392 394 ministri,
408 327 529 384 baeretici
544 327 671 385 uidelicet
692 328 839 399 cunctique
853 325 888 381 ab
906 329 926 388 l
940 334 1045 394 rentur,
1057 326 1123 398 quia
1139 325 1313 399 priuilegium
1326 334 1448 384 meretur
1458 328 1592 401 amittere,
1603 334 1652 405 qui
1664 348 1731 392 con·

74 423 216 481 Ecclesia
231 420 350 499 precisi,
938 434 1016 476 cessa
1032 419 1085 475 sibi
1097 419 1221 476 abutitur
1245 429 1388 491 potestate.
1416 420 1450 489 Ο,
1477 422 1601 497 inquam,
1626 436 1732 498 quanto

118 515 235 571 Smcnu.
252 512 328 581 Qrms
342 521 468 567 nostrum
492 511 618 584 assignas
639 511 794 569 ministerio
814 509 885 566 Pba·
937 512 1039 569 rectius
1051 520 1190 585 ageretur,
1202 512 1227 569 si
1248 514 1370 585 legitima
1399 514 1560 586 poenitentia
1584 517 1669 590 lapsis
1678 520 1733 578 iru-

75 610 196 676 raonis,
210 622 274 663 eum
295 605 383 663 simus
396 607 488 663 cuncti
499 608 552 664 sub
570 606 650 663 titulo
664 605 813 662 Christiani
836 619 886 660 no·
936 612 1095 675 poneretur,
1115 619 1170 676 qua
1183 613 1275 660 tamen
1289 607 1413 662 occultus
1426 605 1521 676 lapsus
1531 624 1587 664 non
1599 611 1731 681 prodere-

74 700 196 758 minlsl
936 696 1002 750 turl
1017 692 1075 751 flac
1087 694 1187 750 etenim
1202 694 1363 765 poenitontia
1379 704 1507 769 suscepta
1527 710 1732 773 consequenter

119 790 232 849 Rarum
247 788 344 847 Nonne
358 789 507 860 complices
521 800 549 846 et
563 788 687 847 fautores
700 790 774 848 illius
798 806 886 862 nuper
935 785 1063 858 permitti
1084 794 1178 857 posset
1191 785 1336 859 [officium
1362 801 1417 855 non
1443 788 1564 863 legitime
1586 795 1730 865 penitenti

74 884 224 953 damnati,
240 883 297 939 imo
309 883 367 953 iam
392 882 460 938 olim
486 883 665 953 praedamnati
686 882 760 939 Petri
774 882 884 948 leoms,
936 891 1078 947 uunquam
1089 876 1314 947 permittendum.

76 976 225 1033 Romanae
239 973 369 1031 Ecclesiae
380 973 530 1042 invasoris,
557 973 702 1032 manifeste
724 982 789 1031 sunt
803 973 886 1031 mini·
974 967 1081 1025 Saeua.
1100 968 1189 1037 Quam
1205 984 1289 1027 uocas
1305 970 1454 1043 legitimam
1467 974 1677 1046 poenitentiam!

76 1067 137 1125 stri
154 1066 333 1123 Pharaonis?
971 1061 1075 1119 ilscus.
1093 1061 1161 1130 Quae
1175 1064 1327 1121 secundum
1339 1066 1519 1124 auctoritates
1538 1066 1652 1126 Petrum
1676 1072 1732 1129 inr-

122 1157 236 1215 Secm.
251 1158 323 1225 Quid
337 1159 372 1214 ad
385 1172 438 1215 nos
447 1156 483 1214 de
493 1157 561 1214 illoi
935 1153 1057 1224 ponitur.
1071 1151 1135 1210 Haec
1145 1162 1238 1211 autem
1249 1154 1377 1212 bifariam
1388 1156 1569 1231 distinguitur
1586 1168 1641 1217 tam
1657 1162 1730 1219 iuter

124 1250 234 1307 mous.
250 1249 316 1305 Plus
330 1249 364 1306 ad
379 1259 415 1317 te,
432 1250 527 1321 tuique
541 1249 657 1319 similes,
673 1264 758 1320 quam
774 1248 809 1305 ad
828 1264 884 1316 me,
936 1245 1062 1312 clericos.
1074 1260 1158 1316 <luam
1172 1245 1245 1303 infer
1255 1245 1353 1304 laicus·
1371 1245 1440 1303 Num
1468 1264 1532 1306 cum
1556 1251 1627 1309 abus
1644 1253 1732 1325 pent·

80 1343 205 1415 meique
219 1343 324 1399 similes
338 1342 456 1413 pertinet
471 1342 517 1399 ille
527 1341 639 1413 impius.
654 1339 722 1397 Nam
736 1341 760 1396 si
772 1355 886 1411 percur-
937 1346 999 1395 tens
1010 1338 1115 1410 aliquid
1125 1340 1178 1398 sibi
1191 1340 1226 1397 de
1248 1341 1341 1412 scipso
1368 1343 1503 1410 retineam
1530 1345 1602 1403 alius
1630 1354 1731 1417 totum,

79 1453 132 1493 res
160 1439 255 1493 omnia
278 1436 399 1492 claustra
423 1435 620 1491 canonicorum
641 1434 820 1506 regularium,
834 1448 885 1489 nec
935 1430 1011 1502 guod
1023 1438 1080 1498 est;
1095 1439 1196 1499 tntum,
1212 1432 1287 1502 quod
1299 1431 1400 1502 babet;
1414 1442 1515 1504 totum,
1534 1437 1609 1507 quod
1629 1446 1729 1508 potest,

79 1544 177 1582 unum
202 1527 313 1598 quidem
339 1527 367 1581 in
390 1525 441 1595 cis,
455 1526 547 1595 credo,
562 1527 685 1583 inuenies
696 1524 770 1582 Petri
785 1525 885 1582 Leonis
936 1523 1022 1581 semel
1033 1535 1060 1580 et
1071 1523 1153 1579 simul
1163 1521 1220 1579 beo
1232 1524 1260 1578 in
1275 1523 1476 1582 holocaustum
1491 1526 1619 1598 offerens,
1638 1529 1731 1586 imita·

79 1628 319 1676 conseruaneumt
332 1617 552 1675 dtsaecularinm
566 1619 729 1676 clericorum
746 1617 882 1683 nonnulli,
936 1624 981 1671 tur
1002 1614 1079 1671 illum
1107 1615 1260 1690 prodigum,
1283 1615 1339 1672 imn
1365 1632 1398 1673 ex
1413 1617 1527 1691 prodigo
1552 1620 1730 1691 penitentem

79 1711 228 1783 praecipue
243 1709 457 1777 incontinentes,
471 1719 499 1766 et
514 1710 688 1778 conductitii,
707 1709 766 1767 siue
779 1710 885 1766 enndu·
936 1707 1023 1764 filiurn
1035 1707 1082 1764 tali
1100 1708 1193 1763 animo
1209 1722 1362 1776 reversum,
1378 1716 1410 1765 ut
1428 1710 1536 1766 adonio
1554 1712 1640 1783 patris
1658 1713 1728 1770 ulte-

80 1801 285 1860 ctoresclerici
300 1817 362 1857 cum
379 1803 492 1859 Nicolao
512 1802 692 1870 fornicatore,
717 1803 885 1861 arsimone
935 1804 995 1860 rius
1007 1816 1064 1858 non
1075 1809 1216 1873 evagetur,
1242 1801 1448 1859 ministraturus
1478 1810 1506 1858 et
1529 1804 1682 1863 serviturus
1702 1805 1731 1861 in

80 1894 170 1968 blago
182 1895 316 1962 damnati,
332 1896 433 1966 partim
442 1895 561 1964 occulte,
573 1896 674 1966 partim
695 1910 805 1967 quoquc
826 1911 885 1950 nra·
935 1910 968 1951 ea
989 1894 1167 1964 facturusque
1181 1901 1279 1961 totum,
1295 1893 1370 1966 quod
1384 1893 1410 1948 ei
1437 1908 1454 1948 a
1479 1901 1557 1963 patre
1570 1895 1731 1966 praecipere·

81 1984 190 2042 nifeste
200 1995 296 2057 optant
311 1986 389 2041 illum
403 1985 553 2057 prevalere
575 1992 672 2042 contra
687 1999 785 2056 papam
800 1984 883 2041 lnno·
936 1996 992 2053 tur,
1005 2001 1056 2043 nec
1076 1986 1132 2042 ullo
1146 1986 1229 2041 modo
1243 1985 1349 2043 audens
1360 1991 1505 2056 appetere,
1518 1994 1548 2041 ut
1560 1985 1633 2042 illius
1647 2000 1731 2043 roca·

81 2077 223 2146 centium,
237 2092 319 2148 quem
336 2075 529 2133 innocentium
545 2090 606 2143 nos,
618 2076 667 2147 qui
685 2076 827 2147 regulares
840 2076 885 2132 di·
936 2088 1022 2145 retur,
1038 2077 1138 2133 nedum
1153 2077 1206 2133 boc
1216 2077 1352 2146 ambiret,
1365 2085 1398 2131 ut
1409 2075 1479 2134 stola
1494 2075 1582 2149 prima
1604 2076 1733 2134 induere·

81 2167 191 2235 elmar,
207 2181 304 2224 omnes
317 2168 462 2223 unanimes
477 2183 534 2223 utro
544 2182 593 2223 ore
607 2166 728 2224 fatemur
742 2182 887 2226 successo-
936 2182 991 2228 tur.
1006 2168 1060 2226 lste
1075 2167 1175 2224 modus
1185 2167 1354 2240 prenitentiae
1373 2175 1500 2224 seruatur
1513 2169 1548 2224 ab
1563 2167 1607 2226 bis
1626 2168 1674 2240 qui
1696 2168 1731 2225 ad

83 2275 148 2317 rem
159 2259 233 2315 Petri
247 2258 411 2331 legitimum,
426 2276 509 2332 quern
522 2269 550 2316 ct
566 2268 630 2316 ante
654 2270 783 2332 papatum
806 2260 885 2318 nori·
936 2262 1072 2333 regularia
1093 2261 1214 2317 claustra
1237 2260 1365 2328 veniunt,
1380 2275 1465 2333 seque
1479 2270 1551 2318 totos
1564 2261 1732 2334 abnegantes

84 2366 154 2407 rurus
165 2352 299 2407 castitatis
311 2361 338 2408 et
351 2352 493 2424 religionis
504 2351 591 2409 fuisse
609 2346 740 2421 amicum,
763 2353 835 2409 sicut
852 2352 886 2408 il·
937 2352 972 2409 ad
996 2354 1142 2424 puritatem
1158 2354 1350 2412 sanctimonie
1364 2355 1418 2412 sub
1438 2355 1594 2413 obedientia
1616 2365 1733 2412 conten·

85 2444 148 2499 lum
160 2443 277 2498 alterum
293 2442 342 2499 Dei
355 2452 383 2499 et
396 2443 528 2501 Ecclesiae
543 2446 671 2501 nouimus
693 2445 779 2502 fuisse
792 2445 885 2501 inimi·
937 2446 1016 2503 dunt.
1030 2445 1133 2504 llorurn
1145 2449 1282 2506 declarata
1298 2448 1346 2504 tali
1370 2447 1521 2504 intentione
1533 2448 1634 2519 poterit
1655 2456 1734 2519 pater

85 2550 166 2593 cum.
182 2534 261 2603 Quod
273 2544 363 2593 autem
375 2536 454 2604 dicis,
466 2552 511 2592 me
524 2536 627 2593 dixisse
642 2539 675 2593 de
686 2535 881 2592 fornicantium
939 2540 1100 2595 monasterii
1115 2554 1179 2596 cum
1192 2541 1235 2597 eis
1247 2541 1344 2596 mitius
1356 2556 1453 2613 agere,
1466 2540 1621 2611 poteritque
1633 2539 1729 2595 decer·

88 2628 264 2685 sacerdotum
278 2636 383 2683 secreta
394 2637 423 2683 et
439 2637 535 2684 mutua
550 2627 735 2697 confessione,
748 2644 802 2700 qua
814 2644 881 2686 snos
939 2642 1022 2696 nere,
1036 2637 1068 2685 ut
1084 2629 1123 2685 ita
1140 2630 1277 2700 poenitens
1290 2630 1363 2686 stola
1384 2629 1473 2701 prima
1495 2629 1579 2685 etiarn
1594 2627 1624 2682 in
1638 2642 1732 2685 sacer·

87 2717 185 2787 lapsus
197 2717 322 2772 videntur
334 2734 443 2787 curare,
469 2719 542 2774 scias
568 2718 633 2774 lrinc
648 2720 783 2788 euenisse,
807 2720 880 2791 quod
938 2722 1023 2780 dotali
1047 2720 1136 2777 officio
1160 2720 1300 2793 imagutur,
1324 2721 1496 2793 vitulumque
1518 2721 1689 2794 saginatum,
1705 2720 1731 2776 si

88 2807 239 2880 aliquando
253 2826 346 2867 coram
358 2809 465 2867 aemulis
494 2810 708 2866 commemorari
727 2810 877 2881 capitulum
939 2815 1028 2871 laicus
1038 2822 1110 2881 erat,
1124 2812 1257 2870 laicaliter
1268 2814 1364 2883 edere;
1377 2813 1401 2871 si
1416 2813 1556 2882 sacerdos,
1566 2821 1594 2869 et
1606 2813 1736 2870 sacerdo«

87 2900 238 2970 ilerdense,
248 2902 322 2973 guod
343 2902 380 2957 ita
404 2916 435 2957 se
450 2899 533 2958 babet
548 2919 554 2954 :
571 2918 581 2953 r
599 2899 645 2968 lli,
660 2901 816 2972 quialtario
829 2902 877 2960 ilci
940 2905 1031 2963 taliter
1042 2904 1187 2961 immolare
1204 2905 1390 2976 permittatur.
1407 2902 1461 2961 ssu
1475 2903 1582 2961 clericis
1595 2904 1731 2976 peniten-

88 2994 259 3060 serviunt,si
271 2993 364 3049 subito
378 2993 406 3049 in
418 2992 509 3051 fienda
534 2994 628 3051 carnis
648 2993 797 3066 fragilitate
820 3011 919 3072 cor-g
936 2999 1010 3058 tibus
1036 2995 1083 3051 tali
1112 2994 1271 3066 penitentia
1289 3009 1344 3051 non
1357 2993 1485 3066 congruit
1508 3009 1562 3051 una
1583 3001 1612 3050 et
1633 2993 1730 3050 eadem

88 3084 207 3154 ruerint,
221 3093 249 3141 et
260 3082 379 3141 beluino
402 3085 576 3157 respiciente,
593 3086 675 3158 digne
693 3086 881 3157 pertinerint,
934 3093 1034 3150 torma.
1046 3086 1134 3160 Cujus
1147 3086 1221 3143 enim
1235 3087 1344 3143 occultu
1355 3084 1502 3142 iomicatio
1514 3084 1543 3140 in
1557 3069 1728 3141 utuudo'uou

90 3176 131 3232 ita
148 3183 178 3230 ut
200 3175 367 3233 mortificato
381 3191 497 3247 corpore
518 3178 611 3235 cordis
637 3179 749 3235 contriti
776 3180 883 3235 sacrifl—
934 3194 977 3241 est
997 3181 1146 3254 publicata,
1158 3177 1217 3235 sini
1231 3178 1286 3233 alia
1300 3175 1430 3248 quelibet
1443 3175 1535 3246 culpa,
1551 3173 1732 3232 sacerdotalis

92 3265 164 3319 cium
180 3263 237 3320 lieo
249 3264 375 3332 offerant,
392 3274 504 3322 maneat
528 3267 556 3323 in
578 3277 714 3338 potestate
734 3269 882 3339 pontificis,
934 3273 1048 3332 lionoris
1058 3269 1253 3344 peremptoria,
1262 3269 1307 3325 bic
1317 3275 1406 3339 potest
1414 3266 1515 3339 eligere
1527 3265 1582 3323 sibi
1592 3264 1732 3323 medicum

17 3382 18 3387 κ
92 3353 135 3409 uel
151 3355 285 3410 ueraciter
299 3354 415 3414 afflictos
430 3372 484 3413 non
497 3357 544 3413 diu
556 3358 736 3430 suspendere,
752 3358 795 3415 rel
809 3359 884 3415 desi-
934 3379 961 3424 nr
971 3374 1078 3440 patrem
1093 3364 1152 3421 sive
1165 3360 1366 3419 monachorum
1382 3359 1440 3416 sire
1455 3357 1625 3430 regularium
1642 3369 1731 3417 cann-

17 3496 18 3507 ,
92 3447 185 3504 diosus
196 3447 338 3519 prolixiori
350 3458 472 3522 tempore
496 3451 531 3508 ab
552 3450 684 3509 Ecclesiae
698 3466 815 3523 corpore
840 3467 885 3509 se-
934 3459 1062 3517 nicnrunr
1080 3464 1224 3515 strenuum
1240 3461 1389 3509 rectorem.
1419 3448 1491 3506 iluic
1516 3447 1590 3505 Patri
1615 3447 1731 3504 omnine

17 3568 18 3599 1
93 3554 213 3610 gregare,
229 3540 265 3595 ita
281 3549 371 3596 tarnen
387 3551 418 3597 ut
439 3543 480 3599 sic
506 3543 660 3598 officiorum
684 3559 798 3600 suorum
823 3543 884 3601 loca
934 3549 1075 3619 subjectus
1096 3544 1187 3617 isqui
1210 3557 1266 3600 non
1280 3540 1332 3596 fuit
1348 3540 1376 3595 in
1391 3540 1507 3595 crimine
1518 3538 1653 3605 detectus,
1676 3550 1730 3607 po·

17 3666 19 3697 Σ
94 3632 236 3703 recipiant,
250 3647 286 3689 ne
301 3634 410 3705 possint
420 3634 454 3690 ad
468 3634 567 3690 altiora
580 3634 669 3689 officia
685 3635 803 3692 ulterius
820 3651 884 3708 pro·
936 3648 999 3708 test,
1015 3639 1069 3694 nisi
1080 3635 1173 3703 fallor,
1186 3649 1267 3705 agere
1277 3630 1410 3697 odicium,
1421 3630 1533 3702 quando
1546 3627 1618 3685 Patri
1629 3638 1720 3685 eteon
1753 3641 1763 3658 ·

17 3758 18 3789 1
94 3726 207 3781 moueri.
222 3724 302 3793 Quod
329 3726 353 3782 si
379 3726 480 3782 iterato
501 3727 575 3782 velut
600 3740 683 3782 canes
701 3726 736 3781 ad
749 3727 883 3782 uornitum
934 3729 1033 3786 fessori
1047 3728 1108 3799 ejus
1131 3725 1214 3782 fuerit
1233 3724 1336 3791 risum,
1351 3723 1428 3794 quia,
1443 3721 1507 3777 licet
1519 3720 1592 3777 banc
1610 3727 1730 3791 potesta*

94 3819 194 3875 reversi
206 3818 319 3887 fuerint,
333 3835 388 3876 non
402 3820 493 3877 solum
510 3820 644 3893 dignitate
666 3818 747 3878 officii
761 3828 883 3886 careant,
935 3831 990 3877 tem
1001 3821 1125 3892 legamus
1136 3813 1352 3886 solisepiscopis
1381 3812 1483 3884 ubique
1508 3812 1686 3884 assignatam,
1698 3823 1744 3878 ut,

17 3950 18 3977 2
95 3911 236 3970 sedetiam
254 3923 378 3971 sanctam
392 3915 615 3973 communionem
630 3914 684 3971 nisi
698 3915 726 3970 in
741 3915 816 3972 exitu
829 3929 884 3971 non
935 3912 1103 3986 presbyteris
1129 3910 1211 3982 digne
1232 3905 1432 3980 poenitentibus
1469 3902 1586 3960 reddant
1617 3905 1729 3972 stolam,

94 4006 233 4081 recipiant.
266 4008 467 4066 »auctoritate
487 4010 570 4081 buius
595 4009 719 4079 capituli,
746 4009 818 4080 quis,
846 4009 886 4064 in·
935 4016 1026 4062 tamen
1058 4002 1105 4059 ubi
1125 4001 1189 4073 quis
1214 3998 1440 4070 presbyterorum
1453 3995 1552 4050 stolam
1570 4009 1648 4051 suam
1673 4008 1731 4051 nors

95 4116 185 4173 quam,
200 4101 276 4158 dedit
287 4101 360 4157 hanc
371 4110 534 4172 potestatem
548 4100 728 4173 presbyteris,
738 4115 821 4172 quam
833 4115 884 4156 uec
933 4096 1043 4170 publice
1067 4091 1171 4159 amisit,
1199 4089 1248 4147 sed
1265 4088 1372 4145 occulte
1396 4086 1542 4153 demeruit,
1554 4084 1577 4141 si
1600 4099 1661 4141 eam
1684 4098 1731 4142 re·

96 4193 246 4250 invenimus
263 4208 425 4250 concessam
449 4193 607 4265 episcoptst
631 4190 799 4249 Permittunt
824 4192 884 4263 cpi·
934 4188 1030 4254 sumit,
1039 4185 1153 4257 jubente
1167 4180 1247 4238 Patre
1257 4188 1285 4237 et
1299 4179 1470 4246 confessore,
1485 4178 1539 4234 sub
1556 4192 1613 4249 quo
1633 4177 1730 4249 dispo·

96 4285 168 4356 scopi
180 4288 208 4341 in
221 4285 341 4341 concilio
353 4283 484 4342 ilerdensi
499 4284 718 4342 misericordiam
736 4282 826 4343 farere
836 4300 884 4342 su·
935 4281 991 4337 suit
1003 4276 1136 4350 usquead
1151 4281 1269 4332 mortem
1280 4271 1410 4339 militare,
1423 4286 1478 4327 neu
1491 4270 1520 4326 id
1542 4276 1610 4341 puto
1634 4283 1731 4340 repre·

95 4374 150 4433 bito
168 4375 305 4432 incarnis
324 4375 473 4448 fragilitate
497 4375 702 4442 corruentibus,
719 4384 747 4432 et
767 4373 883 4430 bomine
898 4372 921 4428 D
936 4373 1018 4430 lrendi
1032 4371 1148 4438 debere;
1161 4366 1288 4439 quamuis
1308 4363 1463 4422 consultius
1480 4370 1619 4436 ageretur,
1632 4361 1657 4419 si
1674 4361 1732 4433 epi·

96 4470 263 4541 respiciente,
281 4469 364 4542 digne
378 4468 586 4540 penitentibus.
600 4471 635 4523 bt
649 4469 696 4524 isti
710 4466 798 4524 nostri
814 4475 883 4522 torn·
934 4479 1035 4537 scopus
1045 4461 1128 4520 etiam
1141 4476 1224 4532 super
1244 4459 1335 4516 taliter
1347 4458 1524 4529 penitentem
1539 4453 1732 4512 consuleretur

95 4562 167 4632 poris
177 4561 294 4617 nimium
308 4562 468 4629 clementes,
482 4568 531 4615 aut
555 4557 626 4615 forte
649 4558 791 4616 dementes
805 4573 883 4630 pres-
933 4565 1046 4630 propter
1083 4556 1228 4627 praefatum
1250 4550 1397 4609 llerdensis
1423 4547 1533 4607 concilii
1565 4547 1730 4619 cupitulum,

97 4655 177 4726 byteri
190 4670 255 4711 snos
267 4654 505 4726 compresbyteros
518 4668 572 4708 non
586 4666 664 4706 more
681 4652 824 4707 bominum
841 4652 882 4706 la·
933 4651 1008 4723 guod
1024 4649 1209 4707 indifferenter
1222 4646 1360 4719 quoslibet
1383 4643 1541 4702 sacerdotes
1563 4641 1730 4713 prenitentes

96 4762 166 4818 psus,
179 4748 226 4803 sed
241 4762 318 4804 more
331 4761 477 4817 porcorum
490 4745 634 4801 volutabro
647 4745 696 4799 luti
708 4745 756 4801 diu
768 4744 880 4800 immer-
933 4741 1048 4809 indicat,
1062 4756 1096 4797 ex
1108 4738 1225 4796 arbitrio
1239 4736 1389 4808 pontilicis,
1405 4734 1448 4790 vel
1463 4733 1598 4789 ueraciter
1612 4732 1730 4789 afflictos

17 4872 18 4885 κ
97 4857 149 4909 sos,
162 4842 235 4898 nulla
249 4841 330 4912 digna
346 4840 509 4910 penitentia
528 4846 671 4903 excoctos,
684 4835 789 4893 faciunt
815 4851 881 4891 ean·
938 4848 993 4890 non
1018 4833 1066 4889 diu
1094 4829 1312 4902 suspendendos,
1336 4827 1378 4883 vel
1403 4826 1556 4884 desidiosum
1584 4825 1726 4898 prolixiori

98 4941 151 4989 tare
162 4933 271 4996 missas,
286 4946 336 4987 nec
347 4932 383 4987 ab
397 4931 528 5002 episcopo
550 4929 757 5001 permittendas,
772 4928 824 4984 nisi
839 4928 881 4984 di·
932 4939 1055 4998 tempore
1071 4927 1107 4982 ab
1125 4923 1255 4982 Ecclesiae
1268 4936 1382 4993 corpore
1395 4921 1589 4994 segregandos.

17 5064 18 5075 ,
98 5039 146 5095 gne
155 5023 362 5097 poenitentibus,
373 5031 400 5078 et
423 5023 593 5079 iterationem
617 5020 736 5076 uonritus
757 5018 881 5076 carenti·
968 5017 1074 5074 Senot.
1091 5016 1121 5073 Si
1135 5015 1184 5081 ita,
1198 5022 1230 5069 ut
1242 5013 1324 5080 dicis,
1338 5021 1476 5084 ageretur,
1492 5010 1573 5068 facile
1587 5011 1727 5068 occultum

17 5160 18 5171 ,
98 5117 155 5172 bus.
165 5114 384 5186 Undeinquam,
397 5114 564 5186 presbyteris
580 5113 638 5169 baec
650 5119 783 5182 potestas,
796 5125 879 5182 quam
931 5112 1035 5168 crimen
1053 5109 1224 5181 proderetur,
1242 5107 1308 5163 dum
1318 5104 1510 5177 unusquisque
1532 5102 1648 5159 fratruum
1662 5101 1727 5158 din·

17 5244 18 5267 r
98 5223 145 5263 nec
161 5207 297 5280 episcopis
325 5210 451 5266 concedit
474 5209 636 5275 auctoritas,
658 5206 763 5263 scilicet
791 5205 879 5261 ollieia
930 5211 1044 5258 turnum
1079 5197 1233 5272 presbyteri
1262 5195 1442 5270 suspendium
1477 5193 1550 5265 apud
1583 5208 1613 5249 se
1637 5192 1722 5248 mira·

97 5300 247 5370 permittere
258 5314 312 5358 non
337 5300 418 5370 digne
437 5299 644 5372 penitentibus,
665 5297 762 5368 culpas
781 5296 879 5352 crebro
930 5303 1015 5350 rctur.

17 5430 19 5459 f
97 5392 262 5458 iterantibus,
273 5401 300 5447 et
316 5393 368 5449 bac
390 5392 489 5448 fiducia
510 5389 721 5455 fornicantibus,
737 5389 803 5460 quia
827 5403 877 5443 ua·
965 5387 1069 5444 iliona.
1083 5385 1144 5443 Non
1159 5393 1203 5444 est
1216 5386 1244 5441 in
1262 5382 1392 5442 claustris
1411 5382 1483 5436 bene
1506 5378 1643 5451 religiosis
1657 5393 1724 5435 con·

17 5528 18 5537 ,
98 5486 146 5541 leat
155 5485 292 5554 impurum
307 5485 449 5541 absoluere
457 5482 642 5541 consacerdos
653 5498 724 5553 aque
734 5481 878 5553 impurus?
930 5482 1058 5549 suetudo,
1072 5491 1103 5537 ut
1116 5478 1317 5552 quantumlibet
1330 5483 1434 5538 custus,
1452 5472 1559 5528 nouiter
1571 5487 1723 5529 conuersus

17 5618 18 5621 ,
98 5577 168 5634 Certe
194 5575 218 5633 si
247 5576 311 5632 talis
336 5577 480 5635 confessus
491 5576 608 5647 talisque
635 5574 777 5632 confessor
794 5574 876 5647 digna
930 5584 985 5629 tarn
998 5573 1053 5631 nito
1065 5573 1201 5629 ministret
1215 5580 1244 5627 ut
1254 5570 1381 5625 diuturna
1391 5566 1535 5637 suspensio
1548 5579 1603 5621 non
1614 5573 1720 5621 castum

17 5714 18 5719 1
99 5668 248 5740 penitentia
269 5668 462 5742 plecterentur,
485 5668 567 5725 ambo
592 5669 650 5726 suis
664 5666 760 5725 oficiis
785 5668 877 5738 prim·
929 5676 1013 5723 notet.
1031 5665 1069 5723 lbi
1085 5680 1195 5739 quoqne
1217 5660 1387 5722 sanctissimi
1402 5668 1430 5716 ct
1443 5657 1592 5715 castissimi
1612 5655 1640 5713 in
1657 5662 1719 5713 tau·
