3892 6067
212 207 269 311 ars
690 218 843 277 annnom
858 219 1055 281 onerosum
1075 224 1349 288 anrcnensrsuo.
1536 262 1539 267 ·
1790 194 1866 299 arr

213 338 341 386 taverunt
354 332 381 387 in
399 332 512 389 malum.
528 331 605 390 Sicut
615 333 652 389 illi
673 348 819 395 accusante
836 341 1004 396 conscientia
1019 346 1041 401 Α
1056 340 1163 401 Patrem
1188 362 1380 419 enumquam
1397 345 1500 405 intrare
1513 349 1541 404 iu
1553 350 1668 422 gloriam
1686 350 1775 409 Patris
1789 357 1845 425 sai,

212 420 321 476 cattinai
335 422 484 480 dixerunt:
503 443 513 476 r
532 424 628 484 Merito
642 428 698 483 trac
713 432 843 501 patimur,
859 434 923 503 quia
939 450 1004 504 pec·
1057 450 1145 504 tresque
1158 437 1231 492 aliud
1252 439 1355 494 honriui
1377 450 1520 510 assumpto
1534 442 1561 495 in
1578 441 1674 505 Denta,
1689 443 1743 499 hoc
1760 454 1802 501 est
1816 455 1848 502 ιιι

213 511 336 568 ravimus
358 513 385 567 in
405 513 515 570 fratrem
537 528 662 574 nostrum
678 519 754 591 (Gen.
779 539 845 589 ιιιι,
865 524 923 593 il),
943 545 953 577 r
977 535 1005 581 et
1056 527 1092 579 sit
1107 526 1189 594 bens,
1213 531 1361 586 ascendere
1383 530 1416 586 ad
1433 530 1518 586 licum
1543 547 1737 603 ennumquam
1762 535 1848 605 glori-

214 602 301 669 ipsius
315 601 411 659 fratria
422 608 571 676 potentiam
584 610 693 664 reveriti
709 611 786 681 proni
802 614 961 669 cediderunt
976 616 1004 669 in
1057 619 1132 672 lirani
1147 634 1179 673 ra
1202 620 1299 691 gloria,
1318 637 1402 693 quarn
1425 620 1498 677 Deus
1521 622 1617 679 Ιιιιιιιιι
1633 626 1799 681 aeternaliter
1817 629 1847 683 in

213 701 314 747 terram
329 694 484 753 exhibendo
502 698 541 753 illi
568 703 748 758 reverentiam
770 704 834 760 :sic
856 706 1006 763 induantur
1056 707 1197 764 alirinitate
1213 726 1274 765 sua.
1289 711 1341 778 Qui
1364 711 1423 767 haee
1444 714 1565 769 rootrdunt
1581 715 1707 781 credunt,
1724 728 1848 773 auertan-

212 784 374 843 confusione
388 798 416 844 et
428 791 579 846 reverentia
594 807 690 850 omnes
704 795 807 853 inimici
823 799 875 854 mei
890 799 1004 867 Christi,
1057 817 1101 860 tur
1116 816 1259 861 retrorsum
1279 823 1342 863 eum
1365 807 1449 865 liaria
1473 819 1501 867 et
1523 811 1641 877 discant,
1662 812 1736 882 qaod
1757 815 1848 873 adlnte

211 877 256 931 rel
273 880 326 934 ntei
339 880 474 952 utriusque
492 884 620 956 pauperis
634 895 661 942 et
684 888 773 959 egeni.
788 887 1004 960 Corriundantur,
1058 898 1185 953 tresciunt
1205 897 1239 954 tle
1254 897 1403 955 ιιιιιιιὶιιίιιιι
1418 901 1588 957 assensionis
1602 903 1700 974 pluria.
1715 904 1847 961 dmrtan·

212 976 239 1022 et
264 983 441 1041 reserrentur,
463 976 509 1044 qui
533 987 654 1047 quenrnt
675 982 791 1038 animant
812 998 897 1037 nteam
911 984 1006 1041 tollere
1057 997 1102 1041 tur
1114 988 1197 1043 etiam
1212 998 1367 1053 retrorsum,
1386 990 1457 1045 sicut
1472 990 1509 1046 illi
1521 992 1679 1049 reciderunt
1692 1005 1847 1063 retrorsum,

214 1076 263 1131 per
279 1073 393 1119 mortem
423 1064 449 1125 ia
473 1074 595 1138 tempore
619 1072 817 1140 persecutionis
844 1084 937 1145 aperte
952 1091 1005 1131 sae·
1057 1078 1104 1147 qui
1127 1079 1397 1149 comprehenderunt
1410 1095 1453 1137 me
1465 1082 1657 1151 occidendum,
1673 1085 1724 1148 illi,
1745 1088 1849 1157 quihus

213 1154 323 1210 vientis.
1057 1176 1152 1225 rorrtra
1173 1186 1217 1225 nie
1243 1184 1375 1241 meosque
1403 1172 1449 1228 ulii
1475 1173 1553 1230 deest
1581 1176 1696 1232 nocendi
1718 1176 1847 1245 facultas,

252 1245 332 1303 Vens.
353 1250 380 1305 l.
400 1251 561 1309 Avertantur
588 1256 669 1313 ctiam
689 1268 845 1324 retrorsum,
867 1271 892 1316 et
915 1262 1007 1319 erute·
1058 1259 1129 1317 inest
1155 1270 1246 1317 tannen
1257 1260 1400 1319 obstinatae
1412 1263 1522 1318 malitiae
1535 1266 1673 1332 voluntas,
1683 1283 1744 1339 quse
1757 1269 1849 1325 nolunt

214 1343 354 1412 acant,qni
365 1343 455 1399 nolunt
468 1347 533 1400 rnilal
549 1347 621 1402 mala
633 1348 659 1402 in
676 1357 798 1423 ternpore
809 1353 884 1423 pacis
895 1357 1007 1425 qnando
1057 1353 1124 1410 milri
1145 1355 1228 1411 malo.
1241 1356 1400 1411 Avertantur
1413 1356 1440 1412 nt
1451 1357 1519 1413 tales
1529 1368 1672 1414 retrorsum
1694 1375 1742 1431 per
1756 1361 1851 1417 Ιιιιιιιί·

215 1434 387 1490 annuntient
410 1436 555 1493 manifeste
572 1439 716 1496 ostendere
731 1443 814 1509 mala,
830 1460 891 1515 qnae
911 1456 1007 1505 eontra
1058 1445 1210 1515 tintinnum,
1235 1449 1300 1518 quia
1319 1464 1459 1521 antiquam
1484 1450 1580 1507 rolant
1601 1452 1699 1508 callere
1720 1454 1747 1508 in
1763 1453 1851 1510 iacies

215 1540 260 1579 me
279 1525 381 1583 liabent
406 1526 433 1582 in
459 1530 608 1588 uoluntate.
622 1532 782 1590 Avertantur
807 1548 962 1606 retrorsum,
978 1550 1007 1596 ut
1058 1552 1182 1608 suasper
1201 1539 1384 1594 voluntariam
1409 1540 1602 1598 humilitatem.
1618 1543 1779 1599 Avertantur
1793 1545 1849 1600 ita·

213 1617 261 1685 «qui
271 1633 322 1674 sao
334 1619 465 1675 arbitratu
479 1624 600 1681 virentes
616 1641 670 1680 non
682 1627 915 1702 aliqnantursequi
927 1632 1008 1688 vcsti-
1058 1645 1111 1702 que
1130 1631 1219 1702 primo
1235 1631 1364 1688 cadentes
1383 1642 1526 1688 retrorsum
1540 1649 1589 1704 per
1611 1635 1766 1691 coactitiam
1788 1637 1850 1692 sal·

213 1709 257 1779 qia
284 1720 453 1782 sanctornm,
467 1716 514 1772 sed
528 1718 608 1788 quasi
630 1721 787 1790 praecedunt
809 1738 867 1792 eos,
885 1735 1004 1796 qnorum
1057 1731 1111 1781 tem
1139 1722 1368 1788 lruntiliationem,
1385 1731 1417 1780 ιιι
1445 1723 1486 1780 sic
1505 1724 1640 1781 humiliati
1663 1725 1770 1782 discant
1792 1743 1851 1783 non

213 1802 377 1859 documenta
396 1815 585 1878 conminuunt,
612 1811 669 1881 jam
685 1813 799 1875 ulterius
822 1831 876 1872 non
905 1834 1007 1889 praece·
1058 1814 1259 1886 blasphemare,
1276 1831 1331 1870 nou
1354 1814 1524 1883 inllari,non
1547 1816 1657 1882 extolli;
1680 1817 1728 1872 sed
1750 1807 1863 1887 sponte'

212 1893 291 1961 dant,
309 1895 356 1951 sed
381 1908 542 1968 sequantur,
563 1916 613 1958 ace
638 1919 690 1960 sun
704 1905 797 1964 vitant
816 1909 943 1978 covasilio,
959 1911 1007 1968 sed
1057 1915 1218 1964 assuescant
1236 1906 1372 1968 lntnriliari
1384 1906 1436 1964 sab
1447 1906 1550 1977 polemi
1573 1923 1656 1964 manu
1672 1907 1732 1976 liei,
1744 1917 1775 1963 ut
1791 1926 1852 1967 nte·

215 1993 385 2043 sanctorum.
398 1989 561 2050 Avertantur
587 2005 742 2064 retrorsum,
757 1998 829 2055 sicut
848 2002 893 2059 illa
915 2003 1007 2070 leam,
1058 2009 1170 2056 reatttur
1186 1999 1212 2056 in
1228 2008 1349 2070 tempore
1363 1999 1528 2056 visitationis
1548 2000 1673 2057 exaltari.

214 2091 278 2147 quae
293 2075 409 2134 ceniusa
420 2088 448 2135 et
462 2081 629 2141 erubescens
641 2085 675 2141 de
687 2088 806 2158 peccatis
818 2090 877 2146 suis
891 2092 1009 2148 accessit
1093 2089 1163 2147 Nota
1178 2090 1286 2147 diversa
1309 2097 1432 2159 tempora
1453 2089 1481 2144 in
1503 2088 1635 2146 Ecclesia.
1654 2088 1748 2146 Primo
1774 2091 1851 2147 enim

215 2175 301 2238 retro,
316 2176 344 2225 et
359 2169 487 2245 lacrymis
500 2171 567 2229 lavit
587 2175 671 2249 pedes
689 2176 773 2243 illius,
789 2196 803 2239 a
823 2194 879 2250 qua
893 2182 951 2252 ipsa
966 2182 1008 2236 ia·
1059 2183 1112 2239 luit
1127 2184 1247 2255 impetus
1263 2181 1484 2255 persequentiam
1501 2189 1692 2254 tyrannoram,
1708 2183 1780 2239 unde
1802 2199 1852 2239 su-

214 2260 528 2335 rartdatutrtttannnx,
539 2262 734 2337 totietatem
747 2270 792 2325 illa
809 2272 1008 2339 hemorroissa,
1058 2291 1107 2348 pra
1130 2275 1188 2333 ait:
1212 2272 1266 2339 Qui
1283 2281 1405 2344 querunt
1427 2273 1545 2328 aninmm
1566 2289 1661 2327 meam.
1685 2271 1764 2328 Nunc
1783 2289 1854 2329 vern

214 2357 393 2434 «inrisionem
400 2371 461 2428 quae
469 2366 615 2428 postquam
631 2359 658 2414 in
674 2360 795 2417 medicos
810 2359 893 2419 lalsos
906 2359 1008 2422 lrustra
1059 2375 1185 2423 cessante
1197 2373 1289 2436 aperta
1303 2364 1493 2435 persecutione
1511 2365 1644 2420 remansit
1655 2363 1854 2421 malevolentia

214 2459 373 2522 erogaverat
386 2467 494 2508 omnent
510 2452 692 2508 substantiam
708 2470 798 2521 suam,
814 2464 908 2526 postca
932 2466 1009 2513 retro
1059 2456 1250 2530 cogitantium.
1287 2454 1364 2511 Unde
1390 2455 1434 2511 irie
1458 2455 1496 2511 ait
1513 2454 1588 2521 :Qui
1608 2455 1709 2523 nolunt,
1725 2457 1782 2512 sive
1796 2457 1850 2526 qui

215 2543 333 2599 accessit
358 2543 392 2599 ad
419 2543 554 2600 medicum
580 2560 686 2611 rerum,
712 2546 853 2618 tetigitque
872 2546 1008 2604 timbriam
1060 2549 1182 2622 cogitant
1203 2549 1268 2609 milri
1289 2548 1373 2604 malo.
1395 2545 1487 2605 item:
1512 2546 1679 2613 Notandum,
1702 2549 1856 2619 quondan

214 2633 371 2690 vestimenti
396 2634 457 2711 ejus
474 2634 585 2707 (ilattlr.
600 2652 658 2703 ιιι,
673 2635 730 2705 aa).
744 2636 802 2698 lul
815 2638 1010 2695 Convertuntur
1060 2651 1126 2699 sunt
1150 2656 1250 2713 genera
1272 2647 1492 2712 persecutorum,
1513 2640 1618 2698 scilieet
1638 2641 1853 2712 vituperantium

216 2734 372 2795 retrorsum,
396 2735 478 2797 prout
500 2727 604 2782 dietum
630 2736 674 2783 est
699 2727 778 2784 Petro
796 2748 803 2785 ι
821 2729 933 2801 Sequere
948 2746 1009 2786 me:
1060 2742 1089 2789 et
1102 2731 1318 2801 adstanteme
1331 2730 1393 2801 plus
1408 2730 1581 2803 persequitur
1597 2730 1689 2803 lingua
1700 2730 1855 2787 arlulatoris

216 2817 265 2875 vet
276 2819 348 2876 sieut
364 2821 556 2885 universaliter
566 2820 669 2878 dietam
683 2828 725 2876 cst
738 2840 744 2876 ε
757 2839 767 2872 ι
783 2820 834 2889 Qui
847 2822 903 2877 vult
915 2821 1010 2878 venire
1061 2839 1144 2897 quam
1159 2823 1267 2894 gladius
1281 2821 1474 2894 persecutoris.
1497 2820 1651 2893 Utrumque
1667 2822 1752 2889 enirn,
1768 2821 1795 2877 id
1808 2832 1855 2878 cst

215 2918 278 2981 post
304 2926 358 2977 me,
388 2911 504 2981 atamen
530 2912 717 2983 semetipsum,
744 2923 772 2968 ct
798 2914 876 2970 tollat
898 2930 1009 2973 erucem
1061 2916 1265 2989 vituperatioet
1291 2914 1435 2986 lausiquis
1455 2915 1584 2986 est,quia
1609 2923 1639 2970 ut
1662 2914 1723 2987 igue
1740 2931 1854 2984 aurern,

215 3018 295 3060 suam
317 3011 345 3059 et
359 3015 491 3076 sequatnr
506 3020 551 3061 me
564 3004 653 3076 (titt,
669 3021 725 3073 rvr,
746 3005 830 3076 ill.»
1023 3027 1045 3087 ρ
1062 3010 1103 3066 sie
1124 3009 1259 3079 vituperio
1282 3016 1309 3062 et
1332 3006 1412 3062 lande
1436 3005 1546 3061 auditor
1565 3005 1707 3076 proluatur.
1724 3004 1772 3060 Est
1785 3021 1856 3077 erqo

250 3095 347 3149 Aliter.
360 3093 554 3150 Convertuntur
567 3105 720 3161 retrorsum,
734 3106 764 3155 at
783 3095 867 3158 Maria
888 3100 915 3155 in
929 3100 1011 3158 horto
1061 3102 1168 3167 beatus,
1181 3099 1228 3171 qui
1245 3114 1280 3153 ne
1295 3098 1377 3168 liujus
1390 3096 1462 3169 ignis
1477 3094 1614 3153 lornaeem
1631 3097 1724 3164 intret,
1738 3097 1854 3156 eraudi·

216 3202 350 3243 conversa
375 3195 418 3243 est
440 3196 602 3253 retrorsum,
627 3195 655 3247 et
676 3187 743 3249 vidit
763 3187 856 3247 lesum
879 3198 1009 3259 ιιιιιιιιιι,
1060 3203 1106 3250 tur
1120 3207 1214 3253 oratis,
1230 3206 1264 3246 ne
1277 3190 1359 3246 intret
1386 3189 1443 3245 sive
1454 3189 1600 3246 inducatur
1614 3188 1641 3244 in
1660 3189 1855 3253 tentationem,

217 3292 300 3353 quem
313 3281 455 3353 putaverat
466 3294 519 3335 non
537 3278 630 3334 vivum
654 3288 738 3346 stare,
753 3280 800 3336 aed
816 3291 956 3340 mortuam
968 3285 1011 3355 ia·
1062 3299 1149 3355 usqne
1166 3283 1234 3339 adeo
1249 3282 1380 3337 liberatus
1392 3296 1408 3335 a
1422 3280 1495 3336 malo
1511 3281 1666 3345 lateatne
1682 3288 1799 3336 tentetur
1821 3281 1854 3337 in

217 3351 468 3425 cere.'olorrtarrtur
484 3379 629 3425 retrorsum
642 3370 788 3441 cogitando
802 3355 861 3428 die's
882 3375 1011 3446 antiquos
1061 3376 1163 3431 talibus
1176 3370 1372 3444 permanendo,
1391 3370 1496 3426 seilicet
1521 3369 1669 3426 immobilis
1688 3370 1760 3425 iuter
1779 3371 1856 3426 ritu-

217 3471 245 3519 et
258 3478 347 3519 atinus
360 3473 488 3532 aeternos,
507 3463 535 3518 in
558 3462 660 3534 quillus
674 3473 732 3520 erat
747 3463 829 3521 lesus
849 3467 1009 3539 priusquam
1060 3473 1188 3538 perantes
1202 3472 1230 3520 et
1243 3462 1396 3529 laudantes,
1414 3477 1470 3517 uon
1489 3460 1585 3517 alienos
1605 3460 1632 3516 in
1652 3460 1769 3516 consilio
1787 3477 1855 3533 pec-

217 3555 323 3612 vcniret
337 3556 364 3610 in
388 3555 533 3624 mundam,
548 3566 576 3612 et
596 3556 696 3624 sciant,
714 3556 779 3628 quia
801 3557 866 3614 illue
887 3560 1011 3615 aseendit
1061 3567 1186 3615 catorum
1201 3571 1250 3612 seu
1264 3553 1425 3611 terrentium
1439 3570 1488 3610 seu
1500 3552 1707 3610 blandientium.
1726 3552 1775 3610 llic
1788 3555 1856 3611 talis

216 3662 344 3718 corpore,
353 3648 400 3703 ulti
414 3656 473 3703 erat
484 3647 578 3719 prius:
596 3647 754 3707 ilivinitate.
765 3648 893 3721 Alioquin
904 3650 1011 3706 dicetur
1060 3649 1139 3722 quasi
1157 3656 1234 3704 entra
1254 3645 1392 3702 lornacem
1412 3662 1468 3702 non
1495 3647 1577 3703 sentit
1599 3646 1757 3718 Babylonici
1779 3647 1854 3718 regis

217 3738 280 3795 eis:
298 3736 387 3796 Nolite
413 3755 457 3796 me
471 3748 593 3813 tangere,
614 3740 736 3803 naiadum
753 3740 826 3795 eninr
848 3741 959 3799 ascendi
977 3742 1011 3797 ad
1061 3741 1151 3813 ignem
1171 3747 1306 3795 arentem.
1332 3735 1386 3792 Sed
1407 3746 1477 3799 esto,
1497 3745 1527 3792 ut
1541 3738 1623 3792 intret
1637 3735 1693 3790 sire
1706 3735 1855 3792 induratur

218 3827 327 3885 Patrem
343 3839 587 3907 mcum,quautum
601 3830 633 3893 ad
646 3831 774 3901 pusillam
787 3830 866 3885 ildetu
879 3841 1010 3900 vestram,
1061 3832 1089 3888 in
1106 3833 1178 3887 lunc
1200 3831 1300 3902 ignem,
1316 3827 1460 3886 sentiendo
1476 3826 1601 3884 uidelicet
1628 3826 1726 3898 lingue
1747 3828 1855 3883 urentis

219 3934 274 3993 qua
297 3935 341 3975 me
363 3930 524 3992 pertractes
548 3921 671 3992 queritis
695 3921 722 3976 in
752 3922 852 3977 lectulo
880 3922 1010 3992 sepulcri,
1061 3922 1230 3989 incendium,
1245 3922 1311 3976 dura
1338 3920 1419 3976 laude
1440 3934 1487 3975 seu
1504 3918 1639 3989 vituperio
1652 3926 1786 3985 tentatur,
1801 3934 1854 3975 ea·

218 4012 267 4085 qui
282 4027 354 4069 nunc
367 4015 507 4085 ingressus
522 4014 652 4085 palatium
664 4015 739 4087 requi
751 4014 804 4070 mei
816 4031 871 4071 ιιοιι
885 4016 921 4070 ita
936 4016 1011 4072 clau·
1061 4022 1123 4073 veat
1137 4023 1228 4077 mmen
1243 4014 1375 4109 alterutro
1389 4011 1430 4070 sie
1451 4009 1523 4067 flecti
1538 4020 1586 4067 aut
1605 4009 1704 4081 frangi,
1717 4018 1747 4064 nt
1767 4025 1783 4063 a
1803 4024 1854 4110 ve·

219 4104 270 4161 dor
286 4104 413 4176 angustia
433 4105 515 4162 unius
529 4106 592 4173 loci,
605 4117 636 4163 ut
654 4121 708 4161 non
720 4107 824 4177 possim
837 4107 938 4179 pariter
950 4122 1012 4167 esse
1061 4107 1152 4171 nitatis
1169 4116 1196 4163 et
1208 4103 1324 4176 justitiae
1338 4101 1500 4163 rectitudine
1515 4101 1641 4167 declinet,
1654 4101 1784 4162 lenaeum
1799 4108 1853 4153 trr-

219 4195 247 4256 in
263 4195 371 4252 eoeloet
383 4194 410 4249 iu
431 4205 502 4251 terra
516 4196 600 4252 etiam
613 4197 750 4267 corporali
762 4198 917 4268 praesentia,
929 4205 1013 4270 prout
1060 4203 1113 4265 ltus
1134 4199 1226 4272 pueris
1254 4198 1281 4252 in
1301 4195 1391 4252 medio
1414 4195 1534 4252 iorrraeis
1562 4193 1647 4252 Deam
1670 4193 1806 4263 laudando
1822 4202 1855 4253 et

219 4287 344 4361 exposcit
366 4288 442 4345 salas
464 4304 560 4345 eornm
591 4305 641 4362 pro
658 4291 760 4362 quibus
773 4290 932 4347 humanitas
950 4305 1011 4346 mea
1062 4292 1165 4351 orariola
1191 4288 1277 4360 ipsius
1302 4286 1409 4342 inrorat
1434 4284 1578 4351 auxilium,
1604 4285 1706 4355 etipse
1727 4283 1854 4345 lacietci

220 4383 249 4447 iu
266 4380 416 4446 divinitatis
428 4397 494 4436 meae
508 4397 652 4452 personam
670 4390 803 4452 conceptu
830 4382 955 4455 virginali
968 4391 1012 4438 est
1027 4375 1049 4431 l)
1063 4382 1183 4439 medium
1195 4377 1520 4451 tornacisquasirentum
1535 4378 1606 4433 10111
1616 4376 1736 4432 1111111111·
1750 4374 1854 4435 Tactus

220 4478 372 4541 assumpta,
386 4484 501 4541 qunque
517 4485 590 4524 nunc
601 4484 649 4539 per
663 4469 777 4541 gloriam
797 4470 1010 4535 resurrectionis
1062 4476 1114 4533 troc
1130 4475 1193 4547 ique
1208 4490 1256 4530 rex
1268 4471 1399 4538 ilerudes,
1411 4487 1474 4532 curn
1500 4470 1616 4543 populus
1637 4469 1662 4525 ei
1687 4472 1854 4535 acclamaret

219 4562 248 4629 in
272 4563 396 4634 ejusdem
417 4560 567 4623 diuinitatis
586 4561 701 4633 gloriam
718 4569 759 4618 est
778 4570 929 4633 assumpta.
942 4561 1011 4620 ilinc
1061 4566 1156 4624 laudes
1175 4564 1349 4631 moderatas,
1372 4576 1427 4620 non
1450 4562 1526 4618 dedit*
1552 4561 1684 4617 honorem
1714 4559 1792 4628 ileo,
1820 4576 1854 4619 se

219 4664 262 4711 est
281 4656 325 4715 illa
349 4653 437 4726 pluria
456 4654 538 4713 eliam
559 4652 668 4724 corpori
695 4668 767 4715 meo,
791 4661 822 4707 ut
838 4663 1010 4725 assumptum
1061 4660 1163 4732 patius,
1171 4672 1252 4728 qnam
1266 4655 1350 4721 Deam
1358 4655 1464 4717 laudari
1475 4654 1633 4711 delectabile
1643 4654 1757 4711 balens.
1773 4652 1853 4711 Unde

219 4747 248 4799 in
263 4747 363 4803 eoelutn
380 4762 430 4802 nec
445 4745 574 4803 deserens
588 4745 708 4807 caelestia
721 4746 834 4818 impleat
848 4748 943 4807 altaria
956 4759 1011 4804 ter·
1061 4765 1210 4824 percussus
1234 4749 1269 4805 alr
1287 4747 1385 4820 anqelo
1405 4745 1582 4820 computruit,
1606 4754 1634 4801 et
1653 4755 1761 4811 scatens
1789 4761 1852 4801 vem

220 4835 354 4891 1111111111
364 4835 606 4908 101111111ιιῑιιιιι
616 4837 709 4893 orbern
725 4847 805 4899 terrm
818 4838 941 4897 dilatata.
956 4840 1008 4908 Qui
1061 4846 1152 4902 unibus
1167 4840 1325 4914 exspiravit.
1338 4839 1514 4899 Periculosae
1527 4854 1593 4908 maa
1605 4847 1647 4897 cst
1662 4839 1732 4910 ignis
1751 4839 1852 4910 linquae

218 4926 337 4999 ergoita
354 4928 572 4997 neqnaernutn
589 4929 813 4999 sepulcressnins
830 4929 894 4996 loti,
911 4940 1010 4986 utnon
1061 4935 1241 5006 vituperantis
1260 4946 1337 4987 more
1362 4929 1491 4997 illorum,
1521 4931 1566 5001 qui
1589 4938 1710 4998 querum
1732 4930 1850 4984 animans

219 5018 323 5092 possim
335 5031 389 5074 anu
399 5016 1009 5091 eodemquetempurepluriltasiulpciaetiam
1062 5045 1157 5095 mem,
1171 5028 1217 5099 qui
1231 5025 1332 5091 solunt,
1346 5031 1374 5080 et
1395 5025 1518 5096 cogitant
1531 5020 1595 5076 milti
1617 5018 1700 5077 mala.

219 5111 398 5184 corporaliter
407 5108 575 5181 presentari,
588 5120 742 5166 avertantur
754 5123 943 5183 retrorsnor,et
954 5115 1011 5171 dis·
1098 5120 1150 5177 Sed
1164 5121 1245 5192 longe
1259 5117 1439 5191 periculosior
1453 5123 1496 5173 est
1509 5115 1579 5186 ipsuis
1601 5114 1700 5184 linqua
1712 5110 1851 5165 adulantis

219 5215 293 5274 cant,
305 5220 349 5260 me
368 5204 493 5271 docente,
508 5202 572 5274 quia
587 5205 707 5260 nondam
723 5205 776 5262 illis
787 5207 896 5264 ascendi
908 5208 943 5264 ad
956 5207 1010 5268 va·
1062 5228 1139 5269 more
1155 5212 1275 5273 iliorum,
1297 5209 1343 5281 qui
1359 5207 1454 5265 dicunt
1472 5207 1558 5261 milri:
1580 5204 1662 5276 Euae,
1682 5218 1756 5272 11111·
1770 5199 1851 5256 [1111111

218 5305 289 5365 trem
301 5295 514 5356 menml'adant
526 5297 650 5354 etiamad
663 5297 759 5354 iratres
772 5314 847 5355 meos
865 5310 892 5356 et
905 5300 1012 5355 discant
1062 5312 1157 5361 eontra
1184 5302 1246 5357 illos
1269 5316 1373 5366 orans,
1397 5300 1441 5370 qui
1466 5305 1589 5374 querunt
1613 5296 1730 5350 airinom
1752 5308 1849 5356 msam,

219 5392 255 5447 alt
269 5393 320 5457 eis,
332 5392 398 5464 quid
412 5391 469 5449 sit:
485 5390 630 5448 nascendo
641 5391 675 5448 ad
690 5390 798 5448 Patrem
810 5407 901 5448 meum
916 5401 943 5447 et
957 5390 1011 5447 Pa·
1062 5395 1120 5453 sive
1134 5392 1180 5465 qul
1198 5391 1286 5447 10111111
1296 5399 1324 5448 el
1337 5388 1458 5459 1118111111
1472 5387 1536 5443 1111111
1561 5386 1633 5440 11111111
1651 5385 1706 5439 dili
1722 5383 1847 5454 ll1131¹⁶¹¹¹³

220 5492 289 5539 trem
299 5494 432 5551 vestrum,
450 5484 535 5541 licum
559 5499 660 5550 meum,
678 5493 705 5541 et
719 5482 937 5540 [leumvestrttnt
949 5480 1011 5554 (lod
1063 5482 1268 5553 Certlnrrtiantur
1288 5490 1314 5536 et
1340 5486 1515 5545 reserrentur,
1528 5486 1682 5532 avertentur
1695 5485 1847 5578 retrorsum,

219 5592 268 5642 va,
282 5577 359 5646 iil.»
376 5576 481 5649 Nempe
493 5593 547 5636 non
561 5576 634 5633 aliud
651 5586 694 5632 est
706 5575 809 5632 inomini
822 5582 964 5645 assumpto
984 5574 1011 5630 in
1063 5576 1110 5633 sed
1130 5589 1185 5631 non
1212 5572 1364 5645 interposui
1388 5573 1489 5663 statim·
1505 5571 1635 5643 quoniam
1657 5568 1728 5624 iuter
1742 5575 1850 5669 vrtnpe·

265 5668 385 5737 'Filiam
405 5669 432 5737 id
447 5677 537 5728 estut
562 5668 598 5734 sit
621 5669 667 5737 ilci
689 5666 784 5735 Filius,
811 5667 958 5735 ascendere
978 5666 1012 5722 ad
1064 5675 1156 5736 rantes
1177 5666 1322 5733 aliquoties
1346 5672 1487 5730 exercetur
1512 5661 1657 5739 patientia,
1693 5664 1849 5730 repr-unum·
