3892 6067
145 27 148 32 .
201 0 240 32 {W

179 111 257 162 reret
276 101 342 170 lieo,
357 98 468 156 undem
479 92 629 160 convaluit,
643 89 795 162 petivitque
809 97 968 146 sanctornm
984 85 1133 150 remandat
1155 91 1185 140 et
1207 81 1332 154 precipit
1353 81 1440 139 abbas
1460 94 1510 152 per
1535 77 1623 150 ipsam
1649 78 1813 135 ddebtaoexn

180 195 311 267 suffragia
331 193 359 247 in
373 188 495 247 oraturio
516 184 607 241 Beata
618 193 646 239 et
660 183 831 238 intemeratae
843 180 968 251 Virginis
1020 193 1104 249 qoam
1117 176 1171 234 sibi
1183 175 1309 247 jurastis,
1322 184 1351 232 et
1362 175 1414 231 sibi
1428 173 1545 240 debetis,
1560 183 1591 228 ut
1601 171 1764 229 recedentes
1777 173 1815 227 ab

180 277 274 346 llaiie
290 282 363 354 apud
382 278 530 335 Anieinum
545 277 642 332 urbem
664 274 879 330 iaiiarensium.
904 270 970 329 lude
1020 268 1074 324 boc
1082 266 1370 339 tyrannnquantocius
1380 266 1414 322 ad
1423 265 1499 321 ilium
1509 264 1658 330 veniebam
1674 272 1705 321 et
1717 267 1815 321 statim

181 385 435 442 resersuscurpore
453 368 563 441 quidem
579 367 614 423 ad
631 366 759 437 patriam,
772 363 970 420 animantem
1020 366 1166 415 venerunt.
1185 356 1220 413 lit
1242 372 1305 415 cum
1318 358 1354 415 de
1365 355 1518 428 quaestione
1536 356 1648 413 comitis
1660 355 1729 412 irinc
1746 356 1816 412 iude

182 469 218 526 ad
234 468 352 524 inditum
367 464 420 519 sibi
444 461 538 517 odittm
561 457 701 515 Guiiieimi
723 454 831 512 abbatis
857 453 971 509 vizelia·
1021 450 1107 506 multa
1131 447 1298 514 conterrent,
1321 456 1487 521 rogaverunt
1504 447 1658 519 burgenses
1671 447 1816 513 abbatem,

180 557 284 622 censis,
311 552 552 611 mandaviteidetu
571 558 603 605 ut
620 548 674 604 sibi
697 547 835 619 justitiam
857 546 892 601 de
914 560 970 601 non
1021 551 1159 614 quatenus
1182 544 1210 599 in
1228 551 1303 599 tanta
1318 541 1481 599 necessitate
1495 539 1549 597 sibi
1567 549 1595 597 ct
1608 539 1662 598 iliis
1681 540 1818 597 cousule-

180 649 305 709 exbibito
329 646 382 704 sibi
400 645 533 702 salinario
559 649 758 713 exsequeretur
774 639 802 694 in
824 637 970 710 presentia
1021 644 1074 702 ret,
1091 645 1254 707 tempusque
1267 635 1426 700 redimeret,
1448 633 1586 704 recipiens
1598 633 1672 690 ιιιθιιι
1696 632 1817 689 comitis

181 759 243 807 sua,
258 739 400 812 etjudicie
414 737 499 793 curie
519 749 576 791 stuc
587 732 714 788 liivernis
728 739 824 788 staret.
843 730 970 800 Respon-
1022 726 1075 782 sub
1088 728 1133 784 tali
1147 726 1314 793 conditione,
1329 735 1359 781 ut
1369 725 1398 781 in
1411 739 1447 781 eo
1464 732 1569 780 mntem
1583 723 1678 780 comiti
1697 722 1817 790 laem-et,

181 834 222 890 dit
235 832 339 888 abbas:
357 846 368 881 ι
390 825 540 898 Sperabam
558 822 658 881 iecisse
673 837 718 877 me
734 835 830 892 pacem
845 835 907 875 cum
921 833 970 875 cu·
1021 826 1156 889 quantum
1174 818 1298 874 deberet.
1319 817 1464 889 nequirent
1480 816 1567 873 abbas
1589 831 1703 872 suorum
1719 817 1813 874 comm

181 926 249 979 mite
267 922 302 978 de
318 919 448 977 omnibus
461 916 582 989 querelis
598 911 726 984 praeteriti
751 909 883 980 temporis
901 927 908 963 ε
925 924 973 964 ve·
1021 910 1078 977 liis,
1101 909 1295 980 mandavitque
1321 908 1417 968 comiti
1441 908 1561 965 dicens:
1588 926 1599 961 ι
1620 907 1761 976 Quoniam
1779 923 1818 964 ex

181 1022 338 1070 rumtamen
353 1010 417 1081 quia
429 1025 480 1081 ego
502 1008 591 1074 rudis,
611 1015 640 1062 et
660 1003 695 1059 de
709 1002 793 1072 buius
812 1002 972 1057 monasterii
1022 1000 1173 1072 inproviso
1188 999 1331 1071 tyrannice
1352 999 1477 1056 invasisti
1492 999 1606 1055 domum
1624 1015 1727 1069 meam,
1748 1001 1818 1058 licet

182 1103 429 1163 consuctudinibus
450 1101 572 1156 nondum
593 1098 673 1169 piene
694 1095 847 1151 instructus
865 1094 970 1157 videor,
1022 1092 1137 1147 omnino
1160 1091 1295 1162 injustum
1307 1092 1344 1148 sit
1360 1091 1433 1162 quod
1451 1091 1549 1161 exigis,
1570 1093 1691 1163 suscipio
1718 1103 1816 1152 tamea

182 1198 281 1269 loquar
292 1211 356 1253 cum
369 1193 522 1264 majoribus
535 1200 602 1245 natu
613 1188 684 1242 viliae
696 1186 790 1256 ivtrjus,
801 1194 829 1241 et
841 1200 904 1241 curu
920 1201 973 1240 cre·
1022 1180 1095 1236 dicut
1118 1191 1196 1237 tuum
1222 1181 1296 1237 sicut
1320 1181 1484 1237 violentiam
1504 1197 1614 1253 passus,
1638 1182 1816 1254 assignatam

182 1289 250 1346 teris
267 1286 449 1358 sapientibus,
472 1291 500 1339 et
524 1281 674 1337 secvtndum
699 1277 844 1334 consilium
864 1276 973 1332 coelitus
1022 1272 1095 1343 apud
1106 1271 1329 1336 ditissiodorum,
1341 1281 1447 1329 mutum
1458 1272 1559 1328 ibidem
1575 1270 1698 1327 iacturas
1726 1286 1819 1343 quan·

183 1377 264 1433 nobis
277 1375 410 1431 indultum
425 1389 474 1444 per
484 1372 611 1444 proprios
621 1368 715 1426 comiti
727 1367 839 1423 nuntios
856 1381 972 1437 respon·
1023 1362 1195 1419 tondehere
1206 1376 1252 1419 me
1263 1363 1397 1434 probabo.
1413 1382 1424 1417 ι
1445 1361 1576 1419 Protinus
1588 1376 1682 1419 comae
1694 1361 1819 1419 irustra-

182 1467 264 1525 debo.
282 1484 293 1519 r
312 1465 372 1521 stro
392 1474 483 1520 autem
505 1463 540 1518 de
562 1456 827 1529 Merite-Guaiguerii
842 1456 878 1522 tis
897 1455 969 1512 eninr
987 1438 1067 1509 ntus
1078 1467 1094 1509 a
1105 1452 1247 1525 proposito
1258 1457 1450 1525 (proposuerat
1461 1468 1581 1523 namque
1593 1454 1641 1510 tali
1653 1454 1817 1511 conditione

183 1558 338 1629 injunctum
365 1556 418 1612 sibi
434 1554 559 1612 nuntium
583 1549 747 1623 perferebat)
770 1547 841 1604 dixit
858 1546 971 1603 abbatie
1023 1540 1189 1600 vizeliacum
1203 1557 1254 1599 suu
1266 1544 1422 1614 mancipare
1436 1544 1570 1617 dominio)
1581 1545 1698 1602 collecto
1708 1544 1817 1616 impetu

187 1666 198 1701 ι
222 1646 253 1703 Si
273 1648 363 1718 piacet
377 1646 450 1702 diem
468 1645 579 1700 comitis
599 1658 616 1698 a
637 1657 682 1697 me
697 1640 745 1695 tibi
764 1639 972 1696 denominatum
1023 1633 1143 1690 vesanie
1167 1649 1225 1690 sue
1251 1635 1375 1692 recessit.
1400 1634 1522 1692 instante
1545 1644 1637 1692 autent
1653 1636 1711 1704 die,
1737 1639 1817 1694 misit

184 1753 336 1808 rumpere,
348 1737 433 1803 bene;
448 1737 490 1790 ain
514 1744 618 1800 auum,
635 1747 730 1790 comes
749 1731 832 1787 laciet
851 1730 924 1786 sicut
938 1730 975 1786 de
1023 1725 1109 1782 abbas
1120 1725 1155 1781 ad
1168 1726 1297 1783 comitem
1316 1726 1436 1784 [lesesire
1454 1727 1575 1798 majores
1595 1727 1720 1785 eeclesiae
1743 1745 1816 1796 sue

185 1837 283 1900 negata
295 1827 375 1884 sibia
392 1836 418 1881 te
429 1825 571 1896 justitia.»
588 1824 635 1881 Sic
648 1824 709 1879 abo
721 1823 846 1889 recessit,
859 1830 885 1877 et
901 1820 975 1892 pejo-
1024 1812 1149 1873 Gilouem
1163 1826 1229 1874 tunc
1251 1818 1384 1889 priorem,
1401 1817 1610 1875 etGauiredum
1631 1819 1816 1892 Angligenam

183 1918 308 1976 radietis
319 1917 412 1976 comiti
427 1916 530 1973 retulit.
545 1916 638 1972 dbbus
654 1930 720 1970 rere
732 1913 796 1970 iniit
814 1913 973 1981 consilium,
1024 1906 1212 1978 superiorem,
1239 1917 1322 1978 atque
1347 1907 1529 1965 Gisiebertum
1554 1911 1817 1984 eleemosynarium.

184 2010 315 2080 misitque
328 2008 441 2064 nunties
454 2007 502 2079 qui
520 2006 555 2062 ad
579 2007 637 2063 uec
652 2005 734 2062 verba
758 2006 972 2075 responderent;
1024 1995 1131 2064 Quibus
1146 1997 1271 2055 illedixit
1283 2007 1311 2054 ut
1325 2013 1355 2055 se
1367 2009 1547 2071 sequerentur
1559 1999 1699 2070 Nivcrnis,
1712 2003 1816 2061 bion

183 2101 234 2171 qui
245 2108 344 2156 euntes
358 2105 540 2156 occurrerunt
560 2097 724 2153 satellitibus
746 2095 868 2163 comitis,
884 2096 976 2152 domi-
1023 2103 1073 2145 eos
1085 2090 1242 2147 auditurus.
1257 2088 1406 2158 Quodnam
1422 2090 1561 2162 iecissent,
1571 2107 1606 2150 ex
1618 2096 1817 2165 parteabiratia

184 2205 251 2246 num
265 2204 348 2246 suum
362 2203 426 2244 cum
445 2187 532 2243 multa
549 2186 662 2242 vesania
684 2185 838 2241 venientem
857 2182 972 2239 Viaelia·
1025 2180 1253 2236 renuntiaverunt
1262 2181 1289 2236 ei
1303 2181 1377 2237 diem
1392 2182 1572 2252 assignatam,
1586 2195 1719 2257 rogantes
1731 2197 1764 2244 ut
1776 2189 1818 2244 at-

184 2295 248 2338 curu
268 2278 465 2350 praeeuntibus.
493 2275 527 2332 lit
550 2276 643 2333 subito
660 2284 795 2349 tyrannus
818 2274 975 2345 irrumpens
1025 2278 1112 2326 teram
1129 2272 1317 2343 propinquiori
1334 2273 1397 2328 ioco
1413 2274 1577 2345 assignaret.
1601 2275 1747 2335 Rcuuente
1766 2279 1818 2336 illo
1907 2337 1908 2340 ,

183 2372 213 2429 in
231 2369 439 2437 monasterium,
456 2368 557 2425 invasit
569 2366 691 2424 officinas
702 2366 874 2433 monasterii,
886 2365 977 2421 misit·
1025 2362 1078 2418 diei
1091 2364 1323 2420 renuntiationem
1346 2365 1390 2421 vei
1412 2368 1656 2424 commutationem
1673 2371 1816 2442 suscipere
1907 2363 1908 2374 ¹

183 2476 239 2534 que
256 2462 382 2532 protinus
394 2474 537 2532 precones
551 2472 720 2530 peromnem
739 2458 832 2514 viliam
845 2456 976 2513 lizeiiaei
1025 2453 1159 2523 autdare,
1172 2455 1398 2512 subintulerunt:
1419 2474 1429 2509 r
1447 2455 1582 2516 Dominus
1595 2460 1683 2518 mbae
1698 2459 1818 2520 viselia-

184 2557 213 2605 et
225 2549 336 2607 Emonii
346 2560 375 2606 et
384 2548 479 2607 Sancti
492 2548 577 2617 Petri,
590 2547 725 2605 mandans
743 2546 873 2604 omnibus
885 2545 976 2603 homi·
1025 2545 1116 2602 censis
1137 2545 1187 2602 tibi
1211 2549 1359 2619 respondet
1372 2563 1421 2619 per
1436 2562 1499 2618 nos,
1519 2552 1594 2622 qued
1620 2554 1753 2610 mandatu
1768 2563 1817 2611 tuo

185 2641 269 2697 nibus
289 2639 464 2708 monasterii,
490 2648 520 2696 ut
541 2639 644 2710 pariter
654 2637 810 2708 congregati
824 2636 977 2708 praesentim
1026 2645 1100 2693 stare
1113 2637 1188 2693 nullo
1199 2647 1323 2695 teneatur
1330 2639 1403 2709 jure,
1412 2649 1441 2698 et
1454 2643 1479 2701 si
1491 2644 1583 2701 denuo
1592 2659 1641 2714 per
1654 2646 1816 2704 albienum

185 2745 244 2790 ωε
256 2731 285 2788 iu
304 2734 458 2788 erastinum
472 2738 605 2787 astarent.
629 2729 665 2786 At
686 2728 726 2784 iiii
737 2727 903 2785 unanimiter
916 2743 977 2783 oru-
1026 2728 1147 2785 volucris
1160 2730 1237 2785 ilium
1262 2730 1387 2804 iatigarc,
1401 2733 1461 2805 ipae
1475 2742 1502 2791 te
1514 2735 1634 2806 appellat
1650 2736 1686 2793 ad
1700 2739 1818 2795 audien-

185 2824 408 2897 neemandatutn
421 2821 481 2893 ejus
495 2827 734 2892 contempserunt.
756 2818 835 2875 Tunc
849 2818 976 2874 iileiuria
1027 2817 1093 2874 tiam
1109 2821 1300 2890 apostolicum,
1313 2820 1349 2877 ad
1366 2838 1450 2893 quam
1473 2825 1626 2881 dominium
1643 2826 1817 2884 vizeliacen-
1907 2861 1908 2884 1

185 2914 417 2972 invectuscoutra
429 2928 533 2969 morem
542 2913 635 2985 oppidi
646 2912 766 2969 clamare
774 2909 839 2966 iecit
848 2926 897 2982 per
907 2926 977 2980 prue-
1026 2907 1065 2964 sis
1082 2911 1242 2967 monasterii
1268 2912 1379 2982 proprie
1406 2920 1521 2984 spectat,
1537 2923 1566 2971 et
1581 2914 1616 2971 ad
1644 2915 1815 2975 audientiam

184 3017 284 3064 eonem
311 3021 405 3073 suum,
433 3006 507 3076 quud
533 3006 624 3061 omnis
640 3004 689 3076 qui
716 3014 779 3060 ante
798 3012 976 3074 conspectum
1024 2998 1130 3056 domini
1140 3000 1222 3073 regis,
1235 3002 1287 3058 sub
1296 3002 1377 3074 culus
1389 3004 1557 3073 protectione
1566 3012 1594 3060 et
1605 3004 1731 3062 custodia
1743 3007 1817 3064 idem

185 3114 269 3155 suurn
290 3114 345 3155 non
359 3097 477 3165 veniret,
501 3097 629 3154 inventos
652 3096 748 3168 procui
767 3094 850 3151 dubio
866 3110 982 3164 capere
1025 3093 1224 3149 mutuasteriunr
1237 3094 1817 3170 consistit,assignatquetibidieminpre·

185 3196 242 3254 tar,
256 3196 284 3245 et
306 3189 405 3245 domus
427 3190 501 3246 iilius
516 3187 712 3260 publicaretur.
728 3188 789 3253 Quo
803 3186 898 3242 audito
921 3196 978 3241 stu·
1025 3184 1114 3241 sentia
1128 3199 1205 3255 pape
1216 3184 1406 3243 Alexandriin
1427 3185 1539 3246 Octavio
1558 3188 1688 3259 Pasebe;
1704 3190 1816 3248 interim

185 3279 286 3353 peiacti
301 3291 368 3336 sunt
384 3288 531 3345 omnes,et
545 3279 640 3349 piures
659 3292 717 3348 prae
735 3277 834 3333 umore
851 3291 978 3334 accesse-
1025 3293 1056 3336 ae
1078 3293 1184 3350 suaque
1205 3277 1234 3333 in
1257 3293 1342 3334 manu
1365 3280 1518 3351 apostolici,
1540 3289 1571 3338 et
1591 3281 1620 3337 ln
1636 3297 1723 3338 manu
1743 3284 1816 3356 regix

186 3381 250 3428 runt
270 3371 304 3427 ad
319 3386 401 3440 eumq
416 3371 517 3443 quibus
531 3369 686 3426 astantibus
699 3368 789 3425 dixit:
805 3386 817 3423 ι
836 3366 975 3436 Quoniam
1025 3371 1210 3427 committens.
1231 3388 1242 3424 r
1265 3368 1299 3424 Et
1314 3385 1377 3427 cunr
1390 3373 1449 3429 bace
1460 3372 1604 3441 dixissent,
1619 3373 1817 3447 licentiamque

186 3465 297 3537 negarit
313 3463 381 3521 mibi
402 3464 488 3520 abbas
498 3462 645 3535 justitiam,
666 3461 794 3518 inrestivi
809 3464 897 3520 mede
912 3463 977 3535 iure
1027 3463 1158 3520 redeundi
1180 3464 1217 3520 alt
1229 3477 1263 3520 co
1274 3464 1419 3534 petiissent
1437 3479 1488 3520 nec
1500 3464 1695 3536 impetrassent
1709 3469 1816 3538 praeni-

186 3573 272 3614 uteo:
294 3557 357 3613 velo
379 3554 473 3628 itaque
489 3561 521 3612 ut
543 3554 672 3625 abiurato
695 3553 795 3611 abbate
817 3553 976 3613 iidelitatem
1027 3554 1083 3610 mia
1105 3554 1157 3622 ira,
1172 3554 1315 3626 paululum
1330 3555 1446 3627 digressi
1460 3556 1563 3611 reversi
1578 3568 1643 3613 sunt
1667 3557 1703 3614 ad
1719 3558 1816 3631 bospi-

187 3649 254 3706 utibi
267 3648 386 3718 lanatis,
399 3658 427 3705 et
437 3649 537 3704 amodo
549 3646 642 3704 abbati
656 3656 705 3704 aut
715 3646 859 3703 monacbis
872 3647 977 3704 nullam
1026 3648 1095 3704 tium
1115 3662 1196 3703 suum
1210 3648 1238 3703 in
1254 3649 1452 3706 monasterium
1471 3645 1566 3706 Sancti
1579 3648 1723 3722 Stephani,
1739 3654 1815 3722 quod

187 3740 411 3799 musnetuutnem
434 3740 642 3812 persolvatis.»
673 3737 716 3793 rid
740 3738 799 3794 bac
821 3739 976 3811 burgenses
1026 3738 1185 3812 covttiguum
1200 3739 1339 3798 esteitleut
1353 3739 1427 3808 urbi,
1442 3740 1604 3798 simulantes
1614 3742 1696 3812 quasi
1708 3743 1737 3799 in
1752 3759 1816 3799 era·

185 3833 410 3904 responderuntt
433 3830 517 3888 «Nus
534 3831 690 3906 iidelitatem
711 3829 867 3901 juravimus
884 3830 976 3887 abbati
1026 3834 1129 3890 sunum
1156 3832 1191 3889 ad
1210 3832 1315 3890 curiam
1337 3832 1446 3889 comitis
1467 3842 1560 3890 esseut
1583 3834 1708 3891 redituri.
1727 3833 1815 3892 Necte

185 3935 213 3982 et
223 3917 370 3994 Ecclesiae3
384 3926 518 3997 injustum
531 3939 597 3996 ergo
611 3934 640 3981 et
661 3924 854 3995 turpissimum
867 3924 977 3982 videtur
1027 3941 1091 3982 vero
1104 3927 1265 3984 conscensis
1279 3926 1359 3997 equis
1374 3924 1540 3982 vizeliacum
1555 3925 1705 3983 redierunt.
1720 3925 1815 3986 Abbae

185 4018 290 4088 absque
304 4033 389 4073 causa
410 4026 544 4087 quantum
559 4015 595 4071 ad
614 4030 665 4071 nos
679 4015 820 4086 pejerare3
837 4014 910 4072 unde
925 4030 975 4087 pe-
1025 4027 1117 4075 autem
1128 4018 1270 4075 declinans
1283 4015 1404 4074 iurorem
1418 4017 1583 4076 insanientis
1603 4017 1724 4086 comitis,
1744 4019 1815 4075 abiit

185 4107 297 4164 timusa
312 4116 339 4163 te
352 4108 410 4164 dari
425 4108 505 4164 nobis
526 4107 653 4163 inducias
666 4115 697 4162 ut
715 4122 779 4163 cum
793 4106 906 4164 domino
924 4119 975 4163 no-
988 4113 1012 4171 lt
1025 4109 1053 4165 ln
1065 4107 1221 4166 Franciam.

185 4206 245 4254 stro
253 4198 411 4270 loquamur,
427 4208 455 4254 et
469 4213 552 4269 super
564 4198 622 4254 baec
634 4197 718 4254 rerba
734 4198 813 4255 illurn
823 4198 974 4255 convenia·
1060 4200 1154 4256 arms
1175 4214 1240 4256 reru
1262 4199 1330 4256 abiit
1344 4199 1379 4255 ad
1392 4199 1579 4258 Alexandrum
1600 4215 1710 4274 papam,
1725 4202 1814 4274 signi-

185 4305 258 4346 mus.
274 4307 356 4343 r-‹
372 4289 476 4346 l'raesto
489 4298 542 4358 est,
557 4290 605 4358 ait,
623 4290 863 4358 dominusnester,
877 4300 905 4347 et
918 4292 974 4347 cito
1023 4292 1146 4350 ilcansei
1161 4292 1279 4363 qualiter
1296 4301 1324 4349 et
1337 4308 1420 4364 quarn
1445 4294 1548 4365 injuste
1570 4295 1628 4367 ipse
1646 4307 1674 4352 et
1694 4296 1813 4355 ecelem’a

185 4380 311 4452 poteritis
335 4380 361 4436 ei
389 4380 475 4452 ioqui.
500 4398 564 4433 r-
584 4397 595 4431 ι
613 4377 745 4435 Permitte
759 4394 812 4436 uos
834 4395 911 4450 ergo,
930 4379 974 4436 ln·
1027 4382 1219 4442 vizeliacensis
1236 4400 1253 4441 a
1270 4387 1371 4443 comite
1388 4395 1560 4462 gravaretur.
1585 4386 1651 4445 inde
1671 4388 1814 4460 proiectas

185 4473 295 4544 quiunt,
312 4473 353 4528 ire
374 4472 409 4528 ad
427 4487 503 4529 eum.
521 4491 532 4527 ι
557 4470 664 4540 Quibus
680 4471 727 4528 iile
746 4472 859 4529 dixitzv
877 4471 975 4545 Eligite
1022 4477 1111 4534 estad
1128 4492 1230 4550 regern,
1243 4487 1411 4550 conquestus
1427 4479 1581 4537 inauribus
1600 4480 1661 4551 ejus
1676 4482 1815 4551 superis·

185 4576 219 4617 ex
233 4564 313 4620 vobis
331 4564 402 4620 dues
418 4565 461 4620 rei
477 4575 533 4620 tres
545 4564 593 4636 qui
611 4562 703 4619 airbati
714 4562 828 4619 verbum
838 4571 972 4633 vestrum,
997 4567 1003 4578 '
1021 4568 1254 4641 justa'vexatione
1265 4586 1320 4642 qna
1333 4571 1509 4642 premebatur
1521 4586 1538 4628 a
1552 4572 1654 4629 comite
1666 4589 1676 4641 ;
1689 4572 1739 4643 qai
1751 4588 1812 4629 mn·

184 4661 214 4710 et
227 4653 306 4710 vobis
317 4654 390 4711 iliius
403 4670 566 4725 responsum
578 4653 726 4725 perierant.
748 4671 759 4708 r
1024 4670 1069 4718 tus
1082 4669 1138 4717 tatu
1154 4663 1347 4733 compassione
1359 4663 1563 4733 conquerentis,
1584 4679 1667 4735 quarn
1688 4677 1812 4722 comm

221 4748 348 4807 Surrexit
361 4746 599 4820 igitorSintonde
613 4748 774 4816 silviniaco,
787 4745 975 4805 etllnrannus
1023 4753 1129 4809 uitione
1154 4751 1303 4810 Alexandri
1324 4768 1418 4825 pape,
1448 4753 1590 4810 mandavit
1617 4754 1714 4812 comiti
1738 4757 1812 4814 dic·

183 4840 300 4914 utiq,
314 4841 362 4912 qui
388 4839 498 4896 sumitis
513 4839 646 4909 impietati
672 4840 809 4910 precipue
834 4837 974 4907 iacebant,
1023 4843 1154 4915 colloquii
1180 4845 1210 4900 in
1225 4845 1294 4902 urbe
1307 4842 1459 4901 Senonum.
1481 4841 1543 4910 Qun
1563 4846 1693 4918 utrinque
1707 4860 1809 4903 conve»

184 4944 374 5006 veneruntque
387 4949 451 4991 cum
468 4932 564 5004 paucis
579 4940 644 4988 ante
656 4932 793 4997 abbatem,
815 4940 842 4987 et
854 4933 975 4988 innotuit
1024 4933 1142 5003 nientes,
1158 4942 1187 4992 et
1199 4935 1278 5007 plura
1291 4933 1356 4991 binc
1378 4934 1441 4990 inde
1460 4936 1654 5006 conquerendo
1665 4935 1804 4993 conierere

184 5038 276 5081 sermo
289 5023 392 5091 abbati,
414 5022 489 5095 quod
507 5036 601 5078 comcs
618 5021 783 5080 detinuisset
803 5037 882 5091 suus,
894 5038 928 5078 ne
939 5024 973 5079 ad
1025 5021 1156 5094 tes,'cum
1182 5027 1258 5099 pacis
1271 5025 1384 5095 vestigia
1401 5025 1476 5082 nulia
1489 5035 1625 5097 paterent,
1641 5028 1806 5084 taudemre

183 5131 214 5174 se
226 5117 359 5174 venirent.
383 5116 457 5172 illice
473 5114 581 5171 vocavit
595 5112 731 5171 loannem
752 5115 929 5186 Caprarium,
945 5123 975 5172 et
1024 5124 1088 5186 gaiu
1103 5116 1177 5189 regis
1189 5116 1263 5173 diem
1280 5115 1421 5187 requisitae
1430 5115 1544 5187 justitie
1563 5115 1592 5172 in
1605 5117 1812 5173 submonitione

182 5225 287 5282 paucos
308 5210 447 5267 servierunt
469 5208 602 5274 ecclesia,
616 5206 747 5278 misitque
758 5222 807 5263 eos
826 5205 971 5263 couiestim
1024 5221 1075 5263 sua
1089 5207 1206 5265 distulit.
1229 5205 1288 5264 ilex
1311 5197 1575 5266 nutem'budovicus
1591 5207 1810 5280 Epiphanieruau

182 5302 211 5357 in
234 5302 383 5375 hospitium
411 5304 444 5360 ad
467 5303 617 5376 burgenses
643 5316 710 5357 suns
732 5299 761 5356 in
786 5300 845 5356 iuec
868 5300 971 5357 verbaz
1023 5299 1097 5358 diem
1111 5300 1177 5358 iecit
1192 5300 1266 5372 apud
1279 5299 1459 5368 iliaeliaeuut,
1482 5308 1511 5356 et
1531 5302 1653 5370 suscepit
1673 5316 1740 5358 eum
1762 5300 1814 5357 ab·

185 5391 295 5452 «iobis
308 5397 355 5467 qui
370 5396 527 5452 fidelitatem
553 5393 644 5451 abbati
670 5392 774 5450 debetis
787 5402 815 5450 ct
831 5389 971 5462 Ecclesiae,
1023 5389 1085 5461 bas,
1099 5390 1303 5462 obsecutusque
1319 5399 1362 5448 est
1382 5388 1408 5446 ci
1419 5388 1578 5462 diligentem
1596 5405 1652 5462 quo
1671 5406 1813 5464 regressu,
1907 5441 1908 5464 3
