3892 6067
222 7 271 64 cil
876 0 931 46 tr¹t
1129 0 1134 15 ·
1165 0 1171 14 “
1805 15 1834 45 .,
1853 30 1855 32 .

204 122 266 194 ejus
277 118 371 176 ridere
387 115 506 182 uolebat,
521 110 643 185 qutandiu
661 108 776 182 qrttestio
792 108 999 165 ventilabatur:
1015 114 1038 172 Α
1052 105 1226 179 campimolli
1243 103 1391 162 multitudo
1410 103 1578 161 rusticorum
1595 119 1719 178 magua:
1739 104 1858 164 ιιιιᾶειι

204 213 341 286 quaesivit,
356 210 480 281 inquam,
497 221 545 261 rer
559 213 651 261 utrem
669 201 924 260 comessecundum
936 215 1000 256 rer·
1052 213 1200 270 percussus
1217 197 1301 253 miser
1321 205 1448 253 mortuus
1470 203 1523 252 est.
1550 194 1646 268 ltaque
1667 198 1858 268 praesentibus

205 307 270 361 burn
289 318 371 359 suum
394 301 475 356 iissem
495 297 598 353 iaceret
625 295 708 366 liujus
725 292 838 366 negotii.
867 292 929 360 Quo
952 306 1002 348 ne·
1052 290 1125 364 reqis
1148 287 1283 344 militibus
1306 295 1335 343 et
1359 287 1507 344 clientibus
1531 287 1653 352 comitis,
1681 289 1860 358 compararit

206 406 298 468 qanta,
327 393 485 463 indignatus
510 405 559 445 rex
583 389 772 451 uehementer,
797 385 837 441 ait
860 403 867 438 z
891 403 901 435 ι
928 381 1001 450 Quid
1052 383 1138 439 abbas
1154 398 1291 439 summam
1307 380 1536 438 detrimentorum
1555 379 1726 443 monasterii,
1741 394 1807 450 quae
1821 380 1862 435 ab
1926 391 1927 394 ’

204 488 288 558 erpo?
310 485 406 552 abbas,
422 482 470 553 qui
496 481 625 552 injuriam
649 493 747 550 passus
770 486 823 544 est,
836 485 862 533 et
883 476 910 530 in
925 473 1002 528 trullo
1053 474 1213 532 hominibus
1234 473 1345 531 comitis
1363 471 1471 527 lucrant
1492 468 1712 526 Ecclesieillata
1726 470 1765 527 alr
1779 471 1860 527 exitu

205 582 315 652 penitus
327 578 395 633 mibi
417 585 524 631 tenetur
545 573 694 640 obnoxius,
709 570 767 642 ipse
788 577 875 625 totum
890 584 921 624 se
934 582 1002 623 meae
1053 565 1169 623 iratrum
1193 583 1280 640 usqne
1302 566 1330 621 in
1351 571 1474 635 presens
1490 580 1497 617 a
1513 573 1541 620 et
1555 562 1607 619 suit
1621 578 1732 620 summa
1746 563 1864 620 ducen-

204 669 378 742 dispositioui
399 668 522 740 exponit,
544 675 572 721 et
591 678 686 722 coines
706 662 754 736 qul
776 661 840 717 iecit
860 660 1000 731 iujuriam,
1053 668 1143 717 tarum
1160 659 1342 732 quadraginta
1355 649 1500 713 librarum·

207 765 328 833 miliique
344 768 452 817 tenetur
472 767 527 813 tam
551 756 663 828 proprio
685 754 903 824 buminioquarn
918 765 1002 806 carisa
1089 750 1184 806 Tentat
1199 766 1286 805 eomer
1306 747 1411 804 abietis
1431 747 1550 801 animum
1568 744 1698 801 mollire.
1712 744 1785 802 Post
1798 744 1864 802 luat

205 851 324 921 querelae
346 864 414 911 suae,
439 845 555 902 consilio
578 859 639 899 meo
662 852 690 898 et
713 841 799 898 curias
820 857 887 896 meae
906 855 1003 911 parere
1053 840 1163 899 missia
1187 840 1289 897 comite
1311 837 1558 911 expostulaverunt
1578 836 1614 893 ab
1628 836 1728 892 abbate
1750 849 1864 908 expcn-

206 940 318 997 ditiidit?
329 938 389 995 lam
404 938 438 994 de
452 949 551 995 cetero
562 943 658 993 careat
668 935 721 992 sibi
738 933 823 991 alebas
837 949 872 990 ne
882 933 1004 1005 decipio³
1053 950 1113 993 sam
1134 932 1339 1006 procurationis
1360 931 1421 988 testi
1448 930 1480 985 ll.
1510 928 1604 985 llariae
1622 927 1806 1000 iiaqdalcnae,
1833 937 1865 984 ct

207 1045 261 1101 tnr,
277 1035 342 1106 qnia
358 1050 409 1104 eqo
427 1031 453 1088 ei
470 1046 612 1101 nunqnam
627 1029 720 1086 deero.
740 1047 751 1081 ι
1053 1025 1107 1082 alia
1131 1025 1258 1097 quamdam
1285 1022 1414 1079 ridicula.
1438 1020 1546 1090 Quibus
1568 1020 1654 1077 abbas
1673 1019 1827 1093 responct
1851 1037 1863 1077 a

222 1123 335 1182 'corrues
357 1124 467 1179 li'inerrr.
491 1137 582 1176 coram
604 1136 661 1192 reqe
683 1121 799 1187 sistitur,
820 1119 1003 1191 promittitque
1057 1134 1067 1169 ι
1087 1113 1204 1184 Quando
1219 1129 1323 1184 comes,
1338 1113 1409 1171 tacta
1426 1123 1536 1169 mecum
1555 1113 1714 1180 concordia,
1731 1112 1765 1168 in
1779 1125 1865 1172 m·

206 1215 305 1271 danum
320 1231 336 1268 a
349 1231 376 1270 re
386 1214 489 1284 inflicta
502 1212 704 1265 resarciturum.
718 1208 785 1266 Post
798 1210 901 1265 multos
912 1209 1003 1280 itaque
1054 1209 1215 1265 munionem
1231 1206 1360 1266 Ecclesia
1380 1215 1528 1277 susceptus
1549 1204 1642 1270 luerit,
1657 1212 1726 1260 tuuc
1739 1219 1865 1276 respoaa

207 1307 353 1363 conflictus
376 1306 534 1367 uerborum,
550 1303 662 1357 tandem
686 1311 801 1358 uocatus
821 1316 915 1358 comes
939 1309 1004 1356 ante
1053 1299 1125 1356 dabo
1138 1297 1177 1355 illi
1192 1312 1275 1370 super
1295 1295 1386 1368 posita
1405 1294 1569 1368 questione.
1595 1292 1864 1350 ›acenceres-ser

206 1397 379 1470 praesentiam
397 1395 479 1468 regis,
494 1393 686 1464 compromisit
697 1391 722 1448 ei
737 1407 786 1463 per
796 1407 908 1448 manum
923 1406 1002 1447 suam
1054 1392 1127 1464 apud
1143 1390 1278 1448 crisenon
1299 1389 1524 1461 archiepiscopus
1540 1385 1752 1458 Lugdunensis,
1769 1394 1799 1442 et
1815 1402 1865 1440 ar·

194 1490 235 1549 io
250 1505 332 1544 manu
352 1489 426 1545 iltius
443 1486 599 1558 pollicendo
622 1483 785 1547 Ecclesiam,
802 1484 935 1551 redditus,
950 1483 1003 1539 do'·
1014 1458 1041 1560 *B
1054 1485 1247 1556 corepiscopus
1260 1481 1479 1549 cantuariensis,
1495 1487 1634 1537 tentantes
1650 1478 1674 1535 si
1692 1478 1767 1534 torte
1782 1493 1864 1534 eon·

207 1596 279 1647 anos,
302 1588 329 1635 et
349 1594 446 1634 omnes
470 1577 659 1649 possessiones
679 1573 839 1631 monasterii
861 1574 953 1630 abbati
976 1569 1016 1630 et'
1054 1589 1158 1650 ponere
1180 1585 1294 1649 possent
1321 1574 1393 1632 luter
1416 1574 1544 1630 abbatem
1568 1582 1595 1628 et
1617 1573 1748 1629 comitem
1777 1581 1862 1643 atque

206 1672 267 1727 suis
292 1670 407 1726 reddere
429 1671 456 1724 in
481 1683 516 1724 eo
537 1676 622 1736 stelit,
648 1682 705 1738 (11¹0
730 1666 828 1723 diebus
851 1674 915 1722 0⁰¹⁰
940 1674 1005 1721 anio
1055 1670 1237 1728 comitissam·
1255 1665 1426 1725 Sedirustrs
1448 1666 1603 1721 laboraturo
1617 1673 1669 1719 est.
1693 1660 1768 1730 Quia
1783 1661 1860 1719 enisa

207 1759 324 1817 iratrum
350 1759 536 1831 egressionem
562 1759 767 1826 consistebant,
790 1767 817 1814 et
842 1759 926 1815 saluis
950 1758 1004 1815 iliis
1056 1763 1165 1834 pondus
1180 1761 1305 1817 omnium
1327 1758 1518 1831 pronominum
1534 1755 1561 1812 in
1584 1753 1781 1812 immoderatis
1795 1768 1861 1825 pro·

208 1854 328 1925 querelis
342 1867 411 1923 ‘tots
427 1851 460 1906 ²d
487 1851 604 1906 inlicem
629 1858 693 1905 ³1¹oe
716 1849 865 1916 habebant,
879 1857 907 1905 01
928 1849 1005 1905 ⁸⁸1st
1055 1853 1247 1911 curationibus
1270 1851 1416 1917 existebat,
1438 1850 1549 1906 nolebat
1567 1848 1653 1904 abbas
1666 1847 1711 1903 rel
1734 1844 1860 1903 Ecclesia

209 1932 344 1998 s‘r-ntentia
360 1937 654 1995 excommunicationis
668 1946 695 1994 et
707 1939 845 1995 interdicti
860 1954 914 2012 qua
930 1948 1005 1996 teue-
1056 1946 1178 2016 recipere
1203 1943 1355 2015 quamlibet
1378 1942 1621 2014 compositionem,
1647 1956 1710 2012 quae
1733 1938 1860 2011 proiecto

209 2028 301 2090 b'atur.
313 2032 508 2087 Pollicitusest
520 2030 584 2085 itero
599 2046 632 2085 ea
644 2031 748 2099 omnia,
760 2046 822 2102 quae
836 2047 852 2086 a
866 2032 946 2088 tertio
959 2031 1005 2087 dio
1056 2051 1111 2092 non
1127 2050 1232 2101 veram,
1248 2032 1296 2091 scd
1313 2033 1405 2106 potins
1418 2033 1512 2087 tlctam
1529 2030 1771 2100 inducerepaeem
1785 2029 1860 2084 ride·

208 2136 272 2182 aitte
296 2124 411 2180 fratrum
435 2122 539 2177 exitum
563 2122 598 2178 de
624 2122 708 2177 rebus
730 2120 860 2180 ticetesie
881 2138 1006 2194 quoquu-
1056 2135 1153 2192 retur,
1181 2125 1234 2181 nisi
1257 2134 1305 2179 aut
1330 2123 1506 2179 omnimodas
1527 2120 1739 2192 procurationes
1766 2135 1861 2177 comes

208 2225 291 2275 anolo
305 2217 440 2272 diminuta
463 2215 503 2270 rel
526 2214 632 2285 perdita
656 2214 825 2283 siderentur,
847 2216 1004 2282 restituere,
1057 2213 1218 2280 dimitteret,
1234 2221 1366 2269 auteerta
1380 2225 1563 2283 expertsarum
1576 2210 1788 2282 prascriptione
1798 2225 1862 2267 ease

208 2319 236 2366 ct
249 2312 339 2365 denuo
350 2324 445 2379 pacem
465 2322 585 2375 serrare,
599 2305 729 2363 Ecclesiae
742 2315 770 2363 et
783 2307 1006 2379 possessionibus
1056 2305 1119 2362 dem
1138 2305 1279 2361 limitaret.

209 2395 292 2459 illius,
307 2395 399 2451 abbati
421 2403 448 2450 et
468 2396 611 2449 inorrucbis
626 2402 710 2465 atque
724 2396 1004 2466 bominibuscorum,
1066 2409 1068 2412 ’
1093 2399 1270 2471 corroserint
1292 2398 1348 2470 reqi
1372 2396 1453 2453 abins
1475 2398 1508 2452 de
1527 2397 1632 2452 comite.
1647 2394 1754 2452 lterum
1768 2394 1861 2453 immi⁴

209 2491 262 2545 ltoc
284 2488 348 2559 jure
372 2494 488 2550 retento,
507 2486 581 2556 quoti
604 2486 628 2542 si
646 2484 717 2543 forte
737 2488 810 2545 iuter
831 2490 959 2545 comitem
979 2498 1007 2545 et
1057 2501 1139 2549 nerrte
1156 2491 1373 2564 Quadrupesima
1390 2489 1553 2547 cuillelnrus
1572 2492 1607 2547 de
1626 2489 1746 2546 llerioto
1760 2499 1789 2545 et
1804 2485 1860 2545 tte·

210 2581 337 2635 abbatem
353 2578 395 2634 sel
411 2577 562 2634 Ecclesiam
587 2580 774 2637 controversia
786 2581 940 2650 emerserit,
957 2595 1006 2652 per
1058 2587 1157 2642 ualdus
1170 2584 1255 2641 irater
1270 2586 1331 2656 ejus
1344 2594 1479 2641 reneruut
1493 2585 1527 2641 ad
1543 2594 1671 2657 patruum
1688 2600 1775 2640 suum
1787 2582 1861 2639 cair

1926 2635 1928 2668 l

209 2671 366 2742 quindecim
383 2669 442 2726 dies
461 2677 523 2740 post
545 2668 742 2726 diffidationem
764 2671 905 2728 babebuot
922 2672 1005 2728 indu·
1057 2677 1170 2733 ielmurn
1187 2677 1312 2733 abbatem
1335 2674 1423 2732 ilaei,
1446 2685 1582 2733 tentantes
1600 2675 1634 2732 de
1654 2675 1862 2745 compositione
1926 2695 1927 2738 t

210 2764 267 2818 elas
286 2763 435 2833 burgenses
460 2761 599 2831 iliaeliaci,
615 2765 642 2820 in
665 2763 766 2835 quibus
780 2764 915 2821 divertere
928 2775 1007 2835 pote·
1020 2802 1044 2864 C
1058 2769 1135 2841 pacis
1150 2767 1273 2824 animum
1286 2767 1356 2838 ejus.
1373 2764 1406 2821 Et
1422 2773 1611 2823 corrreocrunt
1624 2765 1700 2837 apud
1715 2765 1861 2821 &soluier
1926 2749 1927 2816 Ῐ

211 2863 276 2910 runt
290 2872 318 2911 se
331 2864 360 2911 et
373 2870 424 2912 sua
439 2858 472 2911 ad
489 2866 547 2913 tuta
559 2857 630 2926 lom,
646 2857 768 2914 Ecclesia
783 2867 961 2930 permanente
978 2859 1008 2916 in
1060 2859 1126 2915 binc
1142 2858 1239 2923 abbas,
1256 2856 1331 2913 illinc
1348 2871 1442 2913 comes
1456 2872 1465 2909 r
1480 2856 1529 2913 sed
1549 2866 1576 2913 et
1589 2866 1655 2912 tune
1669 2870 1754 2913 casso
1766 2855 1861 2911 labore

211 2963 278 3018 paee
301 2962 363 3002 curn
390 2949 526 3005 universis
549 2949 668 3020 propriis
689 2949 913 3020 possessionibus
937 2952 1006 3007 suis.
1059 2950 1188 3007 sudatum
1205 2958 1256 3006 est.
1272 2947 1337 3004 inde
1351 2949 1437 3004 abbas
1452 2965 1516 3006 eum
1530 2957 1691 3020 properaret
1704 2948 1739 3004 ad
1757 2963 1858 3020 regem
1926 2951 1927 3020 l

211 3038 372 3095 liedanrnis
395 3041 633 3110 iqitnrrnodernis
650 3042 802 3098 secundum
817 3043 1009 3114 probationem
1060 3042 1163 3099 incenit
1187 3056 1249 3095 eunt
1273 3037 1401 3096 senonis,
1428 3038 1462 3093 lit
1486 3038 1652 3111 significarit
1671 3039 1698 3094 ei
1717 3040 1859 3112 quomoda
1926 3029 1927 3102 J

212 3132 355 3187 bominum
373 3131 501 3188 Ecclesiae
516 3134 692 3190 restituendis
704 3149 798 3191 comes
810 3134 885 3190 dedit
899 3134 1009 3190 obsides
1059 3149 1152 3191 comcs
1177 3132 1341 3189 constitutas
1369 3131 1562 3203 iruerrupissot
1587 3129 1715 3187 inducias
1736 3131 1859 3202 quadra·

211 3222 353 3277 Anseilum
376 3225 410 3278 dc
434 3222 611 3293 Triagneiio,
636 3232 664 3279 at
687 3223 800 3280 tratrem
822 3225 883 3295 ejus
904 3223 1010 3280 carne-
1060 3228 1134 3300 ginta
1152 3225 1270 3282 dienurn.
1287 3222 1429 3296 Siquidem
1451 3225 1479 3279 in
1499 3223 1636 3280 Serromca
1658 3226 1858 3295 compositione

213 3314 284 3367 rium
288 3350 345 3367 .....
369 3313 509 3376 comitem,
532 3322 560 3367 et
581 3311 742 3384 isgnardum
764 3312 955 3370 vicecomitem
975 3315 1010 3372 de
1059 3316 1163 3374 dictum
1179 3314 1367 3387 lucrat,quod
1391 3324 1456 3387 post
1479 3315 1669 3388 probationem
1692 3316 1858 3374 damnorum

212 3404 364 3460 toriniaco.
389 3401 424 3457 ili
442 3412 561 3474 quatuor
582 3420 631 3476 pro
646 3414 744 3476 quarta
760 3415 837 3476 parte
863 3406 1012 3463 tiduciare·
1060 3426 1186 3478 snorum,
1200 3409 1286 3465 abbas
1298 3417 1327 3465 et
1340 3407 1462 3466 ccclesia
1476 3424 1504 3465 ιι
1518 3408 1626 3465 dierum
1639 3406 1769 3466 inducias
1780 3410 1859 3467 habs·

214 3506 279 3550 runt
293 3495 394 3565 singuli
415 3496 442 3548 in
465 3511 548 3550 manu
570 3497 681 3553 corruitis
698 3496 861 3566 Tbeobaldi,
877 3501 1010 3572 quoniam
1061 3511 1122 3560 rent
1135 3518 1150 3558 a
1164 3501 1265 3559 comite
1286 3513 1370 3572 super
1384 3501 1515 3558 omnibus
1528 3500 1648 3573 querelis
1669 3516 1744 3572 quas
1765 3516 1857 3559 mures
1926 3537 1927 3544 ι

215 3594 237 3648 si
254 3585 347 3646 corrues
359 3605 420 3661 post
435 3592 616 3663 qnadraginta
629 3593 689 3650 dies
699 3593 828 3666 legitimae
840 3597 1011 3666 probationis
1061 3595 1193 3652 aduersus
1214 3594 1341 3651 abbatem
1363 3594 1484 3651 baberet.
1511 3592 1545 3650 Et
1565 3594 1648 3650 etiam
1672 3593 1858 3666 demcepasi

214 3689 314 3741 darrrnu
340 3689 452 3760 probata
479 3690 593 3745 reddere
618 3691 792 3760 detrectaret,
809 3692 880 3750 inira
895 3696 1011 3767 quinde·
1062 3685 1132 3742 Ῐυῐῑθ
1153 3699 1246 3742 0οΜΘὸ
1259 3686 1378 3756 amplius
1393 3685 1529 3742 suslisseie
1543 3684 1639 3751 ⁰0¹¹0b
1659 3686 1737 3741 «ldie
1752 3686 1857 3742 diffido·

216 3777 269 3832 cim
296 3780 354 3834 dies
377 3780 592 3837 sulnoooitionis
618 3784 725 3841 abbatis
745 3785 816 3856 apud
846 3785 1010 3845 senonicam
1060 3777 1267 3834 li⁰¹¹1⁸5¹⁰l¹¹¹¹¹
1296 3776 1453 3849 quindecim
1480 3777 1540 3834 (ΗΕΒ
1569 3773 1748 3834 indfflfflm
1774 3778 1858 3835 Μ

217 3868 312 3920 urbem
335 3867 490 3924 obsidatum
506 3870 600 3925 tnrrdiu
623 3880 758 3943 tenerent,
770 3876 857 3933 donec
878 3877 970 3934 abbati
985 3888 1013 3936 et
1062 3874 1186 3930 haberet.
1198 3873 1298 3930 Comes
1310 3883 1402 3930 autem
1419 3871 1516 3931 (liebus
1534 3883 1598 3931 octo
1614 3872 1687 3930 inira
1698 3889 1734 3929 ιι.
1749 3874 1855 3931 dierum

216 3957 346 4014 Ecclesiae
365 3960 416 4031 ipsi
432 3961 474 4016 uel
488 3977 581 4019 connes
595 3964 798 4023 satisfacerent.
1063 3965 1189 4022 inducias
1209 3965 1335 4022 abbatem
1351 3964 1388 4021 ita
1402 3963 1543 4032 diffidavit,
1558 3966 1633 4037 quod
1652 3980 1708 4023 oon
1728 3967 1783 4024 nisi
1797 3978 1858 4024 octo

253 4049 307 4104 lica
323 4068 369 4120 per
385 4063 465 4108 umet
486 4053 606 4109 ablatem
623 4058 750 4126 restituit,
764 4071 788 4115 et
805 4061 946 4117 monoclros
967 4062 1014 4119 i'i·
1062 4057 1121 4112 dius
1134 4056 1211 4113 darei
1224 4056 1408 4122 induciarumr
1429 4066 1457 4113 θῑ
1469 4057 1522 4128 ipsi
1536 4058 1671 4114 ⁰0¹01150⁸
1687 4074 1753 4115 0⁰¹⁰
1766 4076 1802 4115 lt
1813 4077 1858 4117 ⁵¹·

217 4141 311 4196 retine.
333 4141 382 4197 liis
398 4143 489 4215 itaque
507 4149 668 4218 compositis
683 4163 795 4221 rogatus
811 4154 845 4209 ab
858 4154 956 4211 abbate
970 4155 1012 4213 le·
1027 4159 1050 4217 o
1063 4149 1217 4222 verioribus
1235 4148 1442 4220 perficerentur.
1455 4147 1535 4217 Quod
1549 4159 1580 4207 ut
1594 4167 1643 4208 rea
1657 4152 1775 4220 audivit,
1788 4167 1858 4224 agre

218 4238 331 4286 struarrt
350 4248 399 4288 rex
422 4232 513 4290 lacere
528 4235 600 4291 diern
617 4236 833 4310 Epiplrauiurum
846 4245 918 4316 apud
934 4244 1014 4303 Viae·
1065 4241 1141 4307 tulit,
1163 4240 1284 4310 dixitque
1302 4239 1393 4296 abbati
1419 4249 1448 4296 ut
1470 4256 1564 4298 secum
1582 4241 1683 4299 rediret
1695 4243 1859 4301 Altissiodo-

217 4320 329 4393 barum,
346 4326 508 4397 reduxitque
533 4329 659 4385 abbatem
684 4349 746 4388 curn
761 4334 854 4391 lautitia
870 4354 968 4409 magna
986 4339 1015 4395 in
1065 4346 1143 4398 rum;
1163 4339 1191 4386 et
1209 4331 1374 4402 vituperavit
1393 4332 1521 4388 comitem
1545 4347 1605 4402 rer,
1628 4335 1813 4407 precepitque
1833 4333 1858 4392 el

218 4414 309 4470 locum
325 4433 416 4473 surrnr.
430 4417 463 4474 Et
476 4420 555 4490 eiecti
570 4430 634 4477 suut
647 4423 694 4479 lilii
706 4424 791 4482 Belial
802 4428 835 4484 de
848 4432 1015 4488 intonasterio
1065 4433 1095 4479 ut
1120 4423 1221 4478 fractos
1242 4421 1367 4478 induciis
1387 4422 1556 4480 tesiilsseiel·
1572 4424 1606 4481 Et
1623 4427 1805 4483 wulrifflltss
1817 4436 1859 4484 δί

219 4508 295 4586 erae
316 4508 646 4582 pergameumque,
663 4515 1015 4595 erourrnenomesgau.
1065 4529 1158 4572 eomes
1175 4514 1265 4581 rante,
1281 4511 1317 4568 ra
1337 4514 1411 4585 quoa
1430 4530 1498 4585 nene
1516 4515 1736 4589 lacrimaretur:
1748 4529 1859 4575 eoae

219 4598 295 4653 diurn
315 4609 343 4655 et
365 4603 457 4658 laetitia
481 4620 590 4676 magua.
609 4606 663 4663 Sed
684 4621 712 4663 es
727 4624 844 4681 nequam
859 4614 1015 4684 proditores
1065 4618 1157 4665 tameo
1176 4607 1279 4678 paruit,
1292 4615 1319 4662 01
1335 4607 1435 4663 abinde
1451 4623 1484 4662 Ν
1504 4608 1612 4664 (lictum
1627 4609 1756 4666 5⁰⁶⁰&ss
1774 4610 1857 4667 Μῑ·

218 4685 454 4752 pseudomonachi
465 4692 569 4762 egressi
581 4693 615 4749 de
627 4693 710 4753 domo
723 4695 843 4766 Escouii,
857 4701 927 4757 bona
938 4704 1016 4773 peni·
1065 4697 1255 4769 Completiqne
1270 4707 1333 4754 sunt
1347 4695 1406 4754 dics
1424 4698 1464 4754 illl
1478 4697 1548 4754 inira
1565 4700 1748 4772 septimanam
1765 4700 1859 4758 llanris

219 4783 267 4832 lus
280 4778 373 4833 onnia
395 4796 457 4850 quar
474 4785 601 4840 rrranibus
616 4787 718 4846 habere
738 4800 864 4861 poterant
877 4793 1016 4866 dissipan-
1066 4792 1231 4864 palmarum,
1569 4824 1574 4832 -

219 4875 273 4934 tes,
288 4867 380 4939 iugum
401 4873 585 4942 arripuerunt,
606 4876 690 4948 lqitur
709 4881 805 4936 nories
820 4882 943 4953 quinque
957 4883 1017 4940 die·
1103 4879 1195 4937 comes
1209 4880 1355 4949 Treeerrsis,
1366 4890 1391 4936 et
1402 4881 1451 4937 alii
1462 4890 1544 4951 nquru
1556 4882 1589 4936 de
1597 4897 1661 4954 pree
1669 4883 1859 4953 rumpenda,

218 4962 274 5046 lars
300 4966 425 5032 canetis,
447 4969 549 5024 reuersi
574 4978 639 5026 srtnt
661 4969 761 5029 iratres
786 4973 820 5029 de
844 4976 1015 5033 exsiliorum
1068 4973 1113 5027 sed
1135 4988 1282 5043 perperam.
1306 4970 1441 5028 cenricus
1458 4970 1683 5042 deniquecomes
1703 4969 1858 5036 Treaeusis,

220 5050 315 5138 lautitia
330 5067 357 5112 et
377 5056 478 5130 ingenti
493 5061 602 5130 gaudio.
626 5058 703 5118 Unus
719 5073 811 5121 autem
826 5068 1017 5123 ercomrnnui-
1068 5072 1096 5120 et
1114 5063 1289 5120 Tireobztldus
1312 5078 1405 5120 comes
1419 5061 1566 5130 Biescusis,
1582 5072 1664 5135 atque
1684 5060 1816 5121 Aurelian
1828 5065 1859 5120 de

184 5183 190 5202 ι
222 5157 347 5202 catonum
363 5152 474 5207 norrrine
488 5151 651 5210 cuiiielmns
664 5154 772 5225 Pidetir,
788 5158 924 5216 diabolico
937 5160 1016 5216 inra-
1066 5154 1607 5228 Triaqneilocotrreneruotcuillcimam
1619 5143 1749 5212 comitem
1764 5152 1858 5212 iiim·

224 5251 273 5293 sus
287 5238 383 5309 spiritu
402 5243 485 5313 coepit
507 5245 707 5301 monasterium
730 5247 891 5321 impugnare
905 5254 933 5304 ct
947 5265 1018 5321 praa·
1066 5263 1192 5315 oensem,
1207 5257 1235 5304 ct
1255 5247 1430 5304 cuillelmum
1453 5246 1579 5303 abbatem
1595 5244 1859 5315 trecassensem

224 5328 274 5381 das
290 5328 379 5387 iacere
396 5352 402 5386 ι
417 5333 490 5406 quod
514 5350 577 5391 curro
601 5335 648 5392 diu
675 5335 796 5405 iecisset,
812 5338 928 5395 insecuti
952 5346 1019 5395 sunt
1069 5340 1116 5396 diu
1131 5332 1254 5413 'satimue
1273 5349 1388 5413 eruunt
1409 5354 1460 5411 pro
1486 5337 1687 5412 compositione
1702 5339 1859 5414 mciaintrr

225 5432 288 5471 cum
316 5427 371 5476 tarra
400 5438 434 5480 cn
457 5425 556 5495 oppido
584 5425 711 5486 vizeliaci
740 5445 823 5501 quam
851 5444 884 5487 er
917 5429 1018 5502 oppido
1071 5430 1199 5490 comitem
1223 5429 1349 5488 Nirernis
1370 5439 1397 5487 et
1425 5427 1582 5487 cmoobinm
1611 5423 1754 5508 i'iacl'iasi.
1777 5429 1861 5490 mot
