3892 6067
526 242 700 305 armosos
718 244 764 304 uu
782 246 942 307 cunutus
960 246 1098 308 secut.
1120 246 1165 304 ur
1184 248 1313 310 mour..
1398 222 1409 241 “

119 379 1744 420 ------.-....-.-....-.-.-.....................

301 544 592 679 MONITUM
638 551 704 641 IN
740 549 1105 644 OPUSCULUM
1142 549 1544 657 SUBSEQUENS.

544 746 588 819 (Ι).
604 747 636 803 Ρ.
651 747 762 817 Penius,
773 764 852 820 prae..
865 747 900 804 ad
912 755 982 804 tom.
998 745 1021 802 ll
1032 746 1172 815 dnecdot„
1185 762 1213 818 p.
1227 746 1339 818 sxrrrr.)

155 1049 301 1123 Siugrrlare
324 1068 440 1120 prorsus
454 1061 507 1108 ‘est
519 1067 553 1108 ac
573 1051 659 1109 dirini
683 1054 796 1109 honoris
815 1054 906 1110 studio
925 1054 1124 1126 persplendens
1139 1054 1262 1112 Gerlrohl
1286 1055 1430 1127 seriptum,
1456 1056 1529 1127 quod
1545 1054 1590 1112 hie
1613 1070 1668 1111 uon
1690 1054 1751 1112 sine

115 1123 191 1177 omui
207 1131 281 1177 metu
297 1123 469 1194 evulgamus.
489 1121 584 1193 ltaque
596 1123 758 1194 prudentem
772 1131 799 1179 et
814 1125 987 1180 ruoderahrm
1001 1126 1143 1191 lectorem,
1162 1126 1272 1196 siquod
1294 1125 1378 1192 aliud,
1395 1126 1448 1183 hoc
1464 1125 1587 1196 prolecto
1601 1135 1679 1182 retus
1692 1141 1751 1181 mu·

115 1199 281 1247 numentum
295 1194 419 1263 requirit,
436 1195 464 1247 io
476 1209 532 1262 quo
546 1193 692 1249 Gerhohus
704 1194 738 1249 de
751 1193 911 1251 discrimine
922 1196 996 1266 qood
1011 1197 1082 1252 inter
1091 1197 1242 1257 canonicos
1252 1196 1397 1254 saeculares
1409 1208 1436 1254 et
1448 1197 1588 1265 regulares
1598 1196 1751 1262 intercedit,

115 1260 154 1317 ita
170 1260 303 1331 disputat,
331 1272 360 1318 ut
385 1264 412 1318 in
430 1264 540 1318 illorum
562 1263 707 1334 opiniones
721 1272 748 1319 et
772 1279 864 1320 mores
885 1267 988 1334 passim
1008 1266 1186 1322 acerbissime
1210 1264 1366 1332 invehatur,
1383 1267 1573 1337 existimesque
1593 1265 1751 1335 irrequlares

116 1334 269 1398 celsanicas,
287 1334 339 1387 nisi
351 1342 550 1399 conuertuntur,
565 1333 666 1388 salsarr'
679 1349 733 1387 reon
753 1350 840 1405 posse,
855 1351 916 1405 qum
940 1337 999 1406 ipsa
1013 1336 1097 1392 verba
1113 1335 1233 1392 Gerlrohi
1259 1346 1324 1391 sum
1338 1338 1391 1392 eol.
1407 1336 1460 1392 tte
1474 1336 1520 1392 ubi
1534 1337 1616 1391 etiam
1632 1337 1707 1391 addit
1720 1350 1752 1390 ea

117 1401 278 1457 Gualtlrerio
291 1403 499 1474 arcirieplscopo
511 1403 675 1469 Rrrrerrnati,
688 1416 790 1459 sanctae
805 1407 1017 1462 aeueuerahilis
1033 1407 1095 1461 ritae
1109 1406 1230 1477 presuli,
1253 1420 1315 1461 cum
1329 1405 1488 1476 Ratisponae
1504 1406 1530 1461 in
1549 1406 1653 1461 domiui
1676 1420 1753 1488 papae

117 1471 253 1540 legatione
272 1482 355 1539 esset,
372 1489 435 1529 reru
450 1474 536 1530 luisse
549 1473 682 1543 judicata.
698 1471 757 1530 lmo
771 1475 797 1530 in
813 1476 929 1544 epistula
948 1492 997 1531 seu
1020 1472 1178 1547 prolugohd
1197 1475 1389 1532 hruoocutium
1409 1477 1431 1533 ΙΙ
1445 1485 1539 1544 aperte
1557 1476 1662 1534 scribit.
1679 1477 1766 1530 rdem.

118 1539 270 1597 honorium
285 1541 306 1594 ΙΙ
321 1559 430 1612 papam,
446 1552 580 1614 praesente
591 1543 727 1600 Norberto
738 1545 947 1615 archiepiscopo
960 1544 1186 1616 hlagdehurgensi
1200 1545 1404 1602 semiermium
1414 1547 1531 1620 quidem,
1543 1545 1633 1616 inquit
1645 1544 1752 1601 Gerho·

120 1610 174 1666 bus
190 1612 242 1665 rol.
260 1612 323 1679 dil,
339 1613 409 1683 quad
419 1615 462 1667 lea
475 1615 607 1683 precipit,
623 1615 685 1684 feci,
702 1616 857 1686 perpensuri
872 1614 959 1669 locum
970 1632 1046 1687 quem
1065 1616 1194 1670 Dorrriaus
1210 1614 1281 1669 Deus
1301 1616 1390 1687 elepit,
1412 1627 1441 1671 ut
1452 1616 1490 1669 ilri
1509 1616 1642 1670 invocetur
1657 1630 1752 1668 riomeu

117 1680 186 1750 ejas.
200 1680 346 1736 herstanum
362 1684 482 1738 uidelicet
497 1683 583 1738 sedem
599 1685 626 1737 in
638 1684 770 1754 legatione
784 1684 949 1739 domininici
962 1687 1078 1756 episcopi
1091 1685 1209 1742 Conradi
1227 1683 1438 1756 Salaburpensis,
1453 1686 1602 1756 accessique
1616 1685 1652 1738 ad
1664 1699 1754 1739 sacer-

117 1751 217 1814 dotem,
228 1752 273 1822 qui
284 1760 342 1806 erut
357 1754 385 1807 in
403 1752 496 1808 diebus
507 1753 574 1818 illis,
587 1755 671 1808 beatae
684 1755 886 1819 recordationis,
899 1771 996 1824 papam
1010 1754 1171 1819 Honorium,
1189 1765 1214 1809 et
1230 1755 1331 1810 contuli
1346 1757 1452 1810 uerbum
1467 1772 1526 1810 cum
1538 1771 1578 1819 eo,
1596 1754 1666 1826 quod
1699 1770 1752 1809 rte·

118 1821 179 1875 dieo
191 1822 261 1875 inter
274 1822 384 1877 elericos
398 1824 485 1878 adime
496 1822 648 1888 seculares,
663 1841 694 1877 ne
708 1824 777 1893 [orte
786 1826 814 1879 in
828 1840 938 1879 uacuum
948 1841 1082 1880 currerem
1093 1835 1140 1880 aut
1157 1827 1343 1881 cucurrissem.
1363 1825 1430 1879 Erat
1450 1834 1538 1880 autem
1558 1825 1662 1879 occasio
1672 1770 1752 1893 lupus

118 1891 200 1955 serbi,
221 1893 284 1961 quia
307 1893 404 1960 [ratres
424 1910 495 1947 meos
513 1894 630 1947 uterinm
643 1893 676 1948 de
691 1893 787 1947 talium
809 1904 875 1948 ιιιιιι
896 1895 968 1948 esire
985 1896 1065 1949 dictis
1084 1907 1110 1949 et
1126 1895 1233 1964 scriptis
1250 1896 1370 1960 incitari,
1386 1896 1552 1966 distinguens
1575 1894 1643 1947 inter
1656 1894 1753 1948 bonum

119 1976 207 2015 semen
222 1962 375 2031 apostolice
389 1964 458 2029 altre,
479 1964 550 2034 qnod
564 1965 591 2017 ia
604 1963 674 2018 clero
689 1962 812 2019 Cirristus
822 1964 907 2020 uoluit
920 1982 952 2018 ac
969 1966 1100 2034 disposuit
1114 1966 1288 2035 fructificare,
1306 1975 1385 2037 utque
1406 1967 1475 2019 inter
1489 1963 1660 2020 saecularium
1674 1963 1754 2018 cleri·

119 2046 211 2084 corum
228 2033 336 2086 alsonia
355 2034 388 2086 ab
403 2033 508 2089 leontiae
529 2034 635 2088 inimico
650 2035 870 2103 superseminata.
885 2033 1049 2104 Huiusmodi
1072 2052 1089 2088 a
1108 2052 1149 2089 nra
1162 2037 1246 2099 dicta,
1267 2035 1328 2089 licet
1341 2035 1500 2105 quibusdum
1511 2035 1610 2105 suerint
1630 2032 1752 2100 moneta,

119 2109 221 2155 sancte
238 2111 327 2156 tamen
343 2105 535 2159 recordatiouis
549 2106 605 2159 siro
617 2121 694 2175 pupoe
704 2104 825 2158 Hortaris
837 2107 943 2174 [uerunt
959 2114 1076 2174 accepta.
1096 2104 1162 2172 Quae
1183 2121 1236 2159 ιιοιι
1252 2106 1315 2160 ideo
1330 2106 1376 2160 hic
1398 2104 1547 2160 lectoribus
1568 2102 1751 2165 inculcamus,

121 2179 153 2224 ut
164 2171 234 2225 idem
248 2174 282 2226 de
295 2173 429 2228 hodierno
443 2174 617 2231 secularium
630 2175 827 2230 canonicorum
841 2184 913 2230 statu
922 2175 1057 2244 judicium
1070 2173 1169 2239 lerunt,
1182 2183 1276 2245 utpote
1286 2175 1332 2244 qm
1346 2184 1435 2229 status
1447 2189 1462 2228 a
1476 2172 1650 2244 poutlttelhua
1663 2172 1753 2228 maxi-

122 2240 213 2295 miset
230 2242 423 2311 episcoporum
441 2246 554 2314 synodis
571 2254 663 2315 postea
682 2250 851 2314 approbatus
865 2257 892 2300 ιι
912 2245 1097 2301 secretissimis
1119 2247 1272 2300 earrrrnlhus
1293 2245 1417 2302 munitus
1431 2243 1523 2309 luerit,
1537 2244 1585 2299 scd
1602 2243 1665 2299 ideo
1682 2243 1754 2297 dun-

121 2319 207 2377 tasat,
223 2322 252 2366 ut
267 2314 377 2367 eosdem
399 2314 517 2371 lectores
532 2330 586 2369 nou
601 2315 669 2369 nihil
686 2315 804 2385 amplius
822 2314 950 2371 Gerhoho
962 2315 1153 2379 conciliemus,
1168 2316 1215 2386 qui
1233 2322 1316 2369 tantae
1328 2314 1499 2370 auctoritatis
1515 2323 1543 2369 et
1564 2312 1754 2369 sanctimoniae

121 2382 419 2449 rirossuaedoctrinae,
436 2393 508 2440 utut
527 2401 641 2455 asperae,
657 2385 856 2442 collaudatores
868 2386 1004 2442 habuerit.
1020 2385 1155 2441 ὒιιιιιιιιιι
1175 2402 1209 2442 ιι
1233 2386 1285 2441 hoe
1305 2384 1426 2440 Gerhohl
1447 2383 1559 2456 Dialogo
1580 2383 1649 2439 adeo
1666 2383 1753 2438 multa

122 2451 253 2520 preclara
268 2461 295 2507 et
309 2452 459 2524 singularia
474 2454 616 2518 discimus,
633 2463 667 2510 ut·
681 2456 705 2510 is
717 2457 777 2510 siue
811 2457 866 2511 rari
883 2456 1041 2526 reipublicae
1056 2455 1196 2512 litterariae
1210 2455 1373 2511 detrimento
1391 2470 1443 2525 sup
1463 2454 1524 2509 rimi
1541 2468 1593 2508 nou
1609 2452 1705 2523 possit.
1722 2452 1752 2507 lu

123 2535 136 2573 s
189 2522 260 2577 imru
274 2526 398 2593 quaedam
418 2524 580 2580 delibemus.
596 2524 729 2581 Columna
749 2473 858 2582 islam
875 2525 1021 2583 Gerlmhus
1035 2527 1169 2597 quosdam
1194 2541 1311 2595 peruerse
1325 2542 1357 2578 uc
1371 2541 1428 2578 aren
1450 2541 1494 2579 ose
1509 2525 1641 2592 imponere
1659 2531 1753 2576 sancto

150 2591 264 2655 dalrico,
280 2595 350 2663 quod
365 2595 400 2647 ad
413 2611 511 2665 papam
524 2594 668 2650 Nicolaum
678 2598 815 2664 scripserit
826 2614 874 2666 pro
885 2597 1054 2663 defendendis
1068 2595 1280 2667 presbyterorum
1293 2604 1318 2649 et
1332 2594 1495 2665 reliquorum
1507 2594 1690 2647 ministrorum
1704 2591 1753 2645 Dei

123 2662 265 2731 conjuqr'is,
279 2678 311 2716 ne
321 2664 483 2719 continentia
497 2674 566 2720 esset
580 2667 685 2719 occasio
699 2667 896 2735 fornicatiouis.
914 2667 992 2732 Quod
1014 2666 1202 2735 salsissimum,
1219 2664 1318 2734 inquit,
1338 2664 1399 2717 inde
1419 2664 1593 2727 corroirrcitur,
1605 2660 1675 2733 quad
1687 2670 1754 2714 tem·

123 2746 187 2801 pure
202 2747 251 2786 suo
264 2733 353 2788 nullus
367 2735 520 2803 apostolicae
529 2735 586 2789 sedi
596 2736 715 2805 proeluit,
730 2737 774 2788 cui
792 2736 921 2791 h'icolaus
935 2752 1029 2790 rronsen
1055 2737 1147 2804 luerit.
1166 2734 1237 2788 liuie
1248 2750 1310 2803 erpo
1330 2734 1385 2788 uiro
1399 2742 1490 2788 saneto
1509 2732 1670 2795 consimiles,
1686 2732 1713 2785 in
1725 2746 1753 2785 ss

124 2809 214 2855 sancte
224 2803 348 2868 uiuentes,
365 2813 390 2857 et
405 2805 519 2858 aliorum
533 2804 712 2858 inordinatam
724 2808 803 2859 uitam
815 2822 866 2860 rron
882 2816 993 2871 tuentes,
1011 2807 1065 2859 imo
1079 2820 1126 2874 pra
1140 2820 1216 2873 posse
1229 2803 1325 2858 saltem
1339 2804 1492 2872 apostolicis
1506 2802 1633 2871 exemplis
1645 2803 1753 2855 destru-

123 2880 195 2924 entes
211 2872 300 2925 uocari
315 2884 424 2941 possunt
436 2875 570 2943 parentes,
585 2883 675 2943 utpote
688 2876 849 2929 desideriam
865 2876 992 2944 floridum
1006 2874 1130 2930 habentes
1149 2874 1182 2928 ub
1194 2873 1345 2927 inordinate
1355 2873 1501 2928 uiuentibus
1512 2871 1631 2937 dissolri,
1653 2880 1679 2925 et
1693 2886 1754 2924 cem

125 2937 233 2996 Christo
244 2957 299 2996 esse
312 2944 340 2995 in
351 2944 498 3011 apostoliea
510 2953 535 2996 et
545 2953 639 2998 sanctu
652 2945 858 3009 conuersatione,
871 2944 941 3015 quod
955 2955 1077 2998 sunctum
1092 2943 1249 2999 lidalricum
1265 2942 1376 3012 legimus
1393 2944 1567 3005 desiderasse,
1585 2942 1632 3012 qui
1643 2941 1754 2996 diruisse

124 3011 278 3080 episcopatu
293 3012 392 3079 cupierit
406 3014 476 3068 inter
490 3014 632 3068 rnoirachas
648 3019 729 3068 sitam
747 3014 930 3084 apostolicam,
943 3015 1006 3084 quia
1021 3024 1084 3068 tuac
1100 3014 1224 3083 temporis
1242 3014 1270 3067 in
1285 3011 1354 3067 clero
1372 3014 1416 3069 oia
1429 3014 1515 3084 potuit
1536 3012 1650 3066 inuenire
1662 3008 1749 3065 illam.

125 3078 165 3133 lta
177 3077 323 3136 Ger-hobus
337 3091 433 3137 auctor
448 3084 629 3154 grauissimus
645 3085 718 3139 illius
736 3086 877 3154 temporis,
892 3101 948 3153 quo
966 3101 981 3138 a
995 3084 1199 3139 concubinariis
1210 3083 1317 3139 clericis
1332 3083 1431 3138 bellula
1448 3083 1492 3138 ilia
1504 3082 1619 3153 epistola
1634 3081 1667 3136 de
1680 3094 1747 3135 eon·

123 3149 382 3218 jugiisclericorum
404 3155 456 3208 suh
470 3154 637 3209 sanctissimi
661 3155 814 3223 Augustani
837 3155 955 3224 episcopi
982 3155 1093 3211 numine
1116 3155 1235 3209 maxime
1257 3153 1510 3209 circumferebatur.
1532 3152 1643 3208 intenm
1667 3148 1748 3205 ioan.

126 3219 281 3275 Gottlridus
296 3219 421 3277 llleurius
434 3222 607 3277 Bibliothecae
630 3226 788 3293 scriptorum
808 3225 900 3278 eccles.
923 3233 989 3277 torrr.
1008 3223 1039 3288 ΙΙ,
1063 3225 1099 3279 ita
1121 3224 1237 3279 scribit:
1260 3222 1402 3279 lidalrieus
1421 3223 1592 3291 dirqustanus
1606 3223 1754 3292 episcopus,

126 3305 213 3344 contet
230 3294 387 3362 ceteroquin
400 3291 574 3363 Dillingensis
589 3295 660 3348 circu
671 3299 771 3348 u'nnnm
790 3294 897 3357 Doruini
910 3296 963 3349 950
979 3296 1065 3363 riperta
1078 3294 1164 3349 relatu
1177 3292 1284 3365 Grprtaei
1297 3291 1382 3364 Proel.
1394 3293 1430 3348 ud
1443 3291 1645 3363 0rtbodotogr.
1662 3289 1755 3346 Vetct'.

126 3357 202 3415 Patr.
216 3359 313 3414 Essem
335 3362 432 3415 ibidem
451 3375 471 3417 t.
495 3362 589 3417 idat.
604 3363 694 3427 Pata,
709 3362 807 3433 [.ι81,
832 3377 856 3417 es
873 3364 944 3433 aprrd
964 3364 1111 3430 Caliacum,
1128 3373 1206 3418 tract.
1225 3363 1262 3418 lle
1281 3362 1410 3434 corrjugio
1425 3363 1599 3426 clericorum,
1621 3360 1754 3431 Append„
1841 3392 1845 3398 -

141 3468 148 3482 .
165 3429 191 3494 l,
207 3429 290 3496 eiuse
308 3431 389 3486 istola
402 3430 440 3487 De
452 3435 581 3506 coniugio
593 3436 766 3490 sacerdotum
778 3434 813 3486 ad
827 3434 970 3487 illieolourn
985 3434 997 3486 l
1012 3434 1045 3488 P.
1061 3433 1091 3488 tt.
1111 3435 1289 3506 sumptuque
1312 3434 1446 3487 eorrtendit
1462 3433 1612 3515 coniugium
1631 3446 1664 3485 eu
1680 3446 1703 3488 ts
1721 3446 1756 3484 uo

127 3447 375 3572 carnibusaseaque
388 3512 413 3555 et
433 3504 613 3558 sacerdotibus
627 3520 789 3569 eoncessum,
804 3520 850 3558 nec
870 3505 925 3558 illis
944 3503 1050 3573 tuliore
1063 3505 1101 3559 uel
1117 3513 1246 3574 praetecta
1267 3520 1342 3574 posse
1364 3503 1507 3573 prohiberi.
1528 3502 1668 3573 ltpitomeu
1681 3446 1755 3556 illius

126 3570 246 3650 epistole
259 3571 317 3624 uide
328 3574 399 3641 apud
412 3571 568 3643 Seiropffium
579 3576 706 3629 drudam.
717 3573 783 3628 lesu
796 3574 896 3628 Christi
908 3575 994 3630 Cluss.
1008 3575 1034 3637 9,
1049 3575 1069 3644 l.
1085 3575 1146 3630 lib.
1163 3575 1262 3644 Confer
1280 3573 1469 3629 Heilbrunneri
1486 3573 1620 3644 Pupstttm
1642 3572 1756 3628 acatho-

128 3638 223 3706 licum,
237 3641 258 3709 l.
278 3640 340 3707 656,
356 3651 382 3696 ιι
400 3642 536 3697 Galiutum
551 3646 589 3697 lle
603 3646 732 3714 coniugio
748 3644 922 3711 clericorum,
942 3662 1004 3715 pap.
1018 3643 1081 3710 502,
1100 3643 1159 3698 eth
1178 3645 1263 3709 diunt,
1279 3646 1349 3699 notis
1370 3644 1404 3698 ad
1417 3643 1555 3715 Clenraup.
1568 3643 1616 3714 fol.
1629 3642 1675 3699 ii.
1692 3640 1757 3696 Bel·

128 3707 259 3766 lucerinus
274 3709 372 3777 aliique
383 3712 532 3782 corrrplices,
547 3714 606 3782 ejas
619 3731 671 3768 non
689 3715 873 3779 meminerunt,
887 3716 956 3783 [orte
970 3715 1098 3783 quianon
1112 3714 1147 3766 ael
1159 3661 1317 3768 liltarmum.

165 3779 200 3834 hs
209 3782 281 3835 enim
295 3796 349 3834 riou
363 3781 423 3837 ideo
434 3782 616 3840 Bellarmluus
631 3784 732 3854 aliique
753 3784 882 3838 catholici
892 3785 1091 3840 bibliothecarii
1106 3783 1229 3853 epistolae
1240 3781 1422 3850 Udalricanse‚
1431 3799 1514 3853 quam
1525 3783 1607 3838 etiam
1620 3783 1648 3838 in
1661 3782 1757 3839 codiee

129 3849 249 3907 Udalriei
265 3850 500 3923 babenbergensis
511 3864 628 3921 exstare,
645 3856 672 3908 in
686 3853 809 3924 eiusdem
825 3863 972 3925 eorrspeetu
989 3853 1097 3922 publice
1114 3854 1340 3924 significavimus,
1357 3869 1411 3909 oon
1426 3853 1620 3918 meminerunt,
1631 3854 1678 3909 sed
1690 3853 1754 3923 quie

130 3921 275 3977 coolietam
289 3929 315 3976 et
328 3922 485 3977 castissimo
499 3925 607 3993 praesuli
624 3941 640 3980 a
656 3924 858 3993 correuhiuariis
873 3924 1042 3994 suppositam
1060 3938 1121 3979 esse
1141 3923 1326 3980 certissimum
1341 3924 1506 3978 babuerunt.
1525 3925 1579 3978 [ιιι
1597 3922 1672 3977 uliud
1691 3938 1757 3978 cen·

130 3990 232 4047 suisset
248 3992 306 4062 ipse
327 3990 462 4057 Olennius,
479 3999 520 4047 uir
532 3996 667 4059 errrditus,
687 3994 709 4048 si
727 3993 768 4048 rel
785 3994 907 4062 epistolae
923 3994 1130 4063 inscriptionem
1145 4009 1208 4048 cum
1224 3992 1353 4048 Gcrhoho
1370 3993 1554 4064 expendisset,
1574 3993 1654 4063 cuijus
1671 3992 1755 4045 etiam

130 4070 228 4115 cetera
242 4062 392 4117 auctoritas
405 4064 471 4117 rruili
488 4080 541 4118 uon
562 4066 672 4120 erudito
686 4064 775 4133 rnajor
788 4064 850 4130 erit,
863 4080 946 4134 quam
962 4064 1085 4119 omnium
1107 4065 1291 4118 recentiorum
1308 4062 1461 4130 hominum,
1485 4077 1556 4133 quos
1572 4074 1620 4132 pru
1639 4076 1668 4116 se
1689 4075 1757 4116 cou-

130 4132 201 4255 gerit
214 4143 241 4186 et
252 4132 362 4189 adducit
373 4132 509 4189 Olearius.
521 4135 654 4190 Colunrua
669 4134 718 4189 tet
732 4142 760 4188 et
777 4135 901 4203 sequeuti
918 4134 1003 4189 multa
1016 4134 1050 4188 de
1070 4131 1240 4204 danegeldo,
1259 4133 1365 4189 decano
1381 4131 1625 4197 haiterrhueheusl,
1640 4130 1757 4212 ejusque

142 4202 202 4255 ibro
221 4217 272 4273 pro
289 4200 422 4274 Gregorio
438 4203 481 4257 llll
505 4205 532 4259 iu
554 4206 652 4274 vulgus
665 4206 767 4261 emisso
780 4204 876 4259 scribit
889 4203 1044 4269 Gerlrohus,
1061 4203 1183 4272 ejusdem
1198 4203 1358 4258 monasterii
1379 4203 1538 4258 eanonicus.
1555 4200 1632 4272 Lege,
1654 4200 1754 4270 iuquit,

131 4270 230 4330 librum
255 4276 376 4328 anostri
398 4273 511 4329 claustri
531 4278 664 4346 parotidum
677 4275 777 4329 decurro
798 4273 955 4345 Marreqoldo
968 4285 1060 4328 corttru
1086 4272 1190 4343 septimi
1205 4270 1326 4343 Gregorii
1350 4273 1509 4327 laceratores
1527 4273 1709 4341 compositum,
1730 4279 1755 4324 et

131 4341 247 4398 inuenies
265 4344 294 4398 in
306 4359 336 4398 eo
350 4344 506 4413 [artissimis
530 4344 736 4399 auetoritatibus
758 4350 909 4414 probatura,
922 4345 991 4468 lum
1005 4353 1029 4398 et
1045 4359 1092 4397 nas
1113 4342 1224 4413 probare
1245 4343 1435 4400 contendimus.
1451 4343 1514 4414 quia
1530 4342 1649 4397 uidelicet
1669 4340 1756 4411 lerni-

132 4420 222 4469 euntes
232 4423 259 4469 et
269 4419 376 4482 insuper
388 4416 530 4469 interdicta
547 4417 632 4540 aspicia
644 4425 802 4485 usurpantes
815 4417 906 4470 clerici
925 4413 1070 4468 Nicolaitae
1082 4422 1143 4467 sunt
1157 4422 1182 4467 et
1193 4413 1310 4468 heretici
1332 4429 1383 4467 reon
1399 4413 1484 4467 solum
1498 4429 1558 4466 cunr
1571 4411 1695 4477 Nicoluo,
1710 4411 1755 4466 sed

131 4484 214 4538 etiam
225 4501 286 4538 cum
298 4484 402 4539 Eblana
412 4502 444 4539 ac
457 4484 542 4539 Paulo
573 4497 736 4542 amaruleno.
747 4484 856 4541 Talibus
863 4486 934 4540 enirn
945 4501 978 4540 es
991 4482 1138 4539 rationibus
1149 4484 1286 4538 excusauit
1299 4483 1439 4554 septimum
1452 4481 1645 4554 Gramrianae
1657 4489 1755 4535 suestre·

134 4561 212 4608 terre
223 4554 326 4609 clericis
341 4557 372 4610 ab
383 4556 431 4610 hac
445 4556 602 4622 laceratum,
618 4558 687 4628 quad
702 4558 893 4626 fornicantibus
905 4555 1002 4610 altaris
1022 4553 1150 4610 ministris
1161 4554 1300 4610 interdixit
1314 4570 1365 4608 nort
1380 4553 1466 4610 salum
1482 4554 1603 4624 spiciam,
1617 4551 1755 4606 sedetiam

133 4616 261 4682 Ecclesiae
277 4625 427 4680 introitum.
447 4625 572 4696 Cumque
586 4627 761 4683 adrersarius
776 4627 923 4696 objecisset
935 4624 1065 4681 Gerhoho
1084 4622 1236 4697 danegeldi
1249 4625 1477 4693 importunitatem
1492 4632 1518 4678 et
1541 4633 1662 4689 nrortem,
1678 4636 1756 4677 com·

133 4709 301 4764 esuriemque
318 4697 486 4765 opinionem,
500 4712 554 4767 qua
569 4698 726 4766 putabatur,
739 4697 890 4767 deturpaldi
904 4696 1012 4762 librum,
1025 4696 1086 4751 licet
1098 4696 1126 4749 in
1140 4695 1291 4765 delerssione
1302 4695 1408 4766 septimi
1424 4692 1545 4765 Geeperii
1559 4694 1640 4765 smne
1650 4707 1756 4763 eampo-

133 4764 213 4829 situs,
230 4774 318 4819 tamen
333 4766 365 4820 ab
380 4770 437 4838 ipso
451 4783 504 4827 ιιοιι
518 4769 601 4835 tuisse
613 4768 799 4838 approbatum,
816 4769 962 4836 respondet
976 4764 1133 4833 Gerhohus,
1149 4782 1200 4822 uec
1212 4771 1249 4822 'se
1264 4766 1363 4820 llbrum
1379 4764 1455 4820 illum
1470 4762 1565 4820 habere
1577 4780 1624 4834 pre
1638 4763 1756 4817 auctori·

135 4843 199 4901 tate,
214 4834 275 4889 licet
287 4851 346 4890 earn
360 4839 429 4894 sciat
442 4838 579 4891 catholicis
595 4839 676 4892 etium
685 4838 813 4908 episcopis
824 4838 968 4907 placuisse,
986 4838 1030 4908 qui
1041 4847 1148 4908 propter
1162 4834 1356 4906 Wigbertinam
1372 4836 1487 4891 schisma
1499 4835 1603 4906 expulsi
1615 4846 1676 4890 tuae
1690 4843 1757 4887 tem·

133 4906 205 4978 poris
219 4905 420 4976 frequentabant
434 4908 581 4962 claustrum
591 4907 825 4963 Ruiteabuclrense.
843 4906 895 4962 Sed
909 4908 944 4960 ad
956 4908 1015 4973 hoc,
1030 4907 1118 4978 inquit
1132 4905 1287 4970 Gerhohos,
1303 4904 1350 4958 tibi
1366 4907 1518 4975 respondeo,
1530 4905 1600 4978 quod
1618 4920 1658 4960 me
1670 4904 1755 4959 eredis

134 4978 272 5032 dissonam
286 4993 302 5028 a
315 4977 430 5047 frutrran
453 4994 570 5033 nieorum
587 4977 702 5047 repuluri
717 4977 837 5049 callepio,
860 4994 920 5032 cum
939 4978 1037 5049 [ratres
1052 4978 1103 5032 mei
1125 4972 1326 5047 probabiliores,
1349 4975 1423 5030 illius
1443 4976 1604 5048 Manepoldi,
1623 4975 1756 5047 qrrorrdum

134 5047 191 5102 illic
202 5046 307 5115 decani,
326 5050 380 5103 sint
394 5048 558 5115 laudatores,
575 5049 738 5119 habeantque
750 5050 852 5120 scripta
865 5048 941 5103 illius
954 5048 1031 5119 quusi
1045 5062 1170 5118 responsu
1186 5044 1297 5101 celestis
1311 5047 1425 5113 oraculi,
1437 5048 1532 5119 quibus
1549 5048 1579 5101 in
1591 5044 1755 5167 Wipbertino

135 5117 277 5174 schismate
287 5134 338 5173 non
352 5118 420 5174 nulli
432 5121 538 5189 [uerum
554 5119 589 5174 ud
600 5119 758 5173 cuthalrcum
768 5121 897 5183 unitatem
906 5117 1060 5189 confortati,
1075 5117 1169 5189 quibus
1181 5124 1206 5170 ιι
1217 5116 1359 5172 seculares
1371 5128 1463 5172 contra
1474 5117 1621 5172 Ecclesium
1652 5115 1755 5184 leputa-

137 5198 205 5241 tores
216 5186 414 5260 aliquantulum
431 5201 492 5245 tunc
502 5191 609 5261 [uerunt
621 5190 763 5261 confutati.
780 5188 854 5245 Unde
864 5205 966 5259 semper
975 5204 1008 5243 aa
1023 5197 1085 5242 tunc
1099 5188 1126 5241 in
1146 5186 1366 5243 Ruitenbuchensi
1383 5186 1501 5243 claustro
1512 5204 1528 5241 u
1541 5182 1755 5258 prudentioribus

137 5256 278 5327 frutribus,
290 5271 336 5315 tua
354 5277 417 5316 uum
437 5261 523 5315 adhue
538 5262 617 5325 riuut,
643 5262 682 5316 sie
702 5260 870 5315 auditurille
886 5258 1012 5324 decanus,
1050 5259 1077 5312 ui
1090 5257 1151 5312 licet
1175 5257 1325 5327 defunctus,
1342 5258 1429 5313 adhuc
1443 5257 1572 5330 loquitur,
1585 5263 1611 5310 et
1628 5253 1715 5309 adhuc
1726 5253 1756 5306 irs

135 5328 244 5401 seriptis
260 5331 317 5384 suis
330 5277 522 5401 laurisannum
536 5331 671 5400 racudsis
685 5332 840 5397 detestatur,
855 5341 908 5385 etc.
922 5327 1024 5384 ibidem
1032 5274 1134 5383 laudat
1147 5327 1292 5384 Gerhohus
1301 5328 1443 5399 eujusdam
1457 5326 1593 5399 Anonymi
1605 5322 1754 5404 Raitenhu·

135 5397 248 5454 chorais
261 5401 411 5471 epistolam,
421 5411 449 5457 et
469 5404 615 5473 quemdam
630 5402 802 5457 chounradum
815 5403 847 5456 de
862 5398 947 5458 Silua.
970 5400 1064 5456 itidem
1078 5398 1243 5456 canonicum
1258 5396 1535 5465 Raitenbucbeusem,
1555 5409 1637 5467 quem
1655 5409 1683 5447 ιιι
1696 5408 1756 5448 sen·

137 5467 221 5524 tentia
233 5472 352 5527 ueritatis
359 5473 421 5543 jam
430 5473 546 5527 senuisse
559 5471 664 5528 scribit.
1702 5531 1709 5544 ⁰
1726 5531 1733 5545 ,

171 5537 307 5597 Caeterum
321 5543 356 5599 ad
373 5542 525 5614 danegeldi
539 5543 640 5598 librum
654 5541 728 5615 quod
743 5543 850 5608 attinet,
870 5540 1001 5612 suspicati
1018 5555 1115 5599 sumus
1128 5538 1156 5595 in
1173 5536 1273 5592 itinere
1287 5546 1383 5593 nostro
1399 5535 1540 5604 bovarico,
1555 5533 1711 5591 Praelatiom
1725 5546 1754 5587 ιιι

136 5609 256 5683 primum
269 5613 404 5670 uolumen
420 5613 532 5679 inserto,
548 5628 611 5670 cum
625 5629 679 5669 non
693 5628 754 5670 csse
766 5614 903 5670 diversum
918 5628 934 5668 a
948 5611 1026 5668 hiano
1045 5610 1100 5667 uidi
1123 5605 1255 5680 opusculo
1269 5616 1362 5662 euntm
1373 5606 1553 5677 Wolp'slmum
1573 5604 1753 5686 coloniensem

137 5680 173 5738 ub
182 5681 370 5743 eruditissimo
391 5683 540 5743 hurntorio
556 5691 623 5740 tom.
643 5681 676 5737 lv
687 5685 845 5740 ulnerdatar.
859 5682 981 5739 umbros.
1040 5684 1088 5740 ito.
1106 5680 1205 5739 terum
1222 5678 1263 5733 rel
1279 5679 1336 5734 sole
1356 5679 1440 5736 relata
1453 5692 1485 5733 ιιι
1500 5675 1620 5737 Gerhohr
1640 5672 1753 5742 Dralogo
