3892 6067
134 33 205 89 ¹595
608 35 771 94 tttstottttt
791 33 1060 96 vlzffldssssiisifl.
1080 65 1117 82 -·
1135 36 1201 93 tte.
1222 36 1266 93 tlt.
1593 84 1595 93 .
1692 38 1762 96 1591

133 164 202 221 pene
209 147 531 217 luissetsubvetsum,ne
540 151 594 224 pils
604 153 702 210 studiis
710 153 817 210 instilis
826 167 926 225 praeva-
945 156 967 214 Α
983 159 1066 209 latent
1078 154 1183 212 scilicet
1207 154 1275 214 usco
1297 153 1382 224 regio,
1393 165 1422 212 et
1443 154 1614 214 medietatem
1638 154 1769 217 Ecclesiae

133 241 202 298 leret
212 241 325 306 inridit,
335 236 529 300 reaediticatuttt
539 252 582 300 est
595 244 661 300 illud
675 245 813 302 abeodem
826 244 926 301 comite
977 243 1022 299 cui
1034 245 1109 300 litent
1134 246 1279 302 intulisset.
1304 245 1382 312 Quod
1394 261 1452 302 sure
1466 247 1641 305 auctoritatis
1669 265 1770 320 praee·

133 333 162 388 in
175 332 309 402 adjacenti
324 342 418 389 monte
436 335 494 391 sive
507 337 619 392 castello
633 334 822 404 vizeliacensi,
834 352 867 392 ac
885 336 927 393 ic·
978 346 1053 406 ptum
1076 345 1107 393 ut
1132 337 1284 407 pleniorem
1313 336 1451 394 firmitatis
1470 339 1591 407 vigorem
1617 340 1765 406 obtineret,

134 427 241 482 minino
275 441 342 483 sexu
376 435 562 495 commutato,
586 444 727 485 servorum
752 427 801 485 liei
821 429 926 499 primus
977 429 1411 495 mauusuailludllrmaveruttt,
1440 441 1467 485 et
1493 429 1631 501 sigillisui
1654 431 1770 501 ituprcs·

134 520 247 577 edectm
260 533 302 576 est
316 520 402 576 abbas
414 521 500 578 Eudo.
714 514 720 522 “
977 521 1053 577 sione
1071 523 1257 592 signaverunt.

170 610 280 666 Samma
306 611 502 683 privilegiorum
524 614 738 683 apostolicorum.
759 615 854 674 tanta
871 620 925 691 igi·
1012 609 1133 667 Invidere
1146 611 1234 682 pieres
1249 612 1366 670 libertati
1383 613 1465 668 viset.
1481 614 1640 670 baiiieimtts
1656 612 1767 669 Nivcrtt.

134 712 181 757 tur
204 701 358 758 devotionis
374 703 502 773 pietatem
525 704 647 773 ejusdem
672 706 782 762 comitis
803 706 926 764 Romana
977 701 1070 758 Comes
1087 720 1215 776 “turpare
1241 714 1325 761 tentat
1342 706 1407 775 justu
1435 704 1515 762 viaet·
1530 705 1695 760 Μοιαιιειίί.
1711 703 1768 760 Sub

134 794 213 850 sedes
228 796 527 866 stelantetetbenitue
540 800 705 869 suscipiens,
722 801 825 870 placuit
836 801 925 872 ipsum
977 802 1059 850 ιιιιιι
1074 796 1157 866 igitur
1170 797 1304 853 libertatis
1318 807 1342 853 et
1357 796 1538 853 immunitatis
1552 797 1706 868 integrimte
1719 811 1769 852 no-

134 885 289 941 coenobittm
310 887 424 960 proprio
437 888 492 957 jort
513 897 541 944 et
563 890 664 946 allodio
693 891 725 947 Β,
748 891 820 947 Petri
841 894 926 948 ascri.
977 886 1045 941 tella
1059 886 1190 956 plantatio
1209 903 1279 944 novo
1302 888 1404 958 cespite
1419 887 1572 958 pullulavit,
1585 898 1611 942 et
1627 901 1767 942 ramorum

133 975 209 1041 ltere,
220 983 248 1029 et
259 976 346 1045 gratia
373 977 415 1032 vel
429 978 502 1034 dono
517 980 854 1050 apostolicaeauctoritztis
877 998 927 1039 aa·
977 993 1091 1034 suorum
1107 979 1186 1036 viridi
1203 977 1342 1035 fertilitate
1356 979 1490 1050 plurimas
1506 979 1659 1049 provincias
1672 979 1767 1036 illexit.

134 1076 208 1124 ctum
224 1068 341 1122 munire.
366 1066 507 1140 Siquidem
533 1072 690 1144 hujusmodi
712 1074 852 1146 privilegia
869 1090 927 1131 suae
978 1069 1042 1137 Sed,
1062 1072 1191 1141 quoniam
1217 1070 1402 1128 itttercaetera
1426 1071 1566 1140 vitiaque
1590 1072 1616 1126 in
1637 1071 1770 1141 praevari-
1820 1139 1822 1142 ι

134 1155 292 1224 apostolicae
315 1158 487 1216 auctoritatis
503 1160 614 1218 decreto
637 1161 755 1220 Romani
783 1165 926 1235 pontiliccs
978 1163 1086 1217 catione
1107 1161 1188 1231 primi
1205 1162 1327 1231 parentis
1353 1162 1473 1216 ltumana
1496 1162 1633 1218 contraxit
1660 1172 1768 1227 natura,

134 1246 305 1318 indulgentes
328 1261 526 1308 concesserunt
558 1262 585 1310 et
612 1256 854 1324 confirmaverunt,
882 1265 926 1312 at·
977 1251 1086 1309 invilla
1120 1253 1191 1309 livor
1222 1253 1343 1310 atrocius
1376 1254 1526 1308 humanum
1556 1268 1642 1323 genus
1666 1252 1769 1321 iniecit,

134 1353 187 1408 que
199 1347 375 1407 statuerunt,
396 1351 426 1397 ut
456 1343 524 1398 nulli
553 1344 761 1415 imperatorum,
783 1347 851 1402 nulli
880 1362 925 1402 rc·
977 1341 1055 1398 multi
1069 1343 1120 1398 ttae
1137 1353 1213 1414 peste
1226 1344 1347 1414 corrupti
1357 1352 1412 1399 tam
1421 1342 1674 1401 Ecclesiasticarum
1686 1359 1770 1414 quam

133 1446 209 1503 cum,
236 1432 303 1487 nulli
332 1435 497 1503 antistitum,
526 1437 594 1493 nulli
626 1454 790 1510 quacunque
813 1438 926 1510 praedito
978 1432 1150 1487 saecularium
1165 1433 1453 1503 circumadjacentium
1469 1441 1644 1504 potestatum,
1655 1433 1724 1489 stola
1738 1434 1772 1488 li-

133 1522 264 1593 dignitate
288 1523 321 1580 de
333 1526 376 1581 lais
388 1542 450 1597 qnae
465 1528 554 1584 eidem
585 1530 753 1586 monaterio
776 1530 812 1586 ab
830 1531 926 1586 codem
944 1508 964 1563 Β
979 1524 1093 1580 bertatis
1108 1525 1237 1597 spoliare,
1260 1533 1288 1581 et
1306 1525 1393 1597 gloria
1419 1541 1476 1581 suae
1500 1525 1651 1580 nobilitatis
1664 1525 1771 1596 privare

132 1613 234 1668 comite
248 1612 290 1667 vel
309 1628 325 1668 a
344 1614 512 1684 quibuslibet
533 1617 568 1674 de
595 1619 708 1690 proprio
729 1617 846 1676 tuissent
864 1619 927 1690 iure
977 1615 1035 1686 iam
1056 1614 1160 1670 dictum
1193 1615 1389 1671 monasterium
1409 1623 1552 1681 conantes,
1578 1616 1612 1670 dc
1632 1614 1714 1670 corde
1741 1613 1770 1669 in

133 1703 242 1771 cettan,
270 1705 323 1760 sub
345 1707 436 1775 specie
460 1706 608 1777 cujuslibet
620 1724 711 1766 causa*
725 1710 783 1766 sive
798 1710 924 1767 occasio·
979 1708 1062 1764 corde
1075 1707 1161 1763 locuti
1175 1708 1366 1779 cogitaverunt
1378 1707 1412 1761 ad
1431 1706 1547 1762 invicem
1564 1705 1725 1777 nequitiam,
1743 1714 1772 1761 et

133 1794 321 1863 nisminuere,
335 1798 378 1853 vel
389 1798 510 1867 auterre,
525 1799 583 1856 sive
597 1801 656 1855 suia
671 1801 767 1858 usibus
777 1801 926 1872 applicare,
977 1810 1201 1873 pet-transeuntes
1215 1801 1244 1855 iu
1261 1799 1388 1856 affectum
1403 1800 1507 1865 cordis,
1531 1799 1715 1881 ignominiam!
1727 1812 1772 1853 re·

133 1887 176 1943 rel
190 1885 253 1944 aliis
267 1888 347 1959 quasi
375 1890 428 1959 piis
447 1891 539 1947 causis
566 1905 616 1960 pto
639 1906 696 1948 suae
711 1893 833 1947 avaritie
843 1907 928 1949 cxcu-
978 1899 1159 1960 portaverunt
1187 1905 1245 1946 suae
1258 1887 1439 1946 eortiusionis.
1453 1887 1530 1944 Licet
1544 1887 1645 1943 etenim
1655 1885 1772 1943 diversis

132 1979 329 2036 sationaliceat
343 1996 511 2054 quocunqne
538 1983 621 2039 modo
643 1984 804 2052 concedere,
829 1984 876 2041 sed
891 1983 926 2040 ab
977 1980 1200 2050 temporibusve!
1224 1978 1326 2050 pariter
1344 1979 1387 2034 vel
1405 1977 1527 2034 vicissim
1542 1977 1596 2034 silti
1619 1978 1772 2034 succeden-

131 2069 235 2141 eisqui
252 2070 280 2124 itt
294 2071 391 2127 eodem
415 2072 475 2129 loco
491 2072 620 2144 religiosa
645 2076 854 2131 couversatione
878 2075 936 2131 tle-⁶
976 2081 1027 2136 tes.
1039 2073 1109 2129 sacri
1121 2071 1239 2128 eoenohii
1252 2086 1346 2142 panem
1356 2085 1466 2136 vexare,
1481 2070 1646 2140 inquietare,
1659 2078 1769 2139 pertur-

133 2170 237 2230 gereut,
253 2161 356 2219 illibata
370 2171 399 2220 ct
411 2163 472 2220 sine
495 2164 684 2234 inquietudine
705 2166 924 2237 possiderentur;
975 2161 1041 2218 bare
1052 2163 1223 2229 sentirentur,
1237 2171 1264 2217 et
1280 2161 1415 2218 maximos
1427 2175 1587 2233 magnaeque
1600 2159 1772 2216 auctoritatis

131 2265 164 2305 ea
185 2252 344 2309 conditione
375 2264 406 2311 ut
430 2256 524 2313 nullus
549 2255 738 2313 Romanorum
765 2258 926 2329 pontilicum
975 2255 1096 2327 ejusdam
1109 2252 1228 2310 cenobii
1242 2252 1339 2309 Patres
1352 2251 1503 2307 multifarie
1513 2251 1662 2320 multisque
1682 2249 1772 2305 modis

132 2357 254 2411 unquam
276 2345 319 2398 ιιι
333 2360 448 2415 utquam
460 2346 590 2415 quiddam
601 2347 635 2402 de
653 2347 757 2404 eisdem
771 2349 855 2404 rebus
866 2348 926 2404 eui·
975 2346 1082 2405 allicere
1092 2361 1148 2401 non
1161 2352 1334 2410 uererentur,
1348 2357 1429 2398 omne
1441 2352 1531 2398 tamen
1550 2342 1625 2395 virus
1638 2340 1768 2409 nuquitiae

132 2446 215 2502 quam
235 2433 599 2503 beneficiareoontmutare,
617 2445 665 2491 aut
684 2438 736 2494 sub
760 2453 925 2494 ecusueou·
975 2452 1032 2494 suas
1047 2436 1233 2506 malignitatis,
1246 2441 1389 2504 totumque
1408 2447 1555 2503 possesne
1570 2431 1709 2502 pravitatis
1722 2446 1771 2501 ge·

131 2525 238 2589 cedere,
254 2524 295 2580 rel
310 2527 427 2583 retinere
438 2543 488 2599 per
512 2526 603 2584 lutura
627 2536 748 2598 tempora
770 2538 924 2600 pateretur,
975 2528 1081 2586 uenatio
1092 2541 1210 2597 nequam
1225 2537 1252 2582 et
1265 2525 1390 2595 viperina
1416 2524 1442 2579 in
1458 2522 1715 2595 praestantissimum
1727 2530 1771 2579 at·

132 2616 180 2672 sed
205 2631 318 2673 censum
345 2618 536 2674 tantummodo
557 2619 640 2675 unius
661 2620 737 2675 librae
760 2621 865 2691 argenti
896 2621 924 2677 in
974 2635 1028 2691 que
1037 2617 1281 2689 prudentissimum
1296 2616 1383 2673 nostri
1407 2616 1538 2687 temporis
1555 2614 1681 2670 abbatem
1700 2612 1772 2668 Pnu-

132 2715 297 2764 testamento
312 2708 597 2781 traditionissittgulis
611 2712 692 2768 annis
704 2711 739 2766 ab
753 2711 850 2768 eodem
865 2726 925 2767 mo-
977 2709 1046 2766 lium
1071 2715 1265 2775 evomuerunt,
1288 2715 1317 2764 et
1338 2716 1498 2763 evomentes
1521 2704 1723 2761 cttutabucrunt
1744 2711 1773 2759 ct

133 2796 255 2851 nasterio
280 2795 404 2854 Romana
419 2798 500 2855 sedes
524 2800 673 2870 accipiens,
689 2801 741 2871 piae
754 2801 924 2873 paternitatis
937 2831 962 2894 c
977 2800 1146 2867 deiecerunt,
1172 2799 1318 2857 eviscerati
1332 2806 1397 2855 sunt
1421 2806 1449 2855 ιι
1464 2797 1607 2854 annihilati
1619 2807 1693 2853 sunt.
1724 2795 1770 2851 Pia

133 2885 293 2956 suffragium
323 2888 507 2945 sollicitudine
530 2890 661 2960 pastotali
676 2892 923 2963 vigilanterroutra
975 2893 1077 2965 quippe
1090 2891 1317 2949 vizeliacensium
1340 2886 1648 2954 abbatumsollicitudu,
1664 2886 1772 2944 obesa·

132 2994 229 3035 omnes
242 2979 402 3036 iniectantes
415 2981 503 3037 eidem
519 2983 676 3053 impendere
690 2984 805 3042 studeat.
823 2984 924 3041 Statuit
974 2983 1040 3040 bras
1068 2982 1216 3054 impiorum
1249 2979 1392 3037 hominum
1424 2976 1601 3034 infestatione
1623 2977 1772 3034 comitibus

132 3079 243 3137 quoque
259 3067 339 3124 sedes
359 3069 521 3139 apostolica,
544 3080 574 3128 ut
594 3071 654 3128 sinc
667 3072 814 3142 cujuslibet
828 3074 924 3129 subre-
973 3072 1150 3132 Niverttensis
1168 3071 1286 3130 civitatis
1307 3069 1498 3127 liberalissima
1522 3068 1689 3141 indulgentia
1715 3067 1771 3124 lte-

131 3158 234 3226 ptionis
244 3159 344 3215 astutia
360 3159 499 3218 commoni
521 3176 657 3219 consensu
673 3162 799 3233 iratrum,
817 3164 859 3221 vei
879 3179 924 3221 sa·
973 3173 1090 3236 quenter
1119 3171 1302 3235 spontaneum
1331 3158 1508 3231 impendebat
1522 3157 1699 3227 obsequium,
1714 3171 1771 3227 quo

133 3250 219 3306 nioris
232 3250 318 3320 partis
338 3251 460 3321 ejusdem
478 3254 597 3310 coenubii
620 3255 749 3322 consilio,
774 3255 923 3315 eleetoab·
973 3246 1772 3318 devotiuscenuaomnceadrersnmespraesidiante-rens

132 3339 205 3406 bate,
221 3353 278 3395 eta
298 3339 422 3396 Romano
436 3342 553 3411 praesuta
575 3344 737 3413 approbato,
758 3346 793 3401 dc
812 3347 923 3402 ordiua-
973 3349 1189 3419 scelestaque
1206 3346 1282 3402 nullo
1294 3345 1357 3416 jure
1372 3343 1424 3399 sibi
1445 3341 1578 3408 obnoxia,
1594 3340 1690 3397 &⁶⁰¹⁰
1703 3352 1770 3410 vsa·

133 3433 207 3487 tione
222 3431 375 3501 ipsius,aut
387 3432 645 3496 monachorutu,vel
654 3434 828 3499 clericorum,
838 3451 924 3491 ucctte
973 3442 1042 3497 suita
1052 3440 1105 3496 sibi
1117 3439 1260 3509 largiretur
1268 3435 1409 3504 beneficia.
1422 3433 1521 3489 verum
1533 3433 1651 3505 degener
1661 3429 1770 3485 animus

132 3523 365 3593 presbyterorum,
391 3537 438 3578 sett
464 3522 498 3577 de
521 3522 665 3593 largitione
689 3524 856 3594 chrismatis,
876 3538 924 3583 aut
973 3531 1230 3598 benetlciisscmper
1243 3527 1377 3588 abutitur,
1390 3535 1473 3595 atque
1490 3524 1617 3595 gratuitis
1631 3521 1771 3591 obsequiis

133 3613 482 3680 conseersttmebastticn,
504 3614 598 3670 autde
612 3628 777 3684 quacunque
806 3631 925 3674 commo
973 3620 1135 3677 insolentior
1157 3632 1355 3688 nonnunquam
1380 3615 1506 3683 efficitur,
1529 3630 1579 3671 uec
1605 3614 1769 3684 obsequium

132 3703 218 3758 ditate
244 3702 395 3771 spiritualis
421 3703 466 3758 vel
504 3705 663 3773 temporalis
684 3704 808 3774 obsequii
831 3706 924 3763 nullus
972 3711 1067 3783 gratiae
1080 3709 1238 3774 ascribitur,
1259 3707 1332 3778 quod
1359 3706 1466 3779 ingrato
1491 3705 1658 3762 decernitur.
1692 3704 1771 3763 Unde

133 3793 303 3864 pontiticum,
324 3792 416 3848 ttttllus
428 3808 533 3863 regum,
545 3792 637 3848 nullus
659 3793 703 3847 vel
725 3790 924 3849 Ecclesiasticus
973 3803 1079 3859 sactum
1092 3809 1135 3857 est
1159 3798 1380 3866 eventilemus,
1400 3797 1446 3868 qui
1462 3796 1634 3868 postmodum
1653 3794 1772 3851 carum..

134 3883 175 3938 v⁰¹
196 3882 615 3954 ⁵ae⁰v¹²¹5⁵llflf⁵⁰¹¹aesst¹⁶¹ivms
630 3897 722 3954 ΡΜ
744 3884 925 3956 wilwimu-
972 3892 1147 3949 siaeedectus
1162 3902 1206 3948 est
1234 3891 1398 3951 monaeltns,
1428 3888 1494 3944 dum
1514 3887 1771 3944 lvtternemtscivi·

135 3991 166 4031 vc
186 3990 331 4045 personam
351 3975 486 4045 accipere,
518 3975 650 4046 actitatis
665 3975 767 4046 aliquid
796 3976 924 4033 bibitio·
973 3979 1221 4038 tntiseonsulatttrn
1238 3987 1354 4052 gereret,
1371 3977 1480 4035 salariis
1503 3976 1663 4049 atquealiis
1681 3974 1773 4031 Eccle-

134 4068 227 4123 diccte
245 4068 367 4123 auderet.
973 4075 1023 4130 sie
1040 4072 1180 4129 lteuellciis
1208 4071 1359 4129 insolenter
1383 4070 1498 4137 abusus,
1520 4068 1668 4124 nonnullas
1689 4069 1724 4123 ab
1738 4083 1771 4124 ua

103 4153 109 4163 ’
170 4157 271 4213 Taliter
290 4158 448 4228 apostolicis
466 4158 614 4230 privilegiis
642 4159 812 4230 compositis,
835 4158 921 4215 Fran·
936 4172 959 4229 1)
973 4164 1250 4221 consuetutlittesnon
1275 4161 1365 4217 solum
1392 4161 1479 4233 pacis,
1499 4158 1643 4215 sedetiam
1659 4158 1771 4214 liberta·

133 4262 228 4301 corum
243 4259 456 4316 quoqueregutn
483 4247 613 4317 ntajestas
625 4247 712 4303 eidem
725 4249 850 4306 coenobiu
866 4249 921 4307 elc-
972 4253 1008 4308 tis
1029 4253 1166 4319 inimicos,
1184 4252 1298 4323 pervim
1326 4250 1479 4324 tyrannidis
1497 4250 1606 4321 exigere
1622 4247 1769 4306 nitebatur.

135 4348 240 4394 utentes
257 4339 408 4409 prospexit,
422 4347 450 4395 ct
470 4339 598 4409 precibus
617 4339 731 4396 illustris
744 4338 858 4398 Gerardi
874 4357 921 4397 eo-
971 4343 1057 4416 Cujus
1084 4354 1248 4415 aspernatus
1270 4343 1443 4401 insolentiam
1476 4341 1648 4397 venenattdus
1680 4342 1765 4397 altltus

135 4430 209 4485 ruitis
231 4429 326 4487 favens
353 4431 406 4488 tale
428 4432 549 4488 edictum
567 4430 654 4487 eidem
679 4432 737 4488 lteri
768 4434 920 4502 constituit,
969 4434 1093 4504 Pontius,
1108 4435 1310 4492 rationabiliter
1324 4434 1469 4506 denegavit
1484 4432 1557 4504 qnod
1577 4432 1677 4503 iniuste
1696 4441 1769 4504 pete·

134 4538 182 4592 per
192 4522 265 4592 quod
280 4522 413 4593 quidquid
427 4522 583 4593 apostolice
606 4523 679 4581 sedis
706 4524 845 4581 decretum
857 4542 922 4582 sau·
970 4528 1061 4593 batur,
1074 4537 1101 4584 et
1111 4528 1258 4599 prudenter
1267 4527 1440 4584 cottservat·it
1454 4527 1526 4597 quod
1539 4525 1701 4597 potestative
1711 4525 1771 4580 exi-

133 4615 230 4669 cicndo
241 4614 430 4683 deliberasset,
448 4615 552 4686 absque
570 4614 687 4686 alicujus
698 4617 921 4673 contradictionis
971 4618 1094 4690 gebatur.
1110 4617 1210 4673 Dolens
1225 4616 1318 4686 itaque
1329 4612 1556 4670 Nivemensissic
1568 4628 1598 4670 se
1616 4611 1767 4681 repulsum,

133 4704 264 4775 scrupulo
289 4706 428 4775 perpetuis
461 4706 629 4777 temporibus
651 4707 842 4763 inconvulsum
862 4724 921 4765 ma·
970 4708 1117 4764 intentam
1149 4706 1254 4763 exarsit
1282 4705 1463 4774 iracundiam,
1480 4712 1510 4760 ut
1528 4713 1628 4761 stratas
1646 4704 1768 4776 regiasa

132 4812 198 4852 nere
209 4797 323 4863 statuit;
340 4796 501 4868 precipiens
512 4806 542 4852 ιι
553 4797 626 4852 nulla
639 4798 779 4855 saecularis
791 4814 920 4870 persona,
975 4798 1113 4854 vizeliaco
1128 4799 1285 4861 diverteret,
1296 4806 1323 4851 et
1340 4795 1671 4868 pttblicumcommeatum
1682 4807 1697 4847 a
1707 4790 1768 4847 vico

132 4886 174 4941 vel
188 4903 220 4942 ex
236 4887 329 4944 missis
344 4888 428 4957 regiis
440 4888 468 4943 in
489 4888 603 4959 praeiato
615 4890 751 4959 coenobio,
767 4901 813 4947 aut
834 4892 923 4962 praeti-
971 4891 1139 4964 prohiberet.
1161 4888 1240 4944 Tunc
1257 4887 1450 4944 vizeliacensis
1475 4903 1539 4944 cum
1568 4884 1699 4941 benelicio
1717 4897 1768 4939 uec

132 4975 218 5029 tulato
228 4977 350 5045 castello,
360 4977 491 5035 sentitiis
501 4978 536 5034 ad
553 4980 644 5037 lucum
656 4980 745 5052 ipsum
760 4983 920 5053 pettiueuli·
971 4997 1051 5054 prece
1073 4982 1151 5053 gravi
1164 4980 1292 5038 comitem
1306 4996 1321 5036 a
1336 4981 1477 5054 proposito
1501 4978 1608 5034 flectere
1623 4976 1766 5047 potuisset,

132 5066 185 5124 bus
196 5066 359 5135 potestative
371 5068 529 5130 mansiones
537 5071 682 5142 acciperet,
690 5081 738 5129 aut
749 5083 858 5144 paratas
873 5090 920 5130 seu
971 5083 1073 5132 sanctae
1091 5073 1169 5130 matri
1189 5073 1346 5145 apostolicae
1360 5072 1418 5128 sedi
1432 5070 1563 5126 Romanae
1577 5068 1706 5125 Ecclesia
1722 5068 1766 5122 in·

132 5158 218 5222 freda,
234 5158 276 5212 vel
290 5159 490 5230 cespitaticum,
516 5176 564 5218 seu
579 5163 760 5233 pontaticum,
780 5173 828 5220 aut
853 5164 922 5221 infe
971 5166 1090 5224 sinuavit
1103 5167 1307 5238 oppressionem
1322 5163 1481 5219 monasterii
1496 5161 1550 5229 sui,
1565 5169 1593 5217 ct
1605 5176 1658 5231 qua
1670 5168 1766 5232 tyran*

133 5249 233 5316 rendae
249 5249 285 5305 ab
300 5264 334 5305 eo
360 5251 489 5322 exigeret.
515 5251 647 5324 Quisquis
665 5270 730 5310 tero
746 5256 798 5313 boc
821 5257 923 5312 immu·
972 5260 1035 5317 nide
1047 5260 1093 5332 jus
1102 5260 1145 5317 vel
1158 5259 1288 5315 allodium
1299 5258 1371 5313 beati
1383 5255 1456 5313 Petri
1468 5269 1561 5311 cemes
1574 5255 1763 5318 insectaretur,

131 5346 226 5402 nitatis
254 5345 394 5404 decretum
420 5355 553 5408 temerate
571 5359 758 5419 presumeret,
778 5362 922 5408 sexcento-
971 5352 1108 5424 exposuit.
1133 5351 1265 5408 Summus
1287 5359 1378 5408 autem
1411 5349 1533 5426 pontifex
1559 5348 1646 5404 eidem
1669 5345 1763 5403 comiti

133 5452 194 5494 rum
210 5436 360 5495 solidorum
375 5440 505 5496 muletam
521 5449 632 5498 coactus
643 5442 804 5512 exsolveret,
818 5442 920 5502 medie·
973 5444 1100 5502 reiterato
1115 5435 1239 5502 scribens
1258 5451 1288 5498 ut
1299 5441 1528 5501 abinseetatione
1552 5437 1678 5512 specialis
1700 5435 1763 5493 lilia
