3892 6067
167 220 203 276 95
407 261 410 266 a
436 213 588 273 outtttttllt
606 214 801 272 PRAEPOSlTl
820 214 1094 273 marchuuart-:uu
1111 215 1290 274 coruunt.
1307 216 1342 271 lN
1360 215 1530 276 PSALMOS.
1755 224 1790 280 96

168 348 221 395 tas.
239 335 346 393 Etenim
356 343 502 405 antequam
514 347 597 403 super
609 313 696 403 aquas
707 332 864 403 bnjrrsmodi
878 346 955 388 rere·
967 335 991 392 Α
1004 330 1138 398 Creatori,
1153 340 1296 401 propterea
1313 332 1340 385 in
1353 332 1494 402 passiones
1508 331 1664 402 ignnoriniae
1680 348 1747 398 sarae,
1762 335 1789 390 in

168 428 272 483 laretur
291 424 326 480 de
347 425 418 479 coelo
438 424 479 477 ira
495 420 543 475 Pei
556 437 606 492 per
624 421 803 494 Euangelium
826 423 952 487 Christi,
1005 421 1140 478 desideria
1156 421 1248 477 cordis
1270 422 1324 488 sui,
1344 420 1372 476 in
1387 421 1586 477 immunditiam
1602 421 1694 477 traditi
1714 430 1789 480 aurit.

168 532 223 571 non
241 520 369 586 poterant
382 527 430 568 eas
444 511 565 567 transire
579 527 659 583 reges
672 513 780 576 sancti,
801 512 907 568 scilicet
924 513 954 568 bi
1006 513 1088 570 ilectc
1100 528 1166 584 ergo
1178 513 1308 569 dicuntur
1332 512 1445 583 spiritus
1470 512 1613 569 immundi.
1629 511 1715 569 Porro
1727 514 1786 574 dra

170 604 218 675 qui
233 603 371 674 principes
391 600 450 658 sire
464 610 590 658 auctores
615 600 727 657 luerunt
748 601 954 673 Scripturarum
1005 605 1084 661 conis
1099 603 1356 668 nominerliabolus,
1372 603 1542 660 bestiaerero
1554 605 1733 675 appellatione
1748 608 1793 663 be·

169 694 315 761 raritatis,
334 691 431 764 quales
447 693 579 748 dicuntur
602 702 675 748 recte
698 691 808 749 venisse
832 694 867 749 ab
892 703 954 750 ortu
1005 695 1085 750 stlale
1102 709 1216 765 regnum
1239 694 1340 750 diaboli
1356 694 1484 750 hocloco
1499 704 1571 751 recte
1594 696 1731 766 designari
1749 699 1792 753 in-

168 785 246 851 colis,
262 785 326 856 quia
343 799 399 839 non
415 778 552 841 uenerunt
573 793 622 839 ιιι
644 784 727 840 Ιιιιιι
749 792 842 841 sunta
857 794 957 841 semet-
1006 783 1145 856 telligitur.
1160 781 1229 838 Nam
1244 783 1316 856 apud
1336 783 1474 840 Danielem
1496 800 1545 855 per
1557 794 1677 855 quatuor
1690 786 1792 842 bestias

169 876 249 947 ipsis,
264 876 312 932 sed
332 884 364 931 ut
379 875 559 947 loquerentur
579 875 653 945 qnod
672 875 851 947 loquerentur
877 891 956 932 acce·
1005 883 1124 947 quatuor
1135 874 1230 929 mnndi
1247 890 1330 946 regna
1344 873 1503 945 principalia
1519 876 1720 947 significantur,
1735 878 1792 933 sci-

168 975 269 1039 perunt
287 966 322 1021 ab
342 965 543 1021 illuminatione
562 964 727 1022 Divinitatis.
755 964 815 1022 Non
831 973 956 1036 poterant
1006 967 1287 1041 licetllahylonicnm‚
1311 967 1451 1023 Persicum
1465 967 1524 1023 sire
1536 965 1682 1036 lledicum,
1700 968 1792 1025 llace·
1813 957 1817 964 ”

169 1073 257 1128 aquas
268 1056 329 1112 illas
340 1056 461 1111 transire
478 1069 558 1125 reges
574 1055 635 1123 isti,
663 1071 717 1111 non
737 1064 865 1125 poterant
891 1070 955 1110 curn
1007 1062 1110 1117 donum
1127 1069 1209 1131 atque
1221 1057 1387 1113 Romanum.
1400 1057 1495 1114 Deorc
1506 1073 1571 1130 ergo
1586 1059 1713 1116 draconis
1735 1060 1793 1131 spi-

170 1162 225 1204 una
236 1147 331 1218 lingua
348 1145 481 1201 Hebraico
493 1160 639 1201 occurrere
657 1133 759 1202 Graecis
776 1145 901 1202 facundis
914 1146 957 1201 di·
1007 1152 1077 1207 ritus
1090 1151 1196 1221 primus
1208 1149 1357 1220 processit;
1373 1148 1437 1219 quia
1450 1149 1581 1219 magicam
1594 1158 1678 1206 artem
1696 1151 1793 1205 hnma-

170 1239 305 1310 aortisque
316 1237 422 1294 Latiaris
432 1237 640 1308 grammaticis,
652 1238 818 1305 rhetoribus,
832 1237 956 1293 dialecti·
1007 1259 1042 1298 na
1052 1243 1197 1298 curiositas
1208 1240 1468 1297 deconlabulatione
1482 1241 1583 1296 diaboli
1595 1241 1734 1298 addidicit.
1752 1241 1791 1297 lle

171 1337 222 1403 cis,
237 1343 278 1390 tot
296 1334 384 1404 poetis
397 1333 518 1405 tragicis,
531 1332 657 1397 comicis,
672 1332 808 1404 satyricis.
835 1330 956 1389 Necdum
1008 1351 1056 1391 ore
1069 1335 1163 1390 bestiae
1174 1351 1292 1406 sequens
1308 1333 1421 1406 spiritns
1434 1334 1537 1403 eririt3
1552 1337 1615 1405 quia
1630 1337 1735 1392 bestiali
1749 1353 1793 1393 re·

170 1428 244 1483 carim
258 1427 359 1483 bornen
371 1426 419 1482 liei
434 1428 567 1497 repletum
577 1434 637 1481 crat
649 1426 739 1496 aquis,
751 1425 866 1481 necdum
884 1426 957 1481 risos
1008 1443 1061 1498 gno
1073 1428 1169 1483 mundi
1183 1427 1266 1498 lrrrjus
1279 1426 1417 1482 adulando
1430 1426 1556 1482 lrumanae
1568 1429 1667 1484 mentis
1687 1428 1794 1500 ignobi-

171 1519 232 1591 eiua
248 1520 394 1575 inebriavit
406 1518 526 1590 Spiritus
541 1519 675 1585 veritatis,
687 1530 714 1574 ιι
728 1519 818 1575 ιιιιιι
831 1518 958 1589 plenissi·
1008 1518 1071 1573 litas
1097 1534 1175 1588 reges
1193 1529 1317 1573 terrenos
1334 1517 1459 1573 homines
1482 1517 1618 1588 figmentis
1635 1519 1750 1588 poeticis
1765 1520 1793 1575 in

172 1625 216 1666 me
230 1610 416 1666 redundabant
435 1624 557 1680 suosque
570 1609 664 1666 alreos
679 1609 829 1680 implebant
845 1609 956 1664 flumina
1008 1609 1075 1665 deos
1099 1618 1127 1664 et
1150 1609 1178 1663 in
1202 1608 1302 1664 ceolum
1325 1607 1520 1679 stellarumque
1540 1609 1620 1664 orbes
1645 1611 1793 1666 translatos

171 1699 318 1772 Babylonis
334 1719 341 1756 ε
358 1717 476 1771 quorum
489 1710 531 1757 ιιι
542 1701 755 1757 famosissimum
769 1700 835 1756 illud
847 1699 949 1756 llumcn
972 1666 1140 1756 ¹3fabulosis
1154 1699 1243 1756 neniis
1260 1699 1424 1755 decantarit.
1451 1698 1688 1771 Pseudopropheta
1704 1702 1795 1772 philo-

172 1807 301 1863 anagnum
323 1793 479 1865 Euphrates
499 1795 533 1850 de
548 1794 675 1864 paradiso
690 1807 842 1863 egressum,
855 1801 882 1848 et
896 1793 957 1849 allia
1007 1790 1119 1862 sophica
1134 1806 1243 1861 quoqne
1258 1789 1393 1861 professio
1402 1791 1518 1856 exstitit,
1530 1807 1591 1861 quae
1612 1790 1793 1849 fanaticorum

173 1884 269 1940 multis
296 1885 377 1954 aquis
400 1883 568 1951 adauctum
602 1885 668 1955 quia
691 1883 815 1940 recitatis
843 1884 959 1954 quibus·

172 1975 235 2030 danr
267 1976 410 2033 sententiis
434 1976 588 2033 intermista
612 1977 691 2046 plura
716 1974 859 2031 mendacia
881 1974 961 2031 labu-

173 2064 232 2119 losa
257 2066 294 2119 ita
318 2073 492 2133 sonuerunt,
521 2074 553 2121 ut
575 2080 590 2122 a
611 2066 872 2137 rocibosaquarum
888 2067 955 2122 mul·

173 2166 265 2212 tarum
278 2155 505 2229 babylonicarum
517 2157 544 2212 in
556 2157 640 2228 hujus
650 2157 746 2214 mundi
757 2172 834 2212 mare
846 2157 959 2215 ιιιιιιι-

173 2246 295 2303 (ιιιιιιιι
321 2248 419 2304 tlerent
448 2248 590 2304 mirabiles
619 2248 754 2305 elationes
778 2248 879 2317 maris,
895 2264 959 2305 curn

175 2337 291 2394 necdum
318 2348 464 2409 appareret
478 2338 613 2396 mirabilia
626 2339 653 2393 in
667 2340 730 2394 altis
748 2338 891 2406 hominus,
910 2354 961 2396 ιιι

174 2429 331 2485 testimonia
344 2430 405 2500 ejus
417 2429 557 2486 credibilia
571 2439 664 2487 essent
677 2431 781 2486 mondo
795 2439 835 2487 tot
848 2431 961 2486 menda·

173 2519 226 2575 ciis
236 2519 392 2575 dementato
403 2529 431 2575 et
440 2519 586 2589 fascinato,
601 2531 640 2576 tot
652 2521 732 2592 aquis
744 2520 892 2593 babylonis
906 2520 959 2575 llu-

173 2611 258 2668 minis
270 2612 416 2669 inebriato.

208 2697 289 2755 citt..
308 2701 344 2755 bt
360 2701 407 2757 ubi
421 2701 496 2757 venit
522 2702 567 2758 ille
584 2701 703 2773 Spiritus
721 2702 844 2759 veritatis
865 2710 896 2759 ut
916 2717 961 2758 ar·

173 2800 269 2859 goeret
279 2790 412 2847 mundum
426 2791 460 2848 de
474 2801 596 2863 peccato,
611 2801 641 2848 et
654 2793 689 2848 de
697 2792 815 2863 iustitia,
828 2801 857 2849 et
870 2793 904 2849 dc
916 2792 961 2863 ju·

173 2880 263 2947 dicio;
279 2880 410 2937 nimirum
422 2884 562 2953 arguendo
573 2883 600 2940 id
614 2898 725 2955 quoque
735 2884 824 2940 chcclt
835 2894 865 2941 ιι
877 2884 962 2941 sicca·

1007 1883 1153 1954 spurcitias
1174 1882 1309 1950 deorum,
1339 1881 1415 1937 uerbi
1441 1882 1540 1953 gratia,
1563 1881 1696 1939 adulteria
1717 1882 1794 1940 loris

1008 1972 1151 2042 zelumque
1163 1969 1280 2028 lunonis
1289 1972 1393 2027 sororis
1406 1980 1434 2027 et
1442 1972 1579 2044 conjugis.
1597 1982 1625 2029 ιι
1639 1974 1793 2031 meretricia

1009 2060 1133 2129 Veneris,
1146 2071 1173 2119 et
1185 2076 1281 2118 emtore
1292 2062 1375 2130 talia,
1391 2063 1484 2119 retulit
1496 2063 1531 2120 ad
1542 2063 1676 2121 elementa
1687 2065 1793 2133 mundi,

1009 2154 1123 2225 cupiens
1137 2171 1169 2211 ea
1195 2170 1257 2225 qnae
1273 2155 1329 2225 lam
1343 2155 1505 2212 erubescere
1527 2165 1652 2226 poterant
1667 2158 1794 2214 homines

1009 2244 1043 2300 de
1058 2243 1112 2299 diis
1127 2244 1186 2299 suis
1202 2243 1283 2314 quasi
1299 2243 1572 2313 interpretationibus
1587 2245 1739 2302 subornare
1751 2247 1793 2303 al-

1009 2335 1146 2407 legoricis.
1162 2333 1232 2391 Vere
1249 2334 1492 2406 pseudoprophetae
1503 2336 1566 2392 talis
1577 2337 1693 2407 quisque
1708 2337 1793 2394 inter-

1010 2441 1073 2496 pres
1087 2424 1190 2480 exstitit
1202 2443 1209 2491 ;
1223 2424 1288 2494 quia
1303 2424 1337 2480 de
1353 2423 1434 2479 corde
1445 2440 1496 2481 sno
1509 2426 1690 2496 prophetarit,
1705 2434 1732 2483 et
1744 2442 1794 2483 ra·

1011 2533 1045 2574 ne
1058 2518 1188 2589 pudorem
1203 2518 1352 2572 humanum
1367 2517 1527 2573 consolatus
1538 2526 1580 2574 est
1590 2518 1721 2575 adulteria
1729 2520 1795 2576 deo·

1010 2622 1072 2662 rum
1092 2605 1163 2662 betia
1176 2615 1203 2661 et
1219 2604 1361 2661 inutilibus
1387 2605 1548 2661 adornando
1560 2606 1706 2678 mysteriis,
1723 2607 1793 2664 etin

1009 2714 1045 2754 eo
1058 2698 1224 2754 remanendo
1235 2697 1413 2753 nihilominus
1429 2704 1458 2752 ut
1473 2697 1587 2753 serviret
1597 2706 1729 2754 creatorae
1744 2713 1795 2768 po·

1011 2792 1159 2861 tiusquam
1173 2789 1307 2856 Creatori,
1319 2789 1366 2859 qui
1384 2797 1429 2844 est
1449 2788 1608 2845 benedictus
1632 2788 1660 2845 in
1683 2792 1793 2847 secula.

1010 2882 1108 2939 Amen.
1123 2900 1134 2935 a
1150 2880 1223 2949 viat,
1239 2899 1250 2935 r
1266 2881 1364 2953 inquit,
1384 2901 1393 2935 ι
1409 2882 1444 2938 de
1456 2896 1503 2938 ore
1516 2882 1655 2947 draconis,
1668 2882 1737 2940 etde
1748 2900 1796 2940 ore

174 2983 270 3030 ιιιιιι
284 2982 366 3028 tantae
385 2989 465 3045 aquae
475 2975 543 3031 tanti
557 2984 611 3031 tarn
628 2976 718 3047 magni
732 2975 863 3034 llnminis.
883 2975 995 3051 stol-(2
1013 2973 1115 3041 bestia,
1126 2981 1153 3029 et
1164 2972 1198 3029 de
1207 2988 1254 3029 ore
1267 2973 1509 3044 pseudoprophetae
1523 2974 1599 3030 exire
1613 2975 1724 3045 spiritus
1739 2983 1795 3032 tres

174 3064 313 3118 tamenim
326 3063 390 3119 lecit
405 3064 592 3134 herirrsmundi
606 3067 779 3135 sapientiam.
795 3066 962 3124 Procedente
1013 3067 1179 3123 immundos.
1194 3084 1205 3120 ι
1222 3065 1255 3122 Ει
1277 3066 1352 3121 addit
1371 3065 1482 3123 adbuc:
1509 3066 1563 3123 «ln
1588 3069 1700 3125 modrnn
1716 3086 1797 3125 rana·

175 3168 295 3223 namque
308 3153 441 3223 sapientia
463 3152 510 3208 llei
531 3160 560 3209 ιι
580 3154 715 3210 rationem
733 3155 863 3211 reddente
880 3156 914 3211 de
927 3171 962 3213 eo
1011 3172 1073 3213 rum
1087 3155 1180 3227 (apoc.
1196 3171 1253 3223 arr,
1269 3156 1323 3227 lt).
1341 3154 1501 3212 »Nimirum
1515 3173 1589 3214 ranae
1608 3169 1636 3214 et
1650 3159 1797 3216 immundae

174 3246 249 3314 aprino
264 3245 406 3301 ridebatur
419 3245 533 3300 stultum
555 3243 613 3312 Pei,
637 3246 866 3315 quemadmodum
887 3248 961 3319 Apo·
1012 3256 1115 3306 suntet
1135 3256 1278 3318 turpes,et
1293 3250 1524 3320 exiguaeetquasi
1537 3249 1677 3321 loquaces.
1694 3251 1723 3306 ln
1739 3251 1797 3308 into

175 3336 263 3394 ιιιιιι
275 3335 345 3392 tiata
361 3353 368 3390 :
386 3355 397 3390 r
413 3335 570 3393 Nosautem
582 3337 762 3408 predicamus
775 3335 869 3394 lesum
883 3337 963 3395 Chri·
1012 3354 1131 3410 namque
1158 3347 1378 3406 commorantes,
1403 3341 1559 3409 importune
1584 3349 1611 3397 ιι
1635 3343 1713 3413 qnasi
1733 3360 1796 3400 curn

176 3440 248 3485 stum
266 3429 440 3496 omicidium,
455 3428 557 3486 Judaeia
578 3430 689 3500 quidem
705 3431 881 3508 scandalunt,
896 3448 962 3503 gen·
1013 3428 1172 3502 garrulitate
1194 3429 1337 3485 coaxando
1362 3429 1482 3500 quictem
1506 3430 1644 3488 aulerunt.
1668 3432 1797 3504 Congrua

177 3521 251 3578 tibus
265 3521 408 3594 stultitiam
423 3521 450 3591 ll
462 3521 525 3579 Cor.
543 3538 563 3586 ι,
574 3522 622 3593 ιι)
638 3539 644 3575 :
665 3542 675 3575 r
702 3538 735 3579 ex
757 3526 962 3594 comparatione
1012 3535 1077 3591 crgo
1090 3518 1263 3585 assimilatio,
1278 3519 1343 3574 dum
1359 3520 1433 3575 ranis
1444 3521 1623 3593 adaquantur
1635 3523 1676 3578 rel
1693 3524 1797 3582 similes

175 3610 238 3681 ejus
250 3610 364 3668 stultum
380 3626 441 3667 esse
451 3611 577 3681 apparuit
587 3619 615 3667 et
628 3610 747 3680 aridum,
764 3612 838 3683 quod
849 3622 962 3671 eatcnm
1005 3608 1189 3683 'perhibentur
1212 3611 1251 3678 hi,
1268 3611 1316 3681 qui
1334 3611 1386 3667 sibi
1410 3613 1503 3683 magni
1527 3623 1554 3669 et
1577 3614 1734 3685 eloquentes
1756 3617 1798 3671 ri·

176 3703 280 3775 grando
290 3703 433 3759 ridebatur
445 3714 473 3760 et
484 3702 661 3774 protundum.
676 3703 764 3772 Quam
779 3705 851 3771 allis,
864 3723 964 3778 quam·
1012 3703 1128 3770 dentur;
1149 3702 1225 3759 verbi
1241 3702 1326 3774 gratia
1342 3710 1438 3771 poete,
1454 3706 1500 3773 qni
1517 3704 1570 3759 sibi
1588 3721 1687 3777 magna
1699 3722 1798 3762 sonare

176 3809 231 3863 que
241 3794 417 3850 exsecrabilis
429 3801 457 3850 ιι
471 3794 576 3866 abjecta
591 3794 673 3853 luerit
687 3797 729 3851 rel
743 3799 900 3867 apparuerit
917 3799 963 3856 illa
1012 3795 1157 3862 ridentum
1170 3794 1217 3850 sed
1232 3794 1323 3850 omnis
1336 3808 1433 3848 eorum
1449 3796 1561 3851 materia
1573 3796 1695 3853 ialrulosa
1711 3799 1797 3854 lotum

179 3884 241 3941 talis
254 3886 387 3957 snpientia
402 3886 495 3943 amuli
510 3888 537 3942 ln
549 3887 638 3944 oculis
651 3902 760 3956 eorum,
779 3904 851 3960 quoa
861 3891 963 3948 ueritas
1012 3895 1065 3953 cst,
1082 3897 1111 3943 et
1120 3887 1279 3958 magnitudo
1289 3902 1383 3944 eorum
1399 3883 1505 3943 inllatio‘
1516 3897 1568 3943 est.

178 3975 352 4044 illuminarit,
368 3978 482 4047 pulchre
498 3979 525 4034 in
538 3994 589 4036 sua
610 3995 727 4051 persona
743 3981 866 4039 insinuat
879 3982 963 4040 loan-
1048 3977 1151 4034 exult.
1182 3977 1353 4051 Quapropter
1382 3979 1512 4049 quoniam
1546 3980 1660 4036 scientia
1690 3981 1797 4038 illorurn

178 4083 238 4134 ιιι,
250 4083 313 4125 curu
325 4069 392 4125 dicit
409 4088 416 4126 a
436 4089 448 4124 ι
462 4070 496 4127 Et
515 4071 570 4128 ridi
583 4072 618 4128 rie
631 4087 679 4129 ore
690 4073 818 4130 draconis
832 4083 859 4131 et
872 4076 906 4132 de
916 4092 963 4133 ore
1013 4085 1077 4127 carru
1087 4071 1161 4126 nulla
1177 4071 1223 4138 sit,
1239 4068 1349 4125 intiatur
1361 4070 1492 4126 adversus
1503 4068 1646 4126 scientiam
1664 4070 1722 4127 [lei.
1737 4074 1799 4143 pnl-

178 4161 272 4218 ιιιιιιιι
281 4169 310 4217 ιι
323 4162 357 4218 de
370 4164 671 4235 orepseudoprophctae
680 4166 794 4237 spiritua
806 4168 963 4225 immundos
1013 4161 1080 4218 chre
1094 4161 1163 4216 satia
1176 4175 1272 4215 corum
1286 4160 1394 4231 spiritui
1417 4161 1543 4229 congruit
1559 4161 1623 4217 illud
1643 4162 1678 4219 de
1699 4162 1798 4222 labella

178 4263 233 4309 tres
242 4254 269 4308 in
280 4255 393 4311 modum
404 4271 534 4312 ranarum
547 4257 695 4328 procedere
706 4257 799 4330 (Apoe.
814 4276 869 4329 ιιι,
881 4262 936 4332 lo).
949 4280 959 4315 r
1015 4251 1120 4321 AEsoph
1133 4250 1180 4305 ulti
1196 4265 1262 4305 rana
1286 4250 1419 4305 sufflando
1432 4260 1541 4308 tentans
1551 4269 1581 4309 ιι
1597 4254 1743 4312 extendere
1765 4258 1799 4312 ad

179 4343 298 4414 Spiritus
311 4345 469 4403 immundos
484 4348 533 4414 air,
546 4348 574 4403 ιι
592 4357 635 4404 esc
649 4357 739 4404 seems
758 4350 838 4420 quast
855 4351 963 4422 sapien.
980 4329 1002 4384 Ῑ)
1016 4340 1229 4415 magnitudinem
1240 4339 1328 4408 boris,
1339 4339 1404 4395 dum
1415 4351 1540 4410 conatur,
1551 4353 1578 4398 ct
1588 4343 1685 4414 pellem
1698 4345 1799 4403 trustra

178 4434 223 4489 tiae
236 4442 264 4490 et
276 4436 397 4492 scientim
405 4438 528 4508 magiam,
542 4437 664 4508 poetleae,
679 4438 884 4510 philosophicae,
894 4456 963 4511 quse
1013 4431 1155 4499 distendit,
1173 4431 1283 4487 tandem
1294 4431 1366 4487 ultra
1378 4434 1451 4490 rires
1463 4434 1597 4489 sulllando
1613 4437 1728 4507 crepuit.
1745 4437 1799 4495 lle·

178 4525 334 4581 contrarius
348 4527 462 4598 Spiritui
479 4536 574 4584 sancto
586 4529 744 4585 immundus
767 4529 850 4600 hujus
870 4534 963 4589 mundi
1014 4522 1097 4594 ιῑιιθ
1115 4524 1160 4578 ubl
1176 4524 1377 4580 11111113111131111ῑ
1391 4526 1575 4598 813111111011111,
1591 4528 1637 4599 (ιιι
1653 4545 1683 4584 ιθ
1693 4531 1800 4586 filule·

178 4616 430 4687 spiritusaspirarit
445 4620 577 4690 :spiritua
589 4636 707 4692 namque
722 4621 878 4679 immundos
893 4626 963 4697 magi
1015 4624 1082 4670 ruiti
1095 4615 1228 4671 adversus
1244 4630 1337 4672 voram
1354 4617 1570 4688 magniitldinellt
1592 4621 1712 4677 scieltllae
1731 4620 1801 4678 Dei?

178 4708 313 4776 precipue
326 4718 457 4777 patronos
467 4727 523 4782 quo
539 4714 632 4770 nescio
643 4712 870 4784 infeliciqqndqm
884 4726 964 4787 pacm
1017 4725 1026 4758 r
1043 4705 1127 4762 Periit
1138 4707 1270 4763 memoria
1283 4724 1378 4764 eorum
1392 4724 1453 4764 cum
1467 4711 1570 4778 sonitu,
1584 4721 1612 4768 ct
1627 4711 1759 4770 [lominus
1771 4714 1799 4769 in

178 4795 337 4852 asciverant
353 4799 416 4854 stur.
430 4799 520 4858 roera
530 4818 596 4859 vero
606 4805 658 4861 son
670 4804 828 4862 nominibus
842 4805 963 4864 nonestis
1014 4806 1146 4854 aternum
1159 4799 1395 4871 per-moenem.
1411 4817 1449 4868 rx,
1462 4801 1501 4872 8l·
1518 4801 1690 4869 »uursennn
1704 4803 1802 4876 loqua-

178 4887 288 4942 eosdem
301 4887 419 4959 rogitant
433 4891 547 4960 spiritua
573 4893 731 4952 inmundos
756 4896 879 4968 aspirare
900 4897 962 4966 sibi,
1015 4890 1089 4946 citati
1118 4906 1214 4946 eornm
1237 4891 1380 4947 nominum
1409 4892 1515 4948 crediti
1540 4894 1596 4950 imo
1620 4894 1682 4966 quia
1704 4909 1800 4951 eorum

180 4978 311 5049 sacrilega
324 4983 536 5052 praesnrnpripnn
550 4984 615 5041 (loos
635 4989 812 5058 appellantes,
830 5004 893 5045 cum
907 4990 963 5047 (ιω.
1016 4984 1166 5057 theologias
1189 4992 1282 5055 turpes
1303 4985 1395 5057 legens
1410 4985 1453 5040 rel
1464 4986 1590 5050 audiens.
1605 5002 1660 5043 non
1685 4986 1802 5044 irridet?

180 5085 275 5125 nrones
288 5069 353 5126 sint.
366 5070 510 5143 Porroqni
525 5073 812 5148 pbilosophisspiritus
822 5079 962 5151 aspirarit,
1014 5075 1102 5133 Porro
1123 5076 1207 5148 magi,
1223 5092 1340 5149 qnorum
1357 5076 1495 5150 principes
1512 5079 1540 5135 in
1558 5076 1677 5151 AEgyptu
1689 5077 1802 5137 iamnes

180 5160 203 5213 is
220 5176 329 5232 quoque
344 5164 404 5219 sirre
418 5164 502 5221 dubio
516 5164 675 5225 immundus
688 5170 802 5227 exstitit.
818 5172 916 5228 Annon
930 5173 964 5229 dc
1015 5176 1043 5224 ct
1053 5166 1187 5223 llambres
1195 5183 1246 5248 per
1257 5169 1460 5226 incantationes
1472 5184 1538 5226 suas
1552 5183 1644 5224 corana
1659 5166 1802 5224 Pharaone

180 5249 234 5305 illis
247 5250 395 5321 apostotos
417 5255 503 5310 dicit:
530 5252 600 5323 Quia
623 5274 632 5308 ι
653 5259 773 5316 dicentes
792 5276 822 5316 sc
845 5277 906 5318 csse
920 5278 965 5319 sa·
1015 5260 1146 5316 adversos
1162 5257 1273 5330 ldopsen
1287 5257 1418 5316 etharuo
1439 5274 1522 5315 ranas
1539 5258 1701 5324 eduxerunt,
1721 5267 1748 5313 et
1760 5259 1802 5314 nl·

180 5343 294 5411 pientes,
307 5347 383 5402 stulti
398 5345 461 5405 lacti
477 5358 551 5416 sunt,
562 5359 590 5406 et
601 5361 771 5407 crauucrunt
781 5352 809 5409 in
822 5353 966 5426 cogitatio·
1016 5363 1057 5406 tra
1080 5367 1135 5407 non
1153 5351 1317 5419 rainerium
1337 5350 1449 5407 modum
1470 5358 1543 5405 recte
1557 5349 1687 5404 dicuntur
1702 5348 1803 5404 habere

181 5433 262 5490 tribus
272 5438 329 5492 suis
340 5437 373 5492 ιι
390 5439 477 5510 (boor.
492 5457 512 5508 r,
527 5442 586 5513 ιι.)
1015 5460 1161 5513 carrarum,
1175 5455 1206 5501 ut
1225 5445 1266 5501 eis
1278 5444 1382 5502 similes
1397 5444 1453 5500 siut
1467 5458 1536 5514 quas
1554 5450 1651 5499 contra
1665 5441 1751 5498 Peunr
1763 5440 1803 5498 ie·

216 5522 308 5580 ctttt.
329 5526 362 5584 Et
374 5531 434 5587 ride
448 5544 578 5602 quantam
598 5550 685 5606 nsque
710 5536 743 5592 al
764 5537 964 5593 immunditiam
1016 5546 1121 5600 rerunt,
1145 5538 1215 5593 ultra
1228 5549 1297 5609 quas
1310 5551 1405 5592 eorum
1422 5536 1560 5607 prestigia
1575 5551 1630 5592 non
1646 5536 1801 5596 rainerum,

182 5626 362 5684 evanuerunt,
378 5621 425 5690 qui
442 5625 591 5682 sarrientes
615 5637 747 5685 creaturan
775 5629 865 5697 prorius
880 5645 962 5699 quarn
1017 5629 1145 5700 apotolo
1157 5642 1247 5685 ιιιιιιι
1263 5638 1430 5685 molestante
1444 5628 1675 5699 quemadmodum
1690 5626 1801 5683 damnes
