3892 6067
196 237 253 298 ms
679 227 832 286 oennom
852 228 1047 287 rnrsrosrn
1068 227 1343 288 nsrcrrsnsrrnc.
1484 223 1489 231 ·
1772 232 1862 289 sse·
1921 181 1922 276 ἶ

195 367 245 425 per
257 349 426 423 Seriptrrram
442 347 526 402 dicit:
542 342 574 398 lli
589 350 680 397 errant
698 342 786 406 corde,
807 341 834 397 id
855 351 898 398 est
915 342 988 399 serio
1002 353 1025 409 p
1039 358 1093 397 nus
1106 342 1208 412 inravit
1225 343 1299 414 quod
1319 344 1356 399 ita
1372 337 1412 397 cis
1430 338 1542 408 iaceret,
1569 340 1640 398 sicut
1663 340 1780 412 dixerat,
1811 352 1847 398 ct

197 446 239 501 rel
252 444 369 500 scienter
384 440 426 496 rel
443 437 543 493 studio.
1041 447 1180 503 nunquam
1203 441 1302 489 temam
1320 432 1483 504 promissam
1505 432 1649 488 intrarent.
1668 431 1721 501 Qui
1735 448 1844 492 omnes

233 535 316 591 Vens.
334 534 376 588 ll.
398 530 432 586 ls't
451 530 496 584 isti
514 545 566 583 ιιι
577 534 751 598 coproeeroot
770 526 826 580 olus
841 541 923 592 meos,
936 526 990 582 lioc
1040 521 1067 577 in
1082 523 1191 578 deseto
1204 522 1333 593 prostrati
1346 528 1421 586 sunt,
1437 531 1465 578 ιι
1478 520 1534 576 dno
1546 529 1652 577 tantum
1663 537 1727 578 curn
1740 524 1844 579 multi·

141 620 144 624 ’
196 638 248 693 est,
263 626 308 683 isti
331 624 410 691 tales,
427 622 528 693 quibus
545 618 596 676 leci
612 633 694 689 opera
722 633 781 675 mea
808 616 990 689 quadraginta
1040 613 1135 670 tudine
1159 613 1277 668 liliorum
1299 612 1382 669 lsrael
1404 613 1586 670 intraverunt.
1605 610 1682 668 Sicut
1700 610 1844 669 Dominus

196 715 423 782 antisimoniaci:
440 711 548 783 Scotper
565 721 656 767 errant
675 708 990 772 corde‚uonintellexo·
1040 704 1268 777 Abrabajurarit
1284 706 1419 776 placatus,
1437 703 1512 777 quod
1531 704 1630 762 semini
1652 704 1723 777 ejus,
1742 705 1769 761 id
1793 714 1845 762 est
1923 693 1924 696 ¹

195 818 261 865 runt
274 808 331 862 eius
350 820 433 870 meos,
446 804 550 860 scilieet
568 802 648 857 iidem
667 807 695 857 et
709 799 906 871 operationem.
927 798 991 855 ldeo
1041 794 1178 880 lldelibus,
1196 805 1296 850 terram
1311 794 1441 850 liuentem
1457 794 1501 849 lac
1517 802 1546 850 et
1559 793 1720 851 meldaret:
1734 794 1772 851 ita
1793 794 1845 867 iu·

196 899 328 962 iacioeis,
345 905 374 951 ut
385 896 477 966 jurari
496 896 524 949 in
542 895 584 948 iro
609 908 678 958 mco,
700 892 724 945 si
747 891 884 946 intrabunt
902 891 931 945 in
946 905 990 945 re·
1041 887 1112 942 ravit
1122 886 1209 942 iratus
1220 886 1366 943 incredulis
1376 884 1450 957 quod
1464 900 1607 956 nunquam
1620 886 1734 957 ιιᾳιίιιι
1743 902 1844 957 amat,

196 989 283 1060 quiem
294 1002 390 1053 meam,
405 999 456 1056 ego
469 984 560 1060 exibo.
580 981 710 1038 Patribus
723 981 822 1037 rostris
843 978 991 1035 incredulis
1041 979 1068 1034 id
1081 988 1125 1035 est
1134 987 1263 1034 aetcrnam
1280 978 1364 1033 ritam
1382 977 1527 1034 intrarent.
1541 975 1593 1045 Qui
1607 977 1636 1033 ln
1646 976 1755 1035 deserto
1768 994 1843 1051 pro·

64 1085 76 1102 ·
195 1096 247 1152 ego
261 1078 362 1150 jurari,
377 1077 403 1133 id
420 1086 463 1132 est
480 1075 594 1130 lirmiter
610 1073 729 1128 minatus
742 1086 803 1126 sum
826 1079 937 1142 propter
949 1068 991 1123 in·
1041 1071 1118 1128 strati
1131 1079 1204 1139 sunt,
1219 1077 1283 1128 sunl
1294 1071 1373 1127 multi
1388 1069 1489 1139 vocati,
1504 1070 1551 1142 qui
1563 1070 1657 1127 tenire
1668 1070 1842 1129 noluerunt:

197 1172 354 1227 lldclitatcm
373 1170 483 1224 illorum
507 1168 614 1222 iratus:
631 1166 655 1219 si
680 1163 817 1218 introimrt
846 1162 990 1216 interram
1041 1162 1107 1228 duo,
1122 1163 1169 1234 qui
1191 1163 1372 1230 intraverunt,
1387 1169 1452 1218 sunt
1467 1161 1549 1220 activi
1570 1171 1598 1218 et
1618 1162 1842 1233 contemplativi,

198 1261 431 1335 repromissionis,
447 1268 577 1315 tuncnon
596 1272 656 1313 snm
674 1254 756 1311 Deus.
775 1253 863 1321 Quam
889 1262 990 1308 terram
1041 1255 1088 1325 qni
1104 1255 1212 1327 gemina
1232 1253 1379 1326 dilectione
1391 1252 1505 1310 animati
1520 1252 1642 1324 requiem
1667 1251 1773 1308 llomini
1792 1253 1842 1307 in·

198 1357 259 1412 ideo
277 1362 357 1411 roeat
373 1367 451 1406 snam
476 1351 592 1422 reperiam
613 1346 696 1413 Deris,
711 1347 775 1418 quia
800 1345 918 1416 populus
943 1359 991 1415 per
1043 1342 1162 1399 trabunt.
1183 1342 1259 1398 Unde
1274 1351 1349 1399 totus
1366 1344 1417 1399 iste
1432 1345 1556 1413 psalmus
1573 1337 1664 1414 polest
1677 1341 1760 1398 etiam
1778 1356 1841 1396 vox

199 1463 262 1503 eum
276 1446 302 1501 in
316 1444 389 1500 illum
401 1441 575 1497 introductus
586 1439 717 1510 requierit
728 1438 755 1492 in
765 1453 841 1508 paco,
853 1436 899 1507 ιιι
915 1435 992 1506 prius
1041 1447 1103 1487 csse
1113 1431 1257 1488 doctorum
1270 1433 1363 1504 lapsos
1376 1431 1556 1498 hortantium,
1578 1439 1608 1487 ut
1627 1431 1662 1488 dc
1682 1445 1775 1486 errore
1803 1430 1843 1486 ad

198 1536 334 1592 laborarit
358 1534 385 1588 in
401 1533 508 1588 itincre.
529 1530 598 1587 Nota
613 1539 656 1587 cst
670 1529 783 1586 historia
796 1547 803 1584 r
814 1529 884 1583 Cum
899 1527 991 1598 populi
1041 1523 1185 1579 ceritatem
1207 1524 1327 1592 reniam,
1343 1523 1429 1579 Deum
1444 1537 1538 1579 rerum
1550 1523 1678 1589 adorent,
1694 1536 1748 1577 non
1768 1536 1844 1576 rea·

198 1638 280 1683 terroe
291 1623 513 1697 repromissionis
529 1622 790 1693 appropinquarent,
803 1619 992 1689 exploratores
1043 1623 1111 1669 trem
1128 1613 1214 1671 Deum
1229 1616 1331 1683 colant,
1352 1625 1415 1671 ants
1428 1615 1514 1670 Deum
1532 1614 1686 1684 procident,
1699 1614 1844 1684 poerriten·

198 1721 399 1790 praecluserunt,
412 1716 460 1786 qui
474 1715 574 1770 reversi
588 1713 718 1783 populum
734 1720 830 1769 contra
843 1711 990 1767 Βοιιίιιιιι
1007 1707 1028 1762 Β
1043 1706 1108 1761 tiam
1120 1706 1264 1763 deerrstis
1282 1714 1375 1778 agant,
1390 1714 1502 1777 peccata
1517 1720 1612 1762 coram
1637 1704 1754 1762 Domino
1775 1703 1843 1775 plo·

198 1823 372 1868 murmurare
394 1807 516 1863 lecerunt
539 1805 672 1871 dicentes,
694 1814 792 1860 terram
815 1803 925 1873 quidem
942 1803 987 1857 bo·
1045 1804 1114 1862 rent,
1134 1796 1167 1852 ad
1184 1813 1277 1853 rocem
1300 1797 1360 1868 ejus
1373 1797 1456 1854 corda
1478 1811 1534 1853 noo
1551 1796 1696 1866 obdurent,
1715 1811 1749 1853 ne
1762 1795 1843 1852 sicut

198 1918 274 1968 uam,
292 1900 339 1956 sed
353 1898 440 1953 llrmis
452 1896 576 1962 orbilius,
588 1894 710 1950 robustis
722 1903 750 1950 et
762 1894 884 1965 proceris
902 1893 992 1949 borni·
1043 1887 1128 1946 Jodaei
1149 1889 1270 1960 requiem
1290 1905 1350 1960 epus
1366 1904 1420 1945 non
1438 1888 1550 1945 intrent.

199 1991 280 2047 tribus
301 1988 445 2055 promtam,
463 1986 511 2058 qui
537 2000 586 2041 cos
600 1985 713 2041 etlilios
732 2000 827 2041 corum
842 1993 873 2041 ut
891 1999 990 2058 partem
1078 1982 1141 2039 ldco
1165 1983 1210 2040 bic
1232 1984 1355 2054 psalmus
1378 1983 1407 2038 in
1428 1981 1571 2039 nocturnis
1595 1981 1672 2037 horis
1695 1988 1841 2046 canutin,

198 2080 373 2147 derorarent,
389 2078 412 2135 si
429 2079 497 2134 lines
521 2078 630 2133 illorum
650 2077 783 2133 iutrarent
801 2076 896 2149 (Νιιιι.
916 2080 988 2148 ιιι).
1043 2077 1107 2148 quia
1121 2092 1169 2148 per
1182 2091 1246 2132 cuin
1256 2075 1324 2144 justi
1338 2074 1372 2132 ad
1395 2074 1562 2130 laudandum
1582 2072 1667 2129 Deum
1689 2082 1841 2137 vocantur,

201 2171 278 2230 Unde
299 2172 418 2245 populns
442 2170 604 2242 perterritus
628 2170 712 2241 eupit
730 2169 828 2241 lugens
850 2170 989 2226 clamare:
1044 2166 1113 2237 lapsi
1124 2164 1231 2222 rcroad
1247 2164 1435 2238 poeniteutiam
1448 2173 1476 2222 et
1489 2162 1705 2222 satisfactionem
1717 2162 1843 2219 insuam

201 2261 310 2322 Utinam
327 2261 461 2335 percutiat
474 2259 520 2318 bic
534 2276 586 2318 nos
603 2257 746 2327 Bominns,
757 2258 862 2316 utinam
882 2275 936 2315 noo
949 2259 992 2314 in-
1045 2267 1100 2315 tor.

200 2356 328 2412 troducat
340 2369 392 2412 nos
406 2353 434 2409 in
450 2352 524 2409 illam
539 2361 652 2410 temm.
673 2350 781 2420 Quibus
796 2351 884 2408 iratus
897 2349 992 2405 Douri-
1053 2374 1065 2383 a
1087 2376 1097 2382 .

203 2489 1831 2529 mam—ww

440 2748 445 2778 .
531 2775 533 2780 ,
791 2675 1055 2768 essenus
1089 2669 1226 2771 XCV.

1010 2872 1044 2893 d

236 3044 335 3130 (Vens.
349 3053 388 3127 l.)
411 3043 647 3111 Cuntrthomino
661 3044 796 3108 canticum
809 3065 914 3121 nomm,
931 3055 1030 3118 corr-c
1047 3051 1150 3110 calum.
1169 3047 1248 3112 [lude
1268 3055 1377 3111 constat
1399 3041 1474 3124 quod
1497 3051 1532 3109 de
1545 3047 1593 3109 ido
1608 3041 1710 3125 templo
1731 3041 1776 3109 bic
1789 3041 1841 3109 ui*

201 3139 511 3213 narentanorum
530 3144 703 3215 lrocpsalmo
725 3145 915 3201 bortanturad
930 3145 990 3201 lau·
1045 3147 1082 3202 ltil
1106 3146 1225 3212 dicatur.
1246 3148 1294 3203 sed
1317 3147 1352 3203 de
1377 3147 1436 3214 illo,
1458 3146 1533 3219 quod
1555 3160 1572 3202 a
1590 3145 1701 3204 diabolo
1725 3146 1841 3203 detru-

200 3231 264 3294 dam
279 3226 337 3304 liei,
352 3229 401 3307 qui
419 3227 446 3292 in
461 3233 624 3306 praecedenti
639 3233 745 3291 inritati
756 3242 821 3290 sunt
831 3234 858 3290 in
871 3235 993 3308 reqiricm
1044 3248 1119 3294 ctum
1132 3235 1282 3309 perlesum
1295 3237 1436 3295 Christum
1452 3236 1633 3295 reaedificatur
1642 3237 1676 3294 de
1687 3237 1843 3312 ririslapi⁸

201 3321 322 3385 domim.
338 3314 447 3383 l‘itulu's
457 3317 518 3397 cius
534 3334 598 3382 est·
1044 3326 1136 3384 dibus.

200 3459 306 3513 ’ΝΜ
319 3457 995 3512 ‘⁰⁸⁰⁸‘
1044 3415 1264 3582 elidii?
1277 3417 1841 3585 ldi‘ldldlidldlddt·

684 3554 692 3569 ·
1253 3553 1262 3580 ι
1727 3554 1736 3582 ι
1828 3544 1843 3556 ·

236 3606 321 3664 Voss.
334 3607 363 3664 l.
376 3599 995 3677 cbristussommusopiicxconstruxitcirita·
1045 3597 1101 3659 lum
1116 3604 1150 3659 de
1164 3597 1291 3674 gentibus
1305 3603 1339 3659 ad
1355 3599 1437 3660 iidem
1451 3597 1595 3661 Trinitatis
1607 3619 1770 3662 conversum
1784 3622 1842 3661 es-

203 3709 257 3756 tem
272 3697 425 3756 iuooellsde
445 3697 598 3770 perspicuis
609 3697 755 3769 lapidibus,
770 3698 797 3756 id
811 3710 853 3757 est
867 3700 901 3756 dc
915 3715 996 3771 ange
1045 3695 1139 3766 primii
1154 3713 1161 3750 :
1178 3696 1324 3765 (scrinarius
1336 3697 1428 3752 autem
1449 3691 1581 3768 populum
1595 3696 1629 3753 dc
1649 3686 1842 3752 Pentateucho

202 3783 289 3858 lis,de
302 3806 357 3862 qua
371 3805 436 3860 pars
453 3789 552 3846 occidit
564 3789 592 3845 iu
607 3790 749 3860 apostatis.
764 3787 868 3848 Deinde
880 3792 994 3847 domum
1045 3781 1113 3859 legis
1126 3795 1290 3844 conversum
1306 3787 1406 3845 innuit.
1426 3787 1556 3858 Designal
1571 3798 1662 3846 antem
1674 3790 1719 3846 iric
1738 3804 1842 3844 nunte-

202 3873 347 3939 anlidcarlt
361 3882 389 3937 iu
414 3870 542 3952 paradiso
555 3879 589 3938 de
602 3873 673 3938 rivis
686 3872 833 3952 lapidibus,
854 3873 936 3939 idest
957 3884 992 3941 do
1045 3894 1094 3935 rus
1108 3879 1180 3952 quod
1201 3880 1235 3935 de
1249 3875 1293 3936 bis
1309 3880 1418 3937 duobus
1431 3879 1583 3951 parietibus
1594 3874 1693 3936 donrus
1707 3880 1755 3937 Dei
1767 3873 1841 3937 aol-

203 3972 576 4032 bominibusllancdomum
589 3963 995 4043 inimicusdostmmmoomo·
1045 3976 1152 4031 licainr.
1181 3967 1293 4031 Materia
1323 3968 1422 4046 psalmi
1450 3974 1515 4031 sunl
1539 3984 1632 4047 geistes
1656 3974 1692 4032 de
1716 3975 1785 4031 rieis
1808 3985 1841 4031 et

203 4075 316 4122 manum
330 4073 416 4138 genus
426 4063 461 4121 de
472 4064 600 4136 paradiso
612 4064 730 4122 seduxit.
741 4062 837 4137 Opilox
848 4082 913 4122 roro
924 4082 995 4139 opus
1044 4059 1142 4139 plateis
1152 4065 1186 4123 ad
1202 4068 1324 4138 repedem
1336 4057 1444 4123 bomini
1459 4067 1572 4124 roealae.
1589 4064 1705 4124 intentio
1716 4065 1778 4138 ejus
1794 4079 1841 4124 est

203 4166 285 4215 suum
300 4167 355 4214 nou
369 4156 538 4214 descrensin
551 4149 685 4214 mundum
700 4155 995 4230 renit,di]cctoslapi·
1046 4173 1096 4215 nos
1117 4158 1152 4215 sd
1175 4155 1343 4214 laudandum
1371 4154 1457 4214 Derim
1483 4157 1599 4226 hortari,
1624 4167 1655 4215 ut
1680 4172 1840 4216 mereantur

202 4248 295 4306 detio
315 4263 401 4305 unum
414 4247 605 4319 comportarit,
620 4241 771 4305 dumlilios
792 4247 840 4305 Ilei
854 4248 995 4321 dispersos
1045 4247 1073 4303 in
1096 4248 1181 4305 domo
1202 4247 1263 4318 ejus
1286 4245 1380 4303 electis
1407 4248 1581 4307 coaedificari.
1611 4246 1698 4307 Verba
1727 4259 1841 4322 sumpta

204 4334 232 4397 ln
247 4339 422 4400 unamlldom
435 4338 620 4410 congregarit.
634 4335 751 4395 ὓιιιιιι
764 4340 863 4396 iterum
874 4332 994 4396 eolica-
1046 4349 1111 4395 sunt
1131 4340 1166 4397 de
1190 4341 1380 4398 sacerdotibus
1405 4339 1462 4398 ileo
1484 4341 1514 4398 in
1537 4343 1639 4415 templo
1662 4344 1839 4412 mucoribus,

204 4430 253 4495 rit,
265 4430 331 4486 dum
350 4437 413 4501 post
426 4429 612 4501 captivitatem
627 4428 728 4485 diaboli
739 4426 891 4487 Ecclesiam
912 4428 993 4486 insti·
1009 4397 1073 4488 ¹'et
1097 4432 1133 4489 dc
1149 4426 1258 4503 populls
1271 4426 1308 4489 ibi
1321 4431 1552 4503 sacrificantibus,
1576 4445 1604 4493 et
1618 4433 1763 4509 designaul
1782 4427 1841 4493 Eo·

204 4521 267 4577 tuit.
293 4519 351 4577 lloe
363 4535 431 4592 erpo
451 4520 587 4574 canticam
603 4529 642 4575 ιιι
659 4519 756 4588 David,
776 4519 803 4577 id
826 4529 869 4577 est
890 4518 994 4577 Christi
1046 4521 1137 4580 elesim
1152 4524 1308 4583 sacerdotes
1322 4540 1353 4584 se
1368 4519 1443 4598 ipsos
1455 4524 1573 4586 hostiam
1589 4528 1680 4585 viram
1695 4525 1752 4585 lieo
1770 4526 1840 4584 olle·

203 4612 264 4669 risu
279 4611 480 4681 desiderabilis,
502 4611 607 4670 scilieet
621 4612 655 4670 de
678 4625 712 4668 ιι
732 4609 835 4668 lactum
855 4612 993 4670 cauticum
1046 4616 1148 4672 rentes.
1174 4641 1182 4668 i

203 4701 275 4759 tritis
287 4702 435 4773 lapidibus,
446 4703 474 4759 id
490 4713 533 4760 est
546 4703 640 4761 eiectis
654 4702 822 4772 hominibus,
837 4702 873 4759 ab
883 4702 993 4761 arridei·
1081 4703 1111 4761 lo
1131 4707 1201 4764 duas
1213 4711 1305 4780 parles
1319 4718 1438 4780 secatur,
1456 4715 1522 4786 ptris
1544 4707 1666 4771 Ecclesia
1681 4713 1709 4771 in
1731 4713 1839 4771 littera·

204 4791 269 4859 ltus,
285 4790 312 4847 ld
325 4802 393 4848 esta
407 4793 642 4865 praedicatoribus,
655 4795 760 4868 owardo
777 4795 871 4850 donam
883 4793 931 4853 Del
943 4794 994 4852 Ec·
1047 4803 1090 4854 tos
1102 4797 1130 4854 cl
1146 4796 1232 4855 laicos
1245 4802 1373 4871 partitur,
1394 4805 1451 4860 sire
1463 4805 1528 4878 quia
1545 4799 1646 4863 domus
1662 4805 1708 4862 [lei
1720 4806 1755 4863 de
1767 4807 1838 4862 duo·

206 4881 487 4954 elmiaoedtpcatamr
505 4886 615 4944 illorum
628 4888 820 4960 predicatione
833 4889 994 4961 postcapti-
1047 4888 1099 4945 bus
1123 4889 1232 4963 populis
1254 4895 1432 4949 construitur.
1452 4892 1512 4950 lina
1535 4911 1600 4966 pars
1625 4906 1667 4953 est
1690 4911 1698 4954 t
1724 4895 1838 4953 Consors

206 4974 319 5030 ritatem
333 4975 446 5032 diaboli.
1049 4976 1172 5051 Domino,
1195 4980 1296 5054 inqua
1317 4983 1378 5040 laus
1392 4986 1583 5057 sacerdotum
1608 4989 1693 5044 altera
1716 4988 1838 5056 alpem

243 5064 332 5123 llerbs
357 5067 427 5123 tituli
441 5077 549 5140 sumpta
564 5078 629 5126 sunt
644 5070 678 5128 de
692 5069 913 5144 reedificatione,
934 5091 996 5149 (ιιι
1047 5069 1177 5142 Domino,
1204 5074 1231 5130 io
1253 5090 1307 5146 qua
1329 5077 1495 5135 sacrificium
1525 5082 1690 5153 populorum
1710 5082 1829 5137 contine

206 5158 280 5216 iacta
293 5167 336 5216 est
347 5168 410 5231 post
426 5161 610 5231 captivitatem
624 5162 677 5219 sub
690 5162 841 5222 zorobabel
863 5167 996 5240 principe,
1048 5170 1102 5218 tur·
1115 5160 1175 5220 Vox
1189 5162 1308 5236 Spiritus
1322 5168 1410 5224 ιιιιιιί
1425 5170 1453 5225 in
1467 5172 1591 5245 requiem
1609 5173 1718 5231 lloruini
1736 5187 1829 5229 rosan

206 5259 235 5307 et
245 5249 310 5307 Jesu
322 5263 421 5324 magno
436 5251 587 5310 sacerdote.
602 5251 691 5310 Porro
703 5263 826 5326 tempore
838 5255 924 5315 llarid
940 5275 996 5315 ιιι
1047 5254 1082 5310 tis
1103 5273 1110 5310 :

207 5350 267 5398 erat
282 5342 515 5415 adbuetemplum
530 5345 679 5417 inceptum,
694 5346 741 5403 sed
756 5358 865 5405 mortuo
884 5333 998 5406 llarida
1082 5325 1197 5406 cantate
1219 5347 1334 5408 Domino
1359 5355 1493 5410 canticam
1521 5364 1628 5411 nocam.
1652 5349 1707 5412 'ler
1731 5364 1836 5412 cattmr

208 5418 357 5491 Salomoni
369 5446 412 5493 est
421 5446 619 5507 constructum,
633 5448 696 5510 post
706 5442 919 5514 quadringentos
933 5457 999 5499 rero
1046 5444 1157 5511 dicitur,
1172 5454 1200 5501 et
1223 5456 1264 5502 ιιι
1288 5444 1402 5502 liosnino
1420 5448 1543 5519 ponitur,
1560 5449 1625 5521 quia
1643 5459 1699 5505 tres
1712 5449 1827 5506 ordines

209 5535 297 5577 arrrms
313 5537 328 5577 a
342 5535 405 5595 rege
417 5524 563 5598 Babylonis
575 5528 757 5599 destructum,
769 5529 867 5587 deinde
880 5542 942 5604 post
955 5548 1000 5590 se-
1047 5533 1177 5593 Ecclcsiae
1197 5536 1340 5606 doctores,
1351 5540 1533 5608 continentes,
1551 5541 1689 5613 conjugati
1713 5540 1747 5596 dc
1760 5541 1827 5595 Asin

210 5613 350 5676 vitiosiore
374 5629 461 5674 aornos
485 5633 500 5672 a
524 5615 588 5675 lesu
605 5621 747 5678 sacerdote
760 5631 785 5678 ιι
802 5623 864 5680 aliis
881 5626 999 5682 reodiri-
1048 5627 1152 5699 lllrics,
1171 5626 1279 5701 Europa
1297 5630 1386 5687 rocati
1401 5630 1435 5686 ad
1453 5632 1561 5688 laudem
1578 5630 1722 5688 Trinitatis
1735 5632 1829 5687 ιιιιιι
