3892 6067
188 240 259 329 4533
665 260 817 318 cannoto
835 208 1028 317 onerosam
1050 256 1322 315 nercnnnsrsne.
1740 261 1810 319 asar

187 399 270 458 quam
286 378 394 452 reprobi
409 376 512 447 indigni
524 373 692 446 judicentur.
710 371 785 429 riioc
797 382 888 428 antem
900 371 975 443 eapi-
989 374 1013 434 A
1025 367 1156 436 remedio,
1168 368 1241 441 quol
1259 367 1380 423 haeredes
1392 377 1521 439 teutperet
1536 382 1552 424 a
1565 366 1702 440 sacrilegii
1716 368 1810 430 relea-

187 475 276 530 tuium
293 484 354 527 cunr
370 468 404 523 de
414 466 459 520 bis
480 471 543 533 agat
560 463 607 534 qni
621 462 688 518 nibil
701 462 832 533 habentes
845 460 976 516 ordinao-
1024 461 1150 532 pacitatis
1165 459 1282 517 morbo?

188 573 245 630 tur,
274 561 383 628 sintque
402 556 471 611 nibil
491 555 640 619 babentes,
665 567 735 622 quos
755 564 889 622 pauperes
911 547 975 603 iecit
1060 550 1164 606 Saeua.
1191 549 1255 606 Scio
1278 548 1406 621 perlectis
1428 565 1482 605 non
1498 551 1655 618 convenire,
1672 567 1734 623 quae
1756 553 1806 611 dc·

187 658 236 706 aut
246 646 374 703 nativitas
388 653 437 699 aut
448 643 586 705 uoluntas,
602 641 703 696 rectius
721 655 801 711 agere
816 638 975 708 intelligitur
1024 641 1116 699 lenda,
1134 641 1186 697 Sed
1202 657 1252 713 ego
1264 643 1298 698 ad
1310 643 1360 697 boe
1371 641 1462 708 tendo;
1474 657 1508 698 ne
1520 642 1556 698 ob
1568 641 1620 698 boc
1632 642 1720 699 simus
1732 644 1809 700 darn-

187 740 220 793 de
233 739 287 804 bis,
301 751 371 807 qnos
383 734 528 797 toleratas,
546 740 592 786 aut
605 738 730 785 sanctum
745 729 914 800 propositum
932 726 974 781 ie·
1023 733 1138 799 nabiles,
1150 733 1223 805 quod
1236 749 1287 790 nos
1299 734 1393 790 altaris
1407 734 1526 789 ministri
1540 733 1675 791 habemus
1685 737 1809 808 proprie-

187 831 225 883 cit
239 841 383 897 pauperes,
402 838 485 895 quarn
500 822 534 876 de
549 820 602 886 bis,
621 834 692 889 equos
704 818 854 874 necessitas
869 818 909 871 rel
925 832 973 869 na·
1023 832 1101 890 iares,
1126 840 1196 895 quas
1218 833 1247 880 ct
1274 825 1311 880 ilii
1338 824 1502 890 babuerunt,
1526 825 1628 895 quibus
1654 838 1810 898 praenotatae

187 920 279 973 licitas
301 916 394 987 posuit
419 916 490 970 inter
509 912 578 967 nibil
604 910 746 977 habentes,
762 907 866 964 nulium
880 916 972 964 tameat
1023 912 1096 983 leges
1118 913 1213 983 posita
1235 912 1356 982 luerunt,
1382 928 1416 970 ne
1434 914 1558 970 uidelicet
1581 917 1729 984 nescirent,
1753 933 1809 989 qua

186 1011 356 1081 propositum
371 1007 439 1062 nihii
457 1004 574 1062 habendi
590 1002 737 1069 habentes;
763 1000 885 1071 praecipit
898 999 971 1054 enim
1023 1001 1127 1057 cautela
1147 1018 1196 1058 sua
1214 1016 1277 1058 cunt
1296 1004 1380 1060 rebus
1399 1002 1526 1060 Ecclesia
1545 1005 1645 1061 babere
1666 1006 1807 1064 deberent.

186 1118 222 1158 nc
239 1102 273 1157 de
288 1101 340 1156 sibi
365 1097 558 1153 accedentibus
571 1096 653 1151 rebus
664 1093 765 1164 aliquid
780 1101 861 1165 agant
878 1099 971 1147 eontra
1059 1092 1159 1148 hacun.
1176 1091 1234 1162 Ego
1248 1094 1436 1164 principaliter
1450 1086 1562 1149 intende
1577 1109 1657 1166 agere
1670 1094 1704 1151 de
1725 1098 1808 1153 rebus

187 1208 267 1247 suurn
289 1189 476 1261 propositam,
494 1186 624 1257 quodvis
641 1186 727 1259 aptari
749 1191 837 1254 potest
850 1197 904 1237 non
920 1182 972 1235 ba·
1023 1181 1160 1248 Ecclesiae,
1182 1199 1244 1255 quac
1269 1184 1303 1239 ad
1326 1184 1462 1254 quoddam
1486 1186 1656 1256 propositum
1681 1197 1809 1244 sanctum

187 1283 313 1339 bentibus
331 1280 439 1350 aliquod
455 1279 609 1334 sanctitatis
629 1276 809 1348 propositum.
822 1272 870 1329 Est
882 1280 971 1327 autem
1023 1281 1088 1327 suot
1101 1273 1207 1341 oblatae,
1222 1283 1331 1346 atquea
1353 1273 1481 1331 Patribus
1497 1276 1650 1343 destinatae,
1662 1293 1742 1348 quas,
1758 1281 1807 1351 qui

186 1373 323 1428 laudabile
336 1365 896 1442 presbyteripropositomaprudentiriro
905 1361 973 1417 Pro·
1024 1362 1086 1418 inde
1099 1364 1242 1430 abstrahit,
1257 1366 1430 1438 sacrilegium
1453 1367 1609 1423 committit.
1635 1366 1690 1423 lies
1712 1378 1805 1424 autem

187 1461 419 1533 sperabisrerbis
430 1458 695 1528 earoprebensamtr
711 1453 857 1517 Sacerdos,
872 1453 970 1523 inquit,
1024 1455 1210 1523 iraereditariae,
1227 1457 1267 1511 rel
1281 1456 1391 1513 aliunde
1408 1457 1559 1527 acquisitae,
1581 1472 1643 1528 quae
1665 1472 1806 1530 nunquam

187 1551 451 1622 euidispensationis
461 1564 527 1605 eura
538 1547 685 1605 commissa
694 1556 746 1613 est,
755 1561 807 1600 non
816 1546 904 1601 solum
913 1544 972 1599 sine
1023 1545 1134 1603 luerunt
1155 1547 1182 1602 ln
1207 1557 1318 1605 sanctos
1342 1563 1410 1604 usus
1425 1548 1533 1614 oblatae,
1546 1548 1649 1618 absque
1664 1551 1809 1623 sacrilegio

187 1641 346 1711 eupiditate,
361 1639 407 1695 sed
423 1647 451 1694 ot
468 1654 530 1694 eum
551 1636 630 1692 laude
646 1633 757 1705 pictatis
771 1634 870 1703 accipit
890 1647 970 1703 apo·
1022 1638 1128 1707 possint
1144 1639 1238 1695 haberi
1255 1640 1283 1694 in
1299 1639 1472 1709 proprietate.
1496 1638 1550 1695 Sed
1572 1654 1619 1696 eas
1642 1641 1810 1700 habentibus

186 1734 254 1801 puio
274 1731 469 1801 dispensanda,
499 1738 527 1783 et
550 1726 665 1782 iideiiler
683 1724 824 1795 dispensat
850 1733 971 1794 accepta,
988 1716 1189 1798 Bptesbyleris
1210 1735 1238 1782 et
1256 1726 1416 1783 diaconibus
1439 1727 1506 1784 nibil
1521 1728 1635 1786 debetur
1648 1730 1682 1786 de
1704 1733 1810 1789 sanclis

186 1822 234 1893 qni
245 1823 337 1876 omnia
352 1814 401 1875 sua
419 1828 466 1874 aut
481 1817 601 1887 reliquit,
616 1825 664 1870 aut
683 1813 812 1870 Ecclesia
827 1814 910 1869 rebus
923 1812 972 1867 ad·
1023 1817 1152 1875 Ecclesia
1175 1820 1268 1877 rebus.
1293 1819 1348 1876 Sua
1363 1835 1439 1887 vero,
1453 1831 1570 1878 testante
1590 1822 1734 1894 Prospem,
1749 1825 1811 1882 sine

185 1912 287 1984 iunxit,
313 1919 340 1968 et
366 1926 395 1965 se
421 1911 447 1964 io
476 1922 593 1964 nuntere
621 1920 773 1976 pauperum
804 1905 971 1976 paupertatis
1023 1919 1136 1982 peccalo
1150 1912 1300 1982 possident,
1316 1913 1339 1969 si
1356 1929 1398 1980 ea,
1413 1923 1474 1983 quae
1487 1914 1529 1969 eis
1547 1915 1582 1971 ab
1594 1915 1715 1972 Ecclesia
1729 1932 1811 1973 com·

187 2015 281 2054 amore
295 1999 446 2063 caristituit,
466 1998 503 2052 ila
517 2005 548 2052 ut
561 1995 634 2051 unde
654 1994 819 2065 pauperibus
839 1993 971 2049 submini-
1022 1989 1134 2072 petunt,
1160 2003 1342 2074 dispensatori
1368 2004 1529 2076 relinquant
1551 2006 1619 2062 nihil
1645 2006 1812 2065 habentibus

187 2098 266 2157 strat,
279 2091 341 2145 inde
352 2090 409 2161 ipse
420 2096 550 2159 tauquam
564 2101 668 2159 pauper
678 2083 850 2142 uoluntarius
864 2086 968 2140 rinae.»
1023 2090 1196 2147 eonferenda,
1210 2090 1288 2159 Quod
1307 2101 1396 2149 samen
1420 2094 1455 2150 de
1478 2096 1521 2151 his
1539 2095 1643 2151 dicrum
1666 2097 1713 2163 sir,
1734 2099 1810 2168 quoq

187 2181 350 2252 HuiusmOdi
369 2195 435 2251 etto
448 2179 624 2251 presbiteria
638 2192 701 2233 illm
716 2177 753 2233 sii
768 2177 798 2231 ³¹¹
819 2176 893 2231 b0¹t⁰
908 2189 972 2246 pre·
1022 2192 1117 2240 ratum
1131 2184 1287 2241 eommunis
1301 2184 1364 2240 ritae
1378 2201 1432 2242 non
1445 2187 1540 2258 tangit,
1555 2186 1681 2259 quamvis
1694 2190 1811 2261 presby·

186 2272 287 2343 posito,
302 2270 462 2342 praedictum
483 2270 632 2341 capitulum
653 2283 719 2324 sane
733 2266 821 2339 iubet,
837 2282 871 2322 ne
891 2279 971 2322 ³⁸⁰⁰
1023 2276 1089 2331 teris
1104 2282 1133 2330 et
1149 2273 1323 2341 diaconibus,
1339 2273 1420 2329 etiam
1434 2283 1510 2331 extra
1523 2288 1614 2332 totum
1628 2275 1811 2334 existentibus

186 2363 328 2434 1110108110
342 2372 492 2419 retrorsum
505 2359 649 2416 ⁰¹⁰lbiiei·
665 2356 809 2425 0¹¹⁰¹¹¹0t¹⁰
823 2371 888 2411 nero
902 2354 972 2425 ἰ(111)·
1022 2364 1068 2420 tir
1089 2373 1137 2420 aut
1158 2366 1315 2423 nuliatenus
1337 2375 1471 2436 congruat
1494 2367 1541 2422 ilia
1566 2367 1743 2440 indulgentia,
1762 2386 1810 2426 sua

187 2468 249 2509 sum
272 2461 436 2524 preceptum
459 2453 569 2524 penitus
592 2449 737 2521 irregulari
763 2446 863 2505 elerico
883 2447 971 2516 ablati
1023 2453 1083 2510 sine
1096 2454 1177 2509 rebus
1187 2453 1317 2510 Ecclesiae
1326 2454 1471 2524 retinendi,
1485 2470 1567 2525 quam
1581 2456 1696 2513 inarmis
1707 2473 1810 2514 corree-

186 2552 280 2613 queat,
293 2542 361 2597 mihi
375 2556 431 2596 ¹¹⁰⁰
447 2550 570 2612 apparet,
585 2538 715 2611 (1110111θῦ]
735 2534 889 2592 memini
907 2547 972 2605 pro·
1022 2546 1062 2601 dit
1084 2547 1235 2603 auctoritas
1255 2545 1393 2616 Prosper-i.
1408 2544 1441 2601 iii
1455 2547 1528 2602 enim
1542 2545 1589 2618 qui
1604 2548 1702 2605 altario
1716 2548 1810 2605 descr-

185 2634 306 2703 desitum
317 2646 372 2688 110⁰
393 2630 485 2700 habeb
511 2644 595 2702 it(1¹¹⁰
613 2628 767 2685 ¹¹¹⁰¹¹⁰¹¹d¹¹⁸
781 2628 827 2692 sib
842 2641 877 2682 ¹¹0
891 2640 972 2693 0¹0l·
1021 2638 1110 2706 rinnt,
1121 2636 1233 2693 omnino
1244 2635 1312 2694 tales
1324 2636 1424 2692 debent
1433 2632 1505 2705 esse,
1519 2643 1636 2693 testante
1647 2638 1677 2692 S.
1691 2636 1810 2703 iiiiariu,

186 2726 264 2781 bitet.
278 2724 402 2781 Sedesto
417 2722 611 2808 permittantur
632 2720 687 2777 iilic
702 2729 729 2776 et
742 2719 770 2774 in
784 2718 973 2801 aiiistquibus·
1021 2738 1049 2784 er
1074 2726 1104 2783 s.
1128 2727 1285 2792 Ambrosio,
1298 2734 1326 2782 et
1348 2726 1378 2782 Β.
1396 2718 1572 2800 Hieronymo,
1595 2743 1713 2801 quorum
1735 2729 1810 2785 dieta

186 2812 250 2869 ‘¹²⁰¹
263 2812 391 2884 &hitlini
409 2810 638 2868 11111151111111118
660 2809 761 2865 'libem
781 2808 907 2879 propria,
923 2807 971 2862 ⁸04
1022 2818 1113 2875 studio
1129 2817 1280 2884 brevitatis,
1295 2827 1425 2888 tanquam
1438 2819 1562 2889 pluribus
1576 2829 1640 2875 nota
1655 2821 1767 2888 omitto,
1782 2830 1811 2877 ut

187 2918 239 2960 nec
253 2903 282 2958 in
295 2903 410 2972 eisdem,
426 2916 477 2958 nec
493 2900 555 2957 aliis
567 2899 733 2956 autltcntieis
752 2898 880 2971 capitulis
888 2912 972 2954 eteu-
1021 2922 1117 2964 eornm
1133 2907 1223 2978 partio
1244 2907 1280 2964 sit
1303 2909 1329 2962 in
1344 2916 1417 2964 terra
1430 2910 1590 2978 virentium,
1609 2910 1730 2982 nihilque
1745 2926 1811 2982 pro.

124 2996 128 3003 '
186 3002 264 3050 satur
273 2993 450 3065 praesumptio
460 2993 602 3064 sacrilega,
614 3007 669 3062 qua
684 2999 781 3047 contra
795 2991 971 3046 interdictum
1021 2997 1111 3069 prium
1126 2997 1284 3070 possideant
1296 2998 1322 3053 in
1337 2999 1389 3057 bac
1402 3009 1473 3057 terra
1490 3001 1676 3069 morientium,
1691 3004 1739 3059 sed
1757 3005 1811 3060 sint

186 3101 263 3158 papae
285 3101 317 3144 ac
331 3087 459 3159 martyris
483 3081 586 3141 Urbani
610 3099 660 3155 per
679 3083 808 3139 matrices
834 3080 972 3137 Ecclesias
1022 3089 1729 3167 libertajugosacratariqmporesrarmqoq13,
1752 3082 1809 3151 Aa.

187 3177 241 3232 rita
253 3177 409 3233 eommunis
430 3173 586 3246 impeditur,
606 3173 651 3229 eui
669 3171 916 3228 ecclesiasticarum
929 3184 973 3226 re·
1022 3179 1132 3251 guetino
1145 3188 1214 3236 teste
1225 3182 1317 3238 rioilus
1329 3183 1438 3239 iliorum
1453 3185 1553 3255 poterit
1566 3201 1637 3251 esse,
1650 3186 1697 3256 qui
1715 3184 1811 3243 dicere

187 3284 249 3325 rum
264 3267 380 3324 incultas
400 3266 588 3339 principaliter
599 3265 721 3331 debetur,
744 3271 775 3319 ut
796 3263 902 3334 abipsa
917 3263 973 3317 dis·
1022 3267 1106 3326 babet
1121 3288 1130 3326 ι
1145 3287 1224 3327 meus
1247 3288 1353 3339 servus,
1379 3290 1439 3330 ntea
1463 3275 1536 3342 rilia,
1559 3292 1618 3331 mea
1643 3276 1810 3342 substantia,

187 3367 327 3431 pensetur,
343 3360 401 3415 sire
421 3355 589 3428 paupertatis
610 3354 790 3421 amatoribus,
807 3354 864 3410 sire
875 3352 971 3408 Lazari
1023 3360 1152 3439 quoniam
1175 3361 1237 3433 jure
1260 3363 1392 3434 bubiano,
1420 3366 1493 3437 quud
1518 3366 1696 3437 potestatibus
1725 3367 1812 3437 hujus

187 3449 335 3514 similibus,
351 3449 409 3503 sire
423 3445 588 3517 hospitibus,
603 3442 671 3508 sive,
686 3451 717 3497 ut
737 3441 853 3497 muitum
872 3440 972 3496 cunde-
1023 3451 1117 3506 mnndi
1135 3453 1268 3522 subjacet,
1291 3455 1465 3525 possidentur
1479 3457 1606 3526 propria;
1623 3457 1669 3513 sed
1690 3457 1758 3527 iure
1771 3459 1811 3514 di-

186 3538 362 3604 8111111ῦὸ,
378 3535 494 3591 1111111118
518 3532 625 3589 istricis
646 3542 722 3587 ⁰¹¹¹*
745 3545 840 3587 810103
862 3532 972 3587 ordines
1024 3540 1088 3596 tino
1103 3539 1213 3598 Domini
1228 3554 1269 3600 est
1284 3555 1355 3602 terra
1371 3555 1398 3602 et
1412 3548 1551 3617 plenitudo
1563 3549 1633 3620 ejus.
1649 3546 1705 3603 Nec
1716 3548 1812 3607 dicere

188 3628 366 3685 tolerabiliter
377 3625 580 3692 liventibQss
594 3621 722 3679 ssetiesiae
736 3635 786 3693 prb
799 3622 973 3679 11101111108110
1023 3633 1169 3705 quisquam
1185 3644 1274 3705 pqlggp
1290 3653 1320 3694 eg
1338 3637 1391 3693 1100
1403 3637 1487 3708 jur-eg
1505 3654 1582 3694 meus
1604 3637 1715 3705 fundus,
1729 3654 1810 3695 mgqg

186 3720 285 3776 saliem
297 3719 324 3773 in
340 3715 491 3788 118111111θᾶ11
505 3713 695 3770 wilwimus-
1024 3739 1131 3781 sertus.
1148 3723 1226 3782 Uode
1239 3743 1293 3783 non
1308 3738 1350 3785 est
1361 3726 1431 3784 inber
1450 3744 1467 3783 a
1491 3729 1596 3799 laqueis
1610 3729 1712 3793 saeculi,
1725 3730 1778 3800 qui
1794 3745 1810 3785 a

224 3817 331 3875 Soron.
349 3817 445 3874 Nonne
465 3830 514 3887 per
533 3815 586 3872 boe
597 3813 723 3870 ridemur
744 3814 881 3877 excusari,
900 3814 971 3883 quod
1024 3815 1197 3886 proprietatis
1207 3817 1380 3887 possessione
1395 3834 1449 3873 non
1464 3818 1522 3873 ruit
1534 3818 1655 3886 liberari,
1670 3817 1810 3890 digneque

188 3924 242 3967 nos
255 3909 349 3965 Patres
364 3917 619 3977 censueruntposse
629 3904 751 3975 tolerari,
762 3904 844 3975 quiin
859 3904 973 3975 quibus·
1025 3907 1164 3978 repellitur
1178 3908 1223 3964 bie
1238 3908 1300 3964 talis
1314 3909 1391 3978 juxta
1405 3909 1523 3981 rigorem
1537 3910 1713 3981 apostolieum
1728 3925 1747 3964 a
1760 3910 1811 3966 mi

189 4000 252 4058 datu
269 4001 394 4057 conciliis
407 4005 562 4075 statuerunt
577 3997 662 4067 legem
678 3996 712 4051 de
726 3994 973 4075 propriasubstan-
1025 3998 1137 4054 oisterio
1160 3999 1246 4054 sancti
1265 3999 1371 4068 aitaris,
1388 4009 1481 4071 utpote
1502 4001 1592 4057 adbuc
1615 3999 1769 4066 saecularis,
1784 4010 1810 4056 ct

188 4094 227 4148 tia
240 4092 383 4147 morientis
396 4088 559 4162 presbyteri,
582 4103 638 4159 quo
652 4088 734 4143 modo
744 4087 869 4143 tideiieet
888 4099 972 4158 oper·
1025 4087 1178 4158 implicatus
1192 4089 1296 4159 laqueis
1307 4090 1463 4147 mundanis.
1475 4090 1553 4158 Quod
1565 4105 1600 4147 oe
1609 4091 1643 4146 de
1654 4090 1737 4147 eorde
1750 4105 1810 4146 meo

188 4193 258 4238 teret
272 4198 333 4240 eam
344 4183 428 4239 diuidi
445 4182 515 4237 inter
525 4181 694 4252 episcopum,
708 4187 735 4234 el
749 4177 879 4245 haeredes,
891 4188 973 4248 atque
1022 4181 1117 4237 ¹ridear
1131 4182 1302 4252 prophetare,
1318 4183 1465 4239 aotharius
1485 4199 1555 4254 papa
1569 4192 1596 4238 et
1618 4192 1721 4255 martyr
1735 4184 1809 4239 dieat

188 4276 276 4345 ipsam
291 4272 460 4330 Ecclesiam?
1024 4286 1107 4342 super
1130 4271 1183 4328 boc
1209 4287 1289 4329 suum
1309 4273 1466 4331 decretale:
1486 4293 1496 4327 (
1513 4273 1636 4344 Oportet,
1657 4275 1759 4346 inquit,
1780 4282 1810 4330 ut

226 4373 438 4431 secernentes
454 4373 504 4441 iiii,
519 4389 589 4445 quos
600 4386 812 4437 commemoras,
826 4370 972 4440 prudenter
987 4380 1010 4435 p
1023 4365 1070 4435 qui
1086 4364 1171 4419 ileum
1189 4364 1345 4423 hereditate
1366 4367 1516 4436 possident,
1532 4366 1635 4437 absque
1650 4366 1705 4421 ullo
1720 4366 1809 4437 impe·

189 4464 324 4533 iecerunt,
340 4465 466 4521 morbum
486 4472 680 4535 temperantes,
701 4476 782 4532 quem
801 4459 909 4529 penitus
924 4475 975 4512 au·
1024 4456 1145 4511 dimeoto
1166 4456 1257 4512 saecuii
1283 4454 1339 4511 iieo
1354 4458 1490 4526 serviant,
1514 4468 1544 4514 ut
1563 4458 1655 4514 dicere
1679 4459 1806 4529 possint:

190 4557 263 4614 ierne
276 4573 331 4614 non
347 4566 505 4629 potuerunt.
528 4555 585 4611 iioc
598 4563 626 4611 et
639 4555 678 4609 iiii
696 4553 882 4620 adverterunt,
896 4551 942 4622 qui
958 4567 973 4606 a
1025 4546 1157 4602 Dominus
1170 4562 1234 4617 pars
1253 4547 1424 4604 haereditatis
1438 4563 1516 4604 meae.
1534 4567 1543 4600 r
1561 4547 1668 4616 Quibus
1684 4548 1811 4604 carimde·

191 4648 275 4704 rebus
287 4645 415 4702 Ecclesia
429 4661 473 4702 res
486 4644 608 4716 episcopi
630 4641 757 4714 proprias
767 4641 908 4712 jusserunt
923 4640 973 4694 ha·
1024 4637 1091 4693 ratis
1101 4645 1207 4693 coriaut
1219 4638 1290 4694 sacri
1302 4639 1396 4696 altaris
1407 4638 1541 4696 ministris
1551 4639 1746 4710 proprietatem
1759 4638 1811 4694 iiii-

192 4738 251 4793 beri
265 4737 418 4793 distinctas.
435 4735 505 4804 Quia
528 4735 657 4791 nimirum
679 4733 778 4790 accidit
796 4730 976 4788 morientibus
1025 4726 1116 4790 citam,
1133 4728 1259 4797 quamuis
1274 4729 1302 4783 in
1325 4744 1408 4799 supra
1421 4727 1495 4783 dieto
1509 4727 1719 4799 Carthaginensi
1741 4741 1808 4783 cen·

190 4829 328 4900 episcopis
338 4837 385 4884 aut
395 4829 559 4900 presbyteris
568 4826 720 4883 Ecclesiam
731 4824 824 4881 serari
842 4824 877 4879 ab
891 4823 976 4879 bere·
1025 4817 1089 4873 cilio
1111 4818 1236 4874 videatur
1260 4818 1399 4891 indulgere
1424 4834 1495 4875 eam.
1518 4818 1551 4874 Et
1573 4833 1670 4890 resera
1691 4817 1733 4873 sie
1755 4825 1807 4872 est.

190 4919 284 4987 dibus,
298 4920 406 4990 elquod
421 4918 510 4975 adbuc
525 4917 632 4988 turpius
643 4925 713 4984 erat,
728 4914 975 4986 apresbyterorum
1024 4908 1202 4967 Considerate
1215 4911 1288 4967 enirn
1310 4921 1421 4983 propter
1435 4911 1565 4967 duritiam
1583 4910 1675 4966 cordis
1697 4906 1807 4980 propria

192 5013 313 5070 domims
327 5012 498 5080 earnabbus3
514 5025 577 5066 cum
592 5006 791 5079 disceptaretur
805 5007 839 5062 de
856 5004 976 5077 propriis
1024 4997 1120 5056 Patres
1134 5001 1318 5067 indulserunt,
1333 5016 1395 5072 quae
1409 5000 1523 5056 omnino
1541 4999 1618 5055 duris
1632 4998 1686 5053 iliis
1699 4996 1807 5053 aitlerre

191 5120 288 5161 eorum
305 5106 397 5174 rebus.
423 5102 492 5158 iiuic
507 5100 580 5157 malo
592 5098 772 5171 praecavendo
789 5096 974 5161 intenderunt,
1025 5101 1245 5162 nonpotuerunl,
1257 5093 1304 5149 sed
1315 5100 1343 5148 et
1354 5093 1428 5164 leges
1437 5099 1599 5162 pesuerunt,
1611 5084 1805 5161 quibusberet,

193 5196 241 5267 qui
258 5197 292 5251 de
305 5193 457 5250 substantia
471 5190 581 5264 propria
591 5190 665 5262 leges
677 5188 820 5256 dederunt,
837 5187 976 5259 quomodo
1025 5192 1125 5238 utnon
1146 5183 1260 5237 omnino
1275 5182 1360 5248 licite,
1375 5182 1423 5238 sed
1440 5181 1531 5238 minus
1555 5181 1670 5238 moleste
1689 5176 1805 5242 eaeteris,

193 5270 299 5342 seilicet
315 5299 330 5339 a
344 5284 427 5341 rebus
443 5281 639 5356 ecelesiasticis
654 5279 820 5335 haberentur
830 5277 975 5343 distinctae,
1026 5274 1174 5338 minusque
1190 5274 1324 5347 damnose
1340 5272 1386 5328 iiia
1396 5271 1577 5344 possiderent.

192 5384 222 5430 et
235 5374 374 5444 qttomodo
399 5373 582 5430 morionibus
604 5369 771 5442 presbyteris
794 5379 886 5426 esseru
906 5368 977 5424 diti·
1062 5365 1166 5421 Saeua.
1190 5363 1248 5437 Ego
1272 5364 1377 5435 gaudeo
1393 5375 1531 5435 utcunque
1545 5360 1613 5418 mibi
1625 5358 1743 5433 permitti
1760 5370 1804 5412 ree

135 5460 144 5465 ’
193 5466 301 5523 denda.
316 5464 450 5520 Ponetibi
472 5473 535 5520 aute
557 5463 652 5521 oeulos
666 5461 865 5533 presbyterum,
881 5459 977 5528 inquo
1026 5472 1112 5522 meas,
1123 5455 1186 5527 quia
1200 5456 1301 5513 inritus
1312 5455 1418 5513 dimitto
1431 5470 1489 5513 cas.

194 5557 231 5611 sit
254 5562 380 5611 sanetum
404 5555 574 5626 propositum
601 5553 692 5610 verbis
719 5550 863 5622 Prosperi,
894 5564 976 5619 supra
1062 5545 1164 5605 haut.
1184 5546 1249 5603 Esto
1273 5546 1464 5619 permittantur
1479 5547 1528 5605 tibi
1549 5555 1607 5605 lua.
1624 5545 1677 5602 Sed
1698 5556 1758 5600 cnm
1774 5548 1803 5593 tn

194 5647 435 5714 cotnprebensurn,
451 5647 574 5718 nunquid
586 5654 647 5717 eget
657 5647 709 5701 ista
721 5642 922 5713 dispensatione
935 5640 977 5697 vel
1027 5646 1081 5693 nod
1097 5637 1172 5694 ritas
1194 5646 1271 5692 extra
1295 5637 1542 5709 congregationem,
1557 5646 1604 5694 nul
1618 5646 1694 5694 esna
1713 5643 1803 5690 sacros
