3892 6067
199 247 253 304 lli
670 248 822 306 GElllllilll
842 250 1035 310 rneeostrt
1055 251 1328 313 abrettensrattd.
1765 225 1819 319 lli

197 365 315 420 multum
331 365 474 422 dissimilis
497 373 539 419 est
561 364 621 420 istis
645 365 770 434 collibus,
792 383 848 440 prae
862 368 985 424 multitu·
999 376 1021 433 Α
1036 385 1072 426 uo
1086 371 1156 442 ignis
1169 369 1222 426 dici
1245 384 1261 424 a
1284 367 1379 440 paucis
1390 365 1437 423 tali
1451 369 1581 440 martyrio
1598 367 1669 440 aptis
1684 365 1712 425 in
1730 369 1821 430 merliu

195 460 260 517 diue
281 459 434 515 dulcedinis
458 459 533 528 ipsos
556 459 719 516 inebriantis
747 461 930 532 gaudentibus
955 472 983 518 et
1034 458 1195 532 Babylonis3
1209 458 1284 515 serbi
1307 458 1395 531 gratia
1415 458 1467 514 sub
1488 459 1676 529 perseeutione
1699 462 1821 531 spurcis·

196 551 405 608 exsultantibus.
425 548 470 606 lsti
485 566 604 622 namque
616 550 767 607 secundnm
781 554 854 625 quod
869 555 983 626 spiritns
1034 552 1096 607 simi
1111 561 1139 607 et
1152 549 1314 622 nequissimi
1337 548 1471 617 Neronia
1488 549 1535 605 sed
1558 549 1701 621 hymnum,
1716 552 1751 606 dc
1765 567 1821 621 quo

195 655 291 697 eorum
305 642 446 699 adhaerens
467 640 524 698 lieo
544 659 628 699 utrum
642 643 756 706 efficitur
772 660 835 700 cnm
849 637 893 712 ω’,
909 647 983 702 tinus
1034 640 1062 695 in
1075 640 1209 712 principio
1223 639 1323 696 cantici
1338 638 1420 710 hujus
1434 639 1561 710 praeipni
1578 640 1614 696 de
1626 639 1741 697 canticis
1753 639 1821 696 Sion

195 734 377 790 exsultatione
393 718 545 805 replentur;
562 735 610 791 sed
628 736 778 792 securrdunr
795 736 868 807 quod
883 754 983 809 corpus
1033 729 1135 788 dietum
1150 742 1193 789 est
1207 748 1214 785 :
1229 729 1264 788 Te
1286 731 1359 786 dccet
1381 731 1503 802 tresanus,
1524 728 1605 797 dent,
1621 731 1649 784 ia
1664 728 1739 785 Sion.
1753 729 1822 797 Quia

196 820 359 878 humilitatis
374 822 497 892 ipsorum
517 822 732 895 configurabitur
746 824 857 894 corpori
873 824 984 882 clarita·
1033 836 1074 883 est
1088 825 1139 882 iste
1153 825 1282 898 hymnus,
1297 826 1351 881 nisi
1366 834 1429 897 post
1441 824 1564 880 omnium
1587 839 1684 895 regum
1706 822 1821 895 liabylo·

197 912 233 967 tis
244 913 315 983 ejus,
329 914 411 969 etiam
430 912 583 970 forinsecus
597 914 780 972 exsultatione
793 917 981 989 accingentur.
1033 917 1154 984 riorum,
1172 933 1290 989 quorum
1304 916 1490 973 Antichristus
1506 916 1559 971 erit
1571 915 1695 980 ultimus,
1713 917 1821 973 destru-

231 1003 424 1061 euxitheo
446 1006 510 1076 qnia
531 1004 565 1061 de
586 1020 701 1061 numero
720 1006 815 1062 talium
831 1007 902 1063 dont
921 1008 983 1079 qui·
1033 1010 1167 1077 ctionem,
1193 1017 1221 1064 et
1241 1008 1361 1065 civitatis
1387 1006 1539 1064 Jerusalem
1572 1008 1820 1076 modificationem,

195 1096 258 1151 dam
274 1085 398 1168 magistri
416 1112 528 1168 gregum
549 1097 768 1165 rationabilium;
784 1098 983 1170 sicutobgra·
1033 1100 1323 1158 cantusexsultatirus
1340 1100 1430 1170 qualis
1451 1099 1480 1155 in
1499 1098 1602 1155 ultimis
1620 1110 1722 1171 septem
1748 1101 1823 1172 psal·

196 1188 241 1244 tia
264 1190 472 1259 praerogativam
497 1190 597 1257 colles,
622 1191 658 1246 ita
684 1199 795 1261 propter
820 1192 984 1249 commissos
1033 1193 1087 1249 mis
1110 1192 1247 1248 invertitur
1262 1205 1420 1261 expressus,
1444 1190 1492 1248 ubi
1507 1186 1670 1248 universalis
1687 1189 1820 1260 Ecclesia,

195 1293 291 1350 greges
305 1280 436 1335 dicuntur
448 1281 557 1348 arietes,
575 1282 622 1349 qui
638 1289 786 1352 praenotata
800 1283 983 1339 exsultatione
1034 1283 1075 1339 rel
1085 1283 1212 1354 qualibet
1223 1281 1405 1340 ecclesiastiea
1419 1296 1535 1353 persona
1549 1283 1583 1338 de
1595 1282 1686 1354 gladio
1702 1283 1822 1356 maligno

118 1431 121 1436 ,
195 1388 259 1428 mam
275 1373 380 1429 ceteris
395 1374 503 1443 quidem
523 1373 640 1429 collibus
659 1370 844 1443 accingentur,
864 1373 911 1430 sed
927 1390 984 1447 pree
1033 1374 1158 1442 liberata,
1174 1374 1217 1430 rel
1236 1373 1265 1430 in
1282 1389 1342 1445 spe,
1355 1373 1399 1430 rel
1418 1373 1493 1445 quod
1511 1373 1609 1430 melius
1623 1383 1675 1442 est,
1690 1374 1718 1430 in
1736 1390 1767 1431 re
1780 1376 1823 1432 sie

195 1468 301 1524 esteris
312 1468 467 1533 induentur,
487 1468 523 1523 ita
538 1476 570 1524 ut
586 1468 704 1540 quisque
718 1468 827 1525 illorum
841 1485 903 1526 eum
919 1485 984 1541 pro-
1032 1466 1151 1523 exsultat
1175 1466 1203 1521 in
1225 1480 1289 1537 rege
1311 1480 1362 1522 sao
1382 1464 1505 1530 Christo,
1518 1472 1549 1521 ut
1572 1480 1627 1521 reon
1654 1465 1742 1525 solum
1765 1475 1823 1522 tres

194 1559 276 1630 pheta
288 1560 379 1615 dicere
388 1560 496 1615 valeat:
512 1578 522 1610 r
537 1559 665 1617 Gaudens
676 1561 799 1632 gaudebo
814 1561 841 1617 in
854 1560 982 1631 Domino,
1033 1557 1110 1627 pueri
1125 1572 1173 1614 seu
1184 1555 1235 1613 riri
1249 1555 1401 1624 fortissimi,
1414 1555 1462 1611 sed
1476 1555 1557 1611 etiam
1573 1556 1713 1612 attestor
1728 1556 1822 1613 exsul·

194 1656 223 1703 ct
240 1648 388 1705 exsultabit
401 1649 493 1705 anima
506 1664 569 1705 mea
584 1650 612 1705 in
627 1648 743 1706 Domino
765 1664 837 1707 meo.
853 1643 982 1718 Quia‘in-
1033 1658 1091 1707 tent
1103 1649 1131 1705 in
1148 1664 1212 1718 rege
1229 1664 1280 1705 suo
1295 1648 1352 1721 regi
1372 1648 1518 1720 Babylonis
1532 1643 1609 1705 eatae
1624 1649 1759 1719 opposito.
1783 1647 1823 1704 lle

194 1737 254 1796 duit
277 1754 321 1794 me
341 1739 511 1796 vestimentis
533 1739 639 1808 salutis,
654 1748 682 1796 et
699 1736 860 1796 indumento
870 1740 984 1812 justitiae
998 1708 1019 1765 B
1033 1755 1096 1812 rege
1108 1739 1255 1812 Babylonis
1268 1739 1335 1796 dieit
1346 1739 1460 1795 Daniel:
1477 1759 1487 1791 r
1503 1738 1579 1806 Quos
1594 1740 1699 1796 solebat
1715 1740 1822 1796 interd·

194 1827 375 1885 circumdedit
390 1843 444 1896 me,
455 1829 533 1900 quasi
549 1827 679 1899 sponsum
695 1827 853 1884 decoratum
868 1844 981 1897 corona,
1031 1832 1133 1899 dcbm,
1149 1846 1219 1902 ques
1234 1831 1342 1888 volebat
1359 1830 1543 1902 percutiebat,
1561 1845 1632 1901 quos
1644 1831 1753 1886 volebat
1772 1847 1822 1886 ex·

194 1927 222 1974 et
243 1919 322 1989 quasi
346 1933 475 1990 sponsam
498 1928 623 1975 ornatam
644 1918 794 1975 monilibus
816 1919 876 1976 suis
901 1918 981 1992 (lsai.
1032 1925 1148 1991 aiebat,
1172 1940 1243 1995 quos
1266 1924 1373 1980 rotabat
1393 1921 1553 1979 humiliabat
1577 1923 1659 1995 (ban.
1681 1938 1709 1980 r.
1732 1923 1820 1994 tat.»

194 2026 251 2077 ιιι,
275 2009 330 2082 to).
357 2030 368 2064 r
394 2010 424 2066 ln
445 2012 539 2084 sponsi
565 2014 676 2070 nomine
697 2023 852 2085 paternum,
879 2017 928 2074 scd
954 2018 982 2073 in
1032 2015 1107 2084 Quos
1122 2016 1221 2086 inquit,
1238 2014 1356 2080 nolebat,
1372 2028 1426 2069 non
1445 2028 1515 2084 quos
1529 2013 1653 2069 debebat.

195 2121 303 2176 sponsae
318 2114 471 2162 maternam
487 2122 573 2178 pensa
586 2108 694 2181 pietatis
706 2108 831 2166 allectum
848 2111 911 2167 :eui
924 2127 983 2169 mo·
1067 2105 1208 2163 CLXh'Vl.
1224 2105 1371 2177 Propterea
1394 2103 1478 2175 igitur
1501 2103 1564 2160 filiae
1590 2103 1657 2159 Sion
1682 2104 1824 2160 exsultant

194 2197 249 2253 rito
275 2197 412 2267 geminum
433 2197 546 2254 elebatur
569 2208 776 2268 ornamentum,
799 2210 855 2258 tam
882 2217 984 2273 sponso
1032 2200 1060 2255 in
1076 2215 1139 2271 rege
1152 2216 1213 2266 suo,
1233 2198 1280 2270 qui
1294 2196 1361 2254 dicit
1376 2214 1383 2251 :
1401 2215 1411 2250 r
1428 2195 1487 2252 Non
1503 2196 1565 2252 reni
1586 2194 1677 2253 facere
1693 2196 1823 2253 rolunta·

194 2299 277 2356 quam
293 2303 401 2357 sponsae
413 2287 646 2345 dominatorem.
665 2287 700 2344 Et
720 2291 797 2346 relies
811 2292 984 2347 abundabunt
1032 2303 1086 2350 teni
1102 2307 1203 2358 meant,
1222 2292 1269 2348 sed
1285 2291 1345 2362 ejus
1362 2290 1409 2362 qui
1424 2289 1500 2346 misit
1511 2304 1556 2344 me
1573 2287 1662 2344 Patris
1674 2286 1764 2358 (iona.
1781 2303 1822 2356 rr,

195 2378 354 2449 {remutet
374 2378 480 2435 lloutes
496 2379 631 2451 squidem
650 2382 851 2439 rexsultabunt
866 2393 896 2438 ut
912 2383 984 2440 arie·
1032 2384 1096 2455 58);
1119 2401 1129 2436 r
1150 2383 1215 2454 quia
1240 2382 1284 2437 ille
1307 2380 1443 2437 neminem
1460 2378 1660 2452 quantumlibet
1676 2379 1826 2439 carnaliter

194 2479 247 2536 tes,
261 2478 289 2526 et
304 2470 390 2525 colles
411 2468 483 2525 sieut
505 2470 567 2542 agni
590 2472 683 2527 orium
708 2471 795 2544 (Psoi.
820 2489 898 2539 crrrr,
913 2475 952 2541 l),
970 2492 981 2526 a
1032 2475 1216 2547 propinquum
1231 2472 1344 2541 exaltat,
1359 2470 1413 2528 nisi
1426 2479 1508 2542 prout
1521 2485 1603 2526 causa
1618 2469 1756 2539 aequitatis
1772 2485 1823 2540 po-

193 2559 451 2616 tum'exsultatioue
471 2559 556 2616 colles
571 2561 760 2633 accingentur,
782 2573 809 2621 et
823 2564 983 2623 arietesea·
1033 2565 1127 2621 stulat.
1149 2562 1202 2630 Qui
1226 2562 1308 2618 etiam
1342 2560 1441 2618 iratres
1464 2576 1530 2616 suos
1554 2558 1663 2615 iudaeos
1688 2559 1824 2616 existente

194 2654 256 2710 dent
276 2653 457 2710 exsultatione
476 2662 606 2726 tanquam
632 2657 746 2727 nuptiali
771 2667 845 2724 reste
865 2657 983 2714 induen-
1032 2655 1112 2725 eulpa
1134 2652 1273 2723 reprobat,
1287 2660 1315 2709 et
1334 2652 1471 2708 neminem
1488 2650 1605 2721 pereutit
1625 2651 1665 2705 rel
1684 2649 1825 2719 humiliat,

194 2758 249 2805 tur.
263 2746 316 2805 Sed
334 2750 418 2806 valles
431 2748 589 2820 hujusmodi
603 2749 718 2805 collibus
740 2748 895 2817 inferiores,
909 2749 987 2805 ride-
1032 2761 1114 2817 quem
1129 2744 1195 2801 ides
1205 2755 1233 2802 et
1245 2744 1386 2800 humilitas
1396 2742 1577 2800 commendat.
1599 2739 1675 2796 Unde
1688 2755 1739 2796 nee
1752 2755 1823 2812 gen·

194 2837 258 2894 licet
270 2838 356 2894 sancti
368 2848 396 2894 et
410 2840 527 2897 humiles
539 2837 633 2905 eorde,
645 2838 718 2893 nulla
732 2839 837 2909 praditi
852 2840 984 2895 ecclesia·
1034 2838 1094 2892 tiles
1111 2852 1126 2891 a
1140 2836 1225 2906 gloria
1245 2833 1347 2893 sanetis
1365 2842 1515 2906 praeparata
1539 2831 1653 2902 repellit,
1666 2845 1736 2901 quos
1753 2830 1825 2886 alias

195 2930 264 2986 stica
291 2929 443 3001 dignitate,
471 2929 651 2987 abundabunt
681 2927 820 2986 frumento
851 2931 983 2987 virtutum
1034 2928 1131 3000 dignos
1144 2942 1206 2984 esse
1225 2925 1386 2984 coristiterit.
1401 2924 1441 2979 he
1455 2922 1569 2993 proinde
1584 2920 1642 2991 ipse
1654 2928 1697 2976 est
1715 2935 1763 2976 rex
1772 2920 1822 2990 ju·

196 3021 390 3092 spiritualium,
410 3020 504 3091 quales
526 3019 674 3090 hpostolus
692 3030 845 3088 enumerat,
867 3021 961 3078 dicens
974 3039 981 3074 z
996 3047 1018 3105 C
1034 3019 1116 3075 stitia
1126 3017 1318 3090 dignusgloria
1333 3027 1358 3072 et
1369 3015 1482 3081 bonore,
1492 3013 1592 3086 dignus
1607 3012 1706 3083 hymno
1718 3010 1822 3066 cirinen

195 3112 221 3168 F
223 3122 314 3167 ructus
338 3121 428 3167 autera
452 3110 569 3182 Spiritus
589 3120 627 3164 eat
648 3126 658 3164 .·
686 3111 820 3179 alteritus,
845 3112 982 3184 gaudium,
1035 3108 1332 3181 Sion,prouttcdscet
1347 3101 1604 3177 tarentasiensis
1623 3100 1696 3156 Sion.
1712 3099 1823 3156 Etcrtirn

194 3219 258 3275 par,
270 3204 410 3273 patientia,
429 3200 628 3272 lorrpcnirnitur,
643 3201 758 3268 bouitas,
772 3203 847 3271 fides,
862 3220 984 3259 mantue·
1034 3200 1166 3272 hymnum
1189 3200 1281 3256 dicent
1303 3198 1417 3271 juvenes
1437 3205 1465 3253 et
1479 3195 1599 3267 virgines
1622 3209 1685 3249 cnm
1699 3191 1822 3263 juniori·

196 3293 270 3359 tardo,
283 3292 455 3357 continentia,
467 3291 577 3347 castitas
591 3289 694 3361 (Galat.
709 3306 736 3358 r,
747 3291 804 3362 ii).
819 3291 983 3364 llrrjusurodi
1034 3293 1096 3360 burs,
1120 3291 1212 3363 pusilli
1234 3307 1296 3350 cum
1319 3288 1469 3360 nlaioribus
1484 3286 1650 3342 unanimiter
1668 3291 1798 3339 canentes
1814 3301 1824 3339 ε

195 3384 330 3440 fructibus
346 3382 517 3440 abundantes
531 3397 586 3437 uon
601 3381 757 3439 tacebunta
774 3383 852 3439 laude
867 3383 908 3438 rel
921 3399 986 3455 gra·
1033 3384 1126 3440 Gloria
1143 3383 1228 3451 Patri,
1246 3382 1325 3454 cujus
1345 3377 1474 3451 templum
1488 3387 1530 3435 est
1547 3376 1671 3450 mirabile
1692 3375 1720 3429 iu
1737 3372 1825 3445 mqui-

196 3476 297 3533 tiarum
311 3475 429 3541 actione,
449 3490 503 3546 qua
526 3474 694 3542 clamabunt,
711 3489 766 3529 aron
781 3483 876 3530 eontra
890 3475 983 3532 Donni
1034 3487 1108 3545 tate;
1123 3476 1210 3548 gloria
1223 3475 1304 3541 Filio,
1320 3473 1372 3544 ipsi
1393 3471 1512 3543 templo;
1527 3469 1612 3541 gloria
1627 3466 1739 3537 Spiritui
1755 3481 1825 3521 san·

196 3582 273 3635 num,
293 3566 365 3622 sieut
381 3566 532 3637 blasphemi
549 3575 708 3636 arrogantes
722 3574 749 3620 ct
769 3575 984 3633 murmurantes,
1033 3577 1088 3635 cto,
1101 3568 1148 3639 qui
1162 3575 1205 3622 est
1216 3566 1262 3621 illa
1274 3564 1420 3637 pinguedo,
1436 3578 1490 3634 qua
1506 3561 1685 3633 pinguescent
1695 3556 1825 3627 speciosa

196 3656 337 3712 autetiam
352 3671 402 3711 sna
420 3656 516 3711 merita
535 3655 680 3726 jactantes,
694 3655 802 3725 aliaque
814 3655 927 3710 meeuda
943 3655 984 3710 lo·
1033 3656 1145 3713 deserti.
1161 3654 1254 3712 Gloria
1273 3653 1358 3720 Patri,
1377 3662 1406 3709 ct
1426 3651 1507 3718 Filio,
1529 3658 1558 3706 et
1579 3648 1692 3722 Spiritui
1713 3657 1826 3715 saneto,

195 3754 325 3815 queutes3
350 3746 424 3817 quod
448 3761 503 3802 rron
530 3755 573 3802 est
597 3746 737 3803 abundare
761 3745 910 3813 fruniento,
934 3746 983 3802 sed
1033 3749 1082 3806 uni
1095 3763 1128 3805 ae
1139 3748 1211 3804 trino
1223 3745 1289 3813 Deo,
1302 3754 1357 3802 tam
1371 3745 1400 3800 in
1414 3744 1516 3815 templo
1526 3740 1680 3798 admirabili
1694 3739 1827 3812 equitate

195 3838 291 3908 spinas
305 3846 332 3891 et
345 3836 461 3892 tribulos
475 3838 648 3907 germinare:
1033 3856 1115 3912 quam
1134 3840 1162 3896 iu
1180 3838 1285 3909 campis
1306 3837 1429 3893 ubertate
1443 3835 1564 3907 repletis.
1586 3832 1615 3887 ln
1629 3832 1729 3902 templo
1743 3831 1825 3886 illum

231 3927 371 3985 ebxxtt.
384 3929 982 4002 Clamabuntergotamcollesquamralles,
1032 3932 1184 4005 glorificent
1207 3930 1363 3988 sacerdotes
1385 3939 1414 3987 et
1435 3928 1525 3985 lenita
1547 3925 1666 3983 mirabili
1684 3923 1826 3995 asqttitatis

195 4028 252 4075 tam
263 4021 367 4091 praelati
382 4036 466 4093 qnam
485 4021 613 4093 subjecti,
636 4021 746 4078 assidue
761 4022 864 4078 orando
880 4033 908 4079 et
920 4023 982 4079 lan·
1033 4021 1220 4091 obsecrantia;
1237 4023 1302 4078 dnm
1329 4022 1401 4076 inter
1421 4018 1554 4089 populum
1578 4014 1742 4072 mediatores
1763 4028 1826 4070 nou

194 4112 290 4169 dando
301 4110 399 4179 Deum,
417 4127 466 4168 seu
480 4113 583 4186 gratias
599 4113 637 4168 illi
652 4113 768 4185 agendo.
794 4113 895 4170 Contra
917 4130 981 4171 rer·
1032 4114 1168 4173 declinent
1187 4114 1221 4170 ad
1243 4113 1337 4183 iniqua
1358 4110 1474 4183 iudicia,
1490 4109 1532 4166 rel
1550 4108 1634 4164 mum
1650 4105 1824 4175 fraudatrice,

194 4204 260 4260 hum
274 4204 510 4275 peregrinationis,
524 4205 596 4276 quod
620 4206 660 4262 cis
675 4204 726 4262 fuit
747 4221 830 4262 causa
845 4207 983 4263 diuturnae
1032 4207 1124 4263 minus
1136 4205 1324 4261 annuntiando
1335 4219 1416 4275 quarn
1430 4203 1528 4260 debent
1542 4204 1601 4273 eius
1611 4201 1745 4273 iustitiam
1756 4219 1763 4269 ;
1775 4203 1826 4261 rel

194 4295 370 4365 captivitatis,
386 4296 544 4353 clamabunt
561 4296 734 4367 predicando
748 4299 860 4353 verbum
874 4299 980 4362 salotis,
1031 4299 1161 4369 populum
1172 4296 1340 4363 fraudantes,
1360 4296 1452 4351 minus
1465 4310 1548 4364 quam
1563 4295 1641 4349 dccet
1654 4292 1826 4363 increpando

192 4386 269 4456 ‹prrod
284 4386 326 4441 eis
338 4387 392 4441 erit
409 4402 492 4443 musa
506 4386 624 4443 eliciens
639 4388 813 4444 reversionis.
836 4390 885 4444 illo
898 4391 982 4444 rcrbo
998 4391 1093 4461 licius
1102 4400 1224 4461 peccata.
1239 4389 1304 4446 lteor
1317 4389 1344 4445 in
1357 4389 1462 4460 eampis
1473 4387 1582 4457 repletis
1599 4388 1722 4443 ubertate
1733 4386 1819 4457 glori·

194 4474 343 4532 renrrndati
365 4491 448 4546 strper
469 4474 582 4531 flumina
604 4474 752 4547 Babylonis
774 4490 828 4532 raon
848 4479 981 4546 canendo,
1032 4480 1095 4537 deret
1120 4481 1196 4536 illum
1223 4489 1295 4536 totus
1315 4478 1433 4551 populus
1458 4478 1624 4536 christianus
1643 4475 1759 4531 abacos
1779 4474 1827 4533 illi

195 4566 242 4621 sed
256 4566 344 4624 dendo
358 4565 499 4631 sederunt,
514 4565 578 4637 quia
591 4566 722 4639 ingrannum
737 4565 771 4620 de
784 4567 900 4624 canticis
916 4567 981 4623 Sion
1032 4570 1147 4642 gloriam
1164 4579 1191 4627 et
1211 4571 1343 4628 frontonem
1360 4570 1389 4624 in
1405 4569 1539 4626 fructibus
1549 4566 1662 4639 justitia
1674 4567 1717 4622 rel
1730 4565 1827 4636 dignae

194 4658 308 4715 interra
331 4657 418 4713 alicua
442 4666 555 4715 cantare
576 4672 632 4712 ncta
654 4665 812 4727 potuerunt.
827 4655 881 4713 lsto
899 4659 982 4714 serbo
1032 4662 1208 4733 punitentia.
1224 4660 1321 4728 hmerr,
1337 4676 1428 4727 amen,
1444 4675 1535 4715 amen.

195 4748 339 4818 redempti,
355 4757 382 4803 ct
403 4749 431 4803 in
446 4749 597 4806 ierusalem
613 4748 716 4805 coelesti
731 4763 804 4804 arurae
819 4747 915 4818 spiritu
930 4765 981 4819 po·
1067 4770 1189 4842 Epgmga
1201 4769 1312 4841 Eum-3
1327 4770 1398 4825 ,em-5
1415 4785 1491 4838 W„
1506 4769 1540 4822 ,g
1556 4767 1714 4832 campum,
1730 4784 1783 4839 4„

195 4839 253 4903 s'ti,
267 4838 381 4909 posthae
402 4839 484 4894 etiam
507 4855 589 4896 carne
614 4839 818 4911 transponendi,
839 4851 982 4896 resumant
1138 4840 1265 4913 approbat
1280 4839 1435 4910 opusculum
1447 4855 1529 4908 supra
1542 4840 1711 4907 descriptum.

194 4946 298 5003 organa
312 4931 416 5000 pridem
441 4945 585 4999 suspensa,
608 4932 794 5003 hymnumque
811 4931 844 4987 de
867 4931 981 4987 canticis
1068 4932 1203 4990 Erasmus
1218 4931 1371 5001 episcopus,
1387 4943 1481 4985 serrae
1501 4944 1642 4986 serrorum
1656 4927 1703 4983 bei
1720 4927 1827 4985 dilecto

185 5024 262 5101 ¹Sion
278 5031 354 5080 tanto
368 5020 520 5077 solerrnrius
539 5020 722 5092 frequentant,
736 5030 839 5092 quanto
852 5022 981 5092 elongare·
1032 5025 1089 5079 frlio
1103 5024 1135 5079 G.
1150 5020 1402 5092 llcieherspergensi
1415 5020 1570 5090 praeposito,
1585 5020 1738 5076 salutemet
1750 5034 1825 5088 apo·

195 5123 236 5170 tes
257 5128 273 5168 a
288 5111 436 5184 Babylone,
450 5125 576 5184 supernas
597 5110 749 5170 ierusalem
764 5122 858 5185 portas
871 5112 981 5183 expedi·
1032 5116 1155 5173 stolicam
1171 5112 1395 5169 benalictioueru.

195 5207 250 5260 t'us
265 5204 377 5260 intrant.
1069 5206 1176 5277 Scripta
1198 5203 1352 5260 denotionis
1378 5212 1432 5259 tuae
1457 5202 1574 5273 benigne
1602 5201 1767 5271 recepimus,
1791 5210 1827 5258 ct

228 5294 358 5351 uexat.
373 5295 442 5351 Cum
457 5295 531 5350 enirn
546 5295 677 5366 scriptam
692 5294 727 5351 sit
742 5311 749 5349 ε
765 5294 877 5355 lrttroite
890 5307 980 5367 portet
1033 5299 1166 5355 fervorem
1180 5306 1234 5353 tua¹
1255 5296 1395 5367 religionis
1409 5311 1443 5349 ex
1456 5308 1552 5349 eorum
1572 5291 1742 5362 inspectione
1761 5307 1822 5346 trra·

194 5388 222 5444 in
238 5389 411 5458 confessione,
423 5390 494 5444 utria
511 5389 569 5460 rjus
581 5389 609 5443 in
623 5388 744 5459 lrgmnis3
758 5389 803 5444 isti
817 5405 833 5444 a
845 5388 981 5462 llabgloue
1031 5393 1128 5454 nileste
1140 5390 1330 5463 cognorimus.
1345 5386 1488 5444 Concaluit
1501 5386 1574 5442 enim
1591 5401 1638 5442 eor·
1654 5396 1731 5440 tuunr
1745 5385 1825 5442 intra

194 5480 295 5536 reversi
310 5488 384 5538 statu
402 5483 430 5536 in
452 5482 530 5538 atriis
543 5480 703 5554 ierusalem,
727 5480 833 5538 Etenim
848 5483 978 5554 bymuurn
1030 5491 1067 5549 tc,
1079 5491 1106 5536 ct
1120 5480 1147 5536 in
1161 5479 1337 5538 meditatione
1359 5485 1405 5532 tua
1418 5475 1573 5531 exardescit
1594 5475 1675 5547 ignis.
1698 5474 1825 5545 ignitum

195 5570 296 5634 dicent,
318 5586 397 5640 quem
415 5572 616 5638 condicerent,
637 5572 660 5628 si
676 5582 751 5628 extra
769 5572 827 5628 luae
846 5574 913 5628 utria
932 5589 978 5630 es·
1029 5589 1138 5646 quoque
1151 5573 1289 5642 eloquium
1309 5579 1385 5624 tnurn
1401 5568 1582 5623 rehabeatur.
1601 5566 1689 5638 Super
1704 5566 1755 5621 boc
1766 5565 1827 5619 ita-

196 5669 264 5720 sont.
283 5660 416 5731 lipianum
429 5662 514 5718 dicent
530 5678 604 5718 :aron
621 5664 727 5734 qualem
743 5663 832 5719 decuit
850 5665 877 5720 in
895 5667 978 5722 earrti-
1030 5684 1081 5735 egre
1098 5666 1168 5735 quod
1183 5673 1277 5720 corrtra
1297 5662 1431 5727 pessimas
1446 5662 1595 5720 ueritates.
1614 5658 1825 5720 autumationes
