3892 6067
71 294 127 353 arr
369 282 645 345 eotttruuramuu
669 286 702 341 m
722 280 891 341 estuans.
912 266 946 323 L·
965 283 1057 339 nialus
1075 285 1110 341 x.
1131 319 1165 328 -
1184 286 1282 341 esua.
1302 283 1421 342 cxxxi.
1646 287 1698 343 aaa

70 416 156 478 supr
168 410 277 460 montes
290 401 435 457 Armeniae.
452 401 586 458 Similiter
604 418 668 457 oreo
681 416 729 471 per
748 399 858 472 lloysen
873 404 896 462 Α
912 412 1007 463 asuri,
1025 396 1070 468 ἢ),
1085 416 1095 449 ι
1109 407 1137 453 ct
1153 408 1251 454 caetera
1270 399 1400 469 usquein
1416 398 1496 452 lluem
1509 399 1618 469 psalmi.
1630 399 1701 457 liul-

70 493 206 553 tabricata
218 495 245 548 iu
254 491 430 548 tabernaculo
440 492 534 548 mobili
546 494 592 548 diu
603 493 637 548 de
651 492 712 548 loeo
724 491 757 547 ad
768 492 859 547 locum
909 497 967 542 tum
993 498 1123 557 quassata
1142 499 1183 546 est
1199 508 1262 545 ortu
1279 501 1327 546 tua
1346 490 1406 547 istis
1421 491 1500 560 aquis
1520 492 1702 551 tentationum

69 583 216 647 translata,
230 579 366 636 ueletiam
380 580 492 649 repulso
506 581 682 637 tabernaculo
707 580 764 635 Silo
790 580 862 636 inter
910 588 937 633 et
951 580 1170 646 tribulationum,
1193 598 1343 652 quemme
1367 583 1393 636 in
1418 584 1548 640 omnibus
1576 586 1702 656 requiem

69 674 241 743 alienigenas
266 670 366 739 legitur
386 671 597 726 circumducta:
621 672 667 726 sed
691 671 801 725 tandem
817 668 860 724 ia·
909 671 1018 740 quaerit,
1034 671 1128 729 diceus
1153 674 1201 729 tibi
1214 675 1325 731 assidue
1341 694 1348 728 ι
1365 673 1458 745 Surge,
1472 676 1595 743 Domine,
1616 680 1644 734 in
1660 697 1703 738 re·

67 767 177 821 bricato
191 766 217 819 in
228 763 379 819 Jerusalem
391 764 494 833 templo
511 763 680 830 mauuiaclo,
695 764 760 819 illue
773 764 860 818 iutro·
910 762 996 830 quiem
1013 772 1260 828 tuum,tueturea
1284 766 1504 834 sertorifieotiouir
1534 776 1596 822 tuoe.
1626 767 1704 826 Licet

68 861 153 914 dueta
164 858 300 927 requierit
312 871 375 911 area
390 856 458 925 ipsa.
477 855 539 913 llaee
549 858 641 925 omnia
656 857 683 910 in
697 857 782 928 ligura
795 871 862 911 eon·
910 852 983 906 euim
998 853 1081 908 semel
1095 853 1256 919 surrexeris,
1271 863 1298 909 et
1309 870 1372 910 eum
1383 857 1486 911 sanetis
1506 858 1600 914 miultis
1615 858 1650 915 de
1660 860 1705 915 in·

68 951 223 1022 tingebant,
248 964 338 1019 neque
364 949 530 1018 prestabant
554 950 668 1019 requiem
690 956 860 1018 perpetuam,
911 943 991 999 seruo
1016 943 1138 1000 liberatis
1162 946 1189 999 ia
1214 948 1328 1016 requiem
1352 956 1427 1002 tuum
1447 948 1597 1017 introieris,
1612 961 1702 1006 tamen

67 1041 137 1111 quia
153 1050 182 1095 ιιι
197 1039 286 1108 maJor
307 1037 374 1104 Noe,
392 1039 481 1109 major
495 1040 598 1111 Moyse,
617 1041 761 1112 msjprque
783 1041 862 1097 salo.
911 1034 1002 1089 adhue
1014 1033 1143 1091 Ecclesiae
1157 1045 1210 1092 tuae
1222 1037 1262 1091 rel
1276 1038 1375 1109 cuique
1391 1039 1462 1094 ildeli
1476 1041 1574 1095 animae
1587 1043 1704 1110 dormis,

68 1146 166 1199 mone,
182 1127 247 1186 lesu
259 1129 383 1195 Christe,
399 1131 521 1185 noandum
535 1146 696 1186 surrexerat
706 1148 734 1185 m
747 1133 862 1203 requiem
911 1124 1023 1192 quando
1043 1139 1102 1179 eam
1119 1125 1211 1179 nimiis
1225 1128 1404 1183 {eiulationum
1429 1131 1555 1198 procellis
1569 1132 1704 1201 permittis

68 1234 160 1289 m,
176 1223 233 1278 imo
244 1222 367 1277 nondum
376 1230 458 1277 natus
471 1224 567 1278 erasm
576 1222 863 1295 Εριιωιιιιιιοριρηι
912 1215 1048 1285 quassari.
1064 1214 1178 1286 Propter
1190 1218 1349 1288 illiusmodi
1371 1223 1506 1291 procellas
1527 1224 1703 1296 mitigandas,

68 1330 125 1388 ego
136 1314 224 1370 Dauid
247 1328 345 1384 magno
367 1313 485 1385 flagratis
506 1314 645 1370 desiderio
660 1317 733 1370 illius
755 1318 861 1386 requiei,
912 1322 929 1357 0
943 1306 1068 1373 ⁰⁰¹¹¹l¹¹⁰2
1083 1306 1240 1378 sissduffllssf
1251 1326 1375 1381 midensi
1392 1313 1494 1384 ¹¹⁰Def³¹
1510 1317 1597 1370 “¹¹23ss
1607 1324 1634 1371 ⁹¹
1645 1332 1708 1373 ¹¹¹³·

69 1407 117 1462 cui
131 1420 190 1461 uon
208 1413 269 1461 erat
281 1418 443 1460 successura
458 1404 513 1460 ulla
535 1404 733 1475 inquietudinis
756 1416 864 1476 pertur-
912 1398 947 1463 ri,
962 1407 992 1453 ut
1004 1398 1051 1454 dat
1069 1401 1252 1471 tranquillitas
1266 1418 1375 1474 magua,
1390 1404 1417 1458 in
1437 1421 1491 1474 qua
1504 1408 1661 1476 requiescas
1675 1418 1704 1463 ta

69 1502 160 1570 batio,
181 1500 255 1556 sieut
266 1508 371 1555 vastata
382 1496 534 1554 Jerusalem
550 1499 706 1568 temploque
719 1500 864 1556 combusto
913 1502 938 1546 et
952 1508 1018 1546 urea
1042 1501 1101 1558 tua,
1119 1502 1214 1548 saneta
1229 1495 1354 1551 uidelicet
1378 1495 1499 1551 Ecclesia
1517 1513 1565 1553 seu
1589 1515 1706 1571 qumque

69 1595 168 1652 creuit
190 1608 288 1665 magna
309 1592 490 1662 perturbatio,
518 1601 546 1646 et
567 1607 631 1646 area
647 1591 695 1647 Dei
717 1609 765 1662 per
788 1591 865 1649 lere·
914 1582 1001 1637 lldelis
1015 1584 1116 1639 anima.
1144 1582 1184 1637 Tu
1209 1585 1348 1655 quondam
1374 1587 1509 1643 excitatus
1528 1605 1558 1645 es
1572 1599 1705 1661 tanquam

69 1687 160 1743 mim
171 1685 312 1742 recondita
325 1693 367 1739 egr
381 1684 409 1737 ιι.
433 1683 525 1738 torum
538 1690 675 1738 secretum
692 1699 740 1754 pes
755 1694 865 1755 sepius.
915 1674 1055 1730 dormiens
1078 1673 1222 1744 Dominus,
1241 1686 1371 1748 tauquam
1395 1689 1491 1748 potens
1508 1684 1666 1760 crapulatus
1690 1703 1706 1741 a

69 1780 151 1850 gine„
186 1792 274 1832 annos
298 1775 355 1831 jule
387 1774 568 1842 occultanda,
594 1775 685 1845 opum
717 1745 991 1833 advenqumsssinu,
1018 1774 1045 1819 et
1063 1767 1221 1835 percussisti
1248 1768 1375 1824 inimicos
1399 1778 1461 1826 tuos
1484 1771 1510 1825 in
1541 1775 1706 1844 posteriora,

69 1880 165 1935 tuum,
179 1883 260 1937 quem
282 1865 422 1923 audieram
440 1867 467 1920 iu
491 1864 612 1936 Epirota
627 1866 823 1935 iucboandum,
839 1877 867 1925 et
916 1857 990 1926 quod
1000 1873 1091 1911 orcam
1101 1859 1322 1927 rurtctr'fieotionis
1336 1869 1389 1915 tuce
1402 1874 1550 1931 posuerant
1565 1866 1591 1920 in
1606 1869 1708 1938 templo

68 1964 101 2016 ia
117 1975 226 2031 compos
250 1959 331 2029 aglae
346 1958 527 2014 dilatandum.
544 1955 598 2013 Sed
613 1958 677 2028 quia
693 1958 762 2014 nibil
786 1960 867 2015 nobis
917 1945 1023 2017 Dagon,
1037 1955 1066 2003 et
1080 1962 1135 2002 uon
1152 1949 1267 2004 cessasti
1281 1952 1389 2020 operari
1415 1953 1549 2011 mirabilia
1574 1967 1619 2013 tua
1634 1960 1708 2016 eirea

70 2052 152 2107 nasei
168 2049 282 2121 proluit,
307 2049 360 2104 nisi
380 2048 478 2105 redimi
496 2045 645 2119 proruisset
666 2057 755 2103 morte
770 2064 802 2104 ac
823 2065 867 2105 re.
917 2037 1006 2109 ipsam
1023 2054 1115 2093 areum
1128 2050 1213 2107 tuam,
1226 2040 1314 2097 donee
1325 2042 1480 2100 introducta
1495 2055 1537 2102 est
1551 2048 1578 2102 in
1591 2052 1708 2120 requiem

70 2144 250 2198 sangenon„
264 2149 323 2209 qua,
339 2142 430 2212 oppam
445 2142 528 2196 01qu
543 2141 774 2197 resurrectionem
790 2149 866 2197 guam
917 2140 1001 2197 tuom,
1017 2131 1150 2187 collocata
1174 2133 1297 2189 uidelicet
1312 2134 1339 2191 in
1356 2137 1457 2206 templo
1473 2149 1569 2196 saneto
1583 2158 1645 2208 stro,
1661 2144 1709 2201 ubi

70 2232 194 2288 dicendo
208 2233 338 2290 assidue:
359 2232 454 2303 Surge,
473 2232 596 2297 Domine,
609 2231 637 2285 iu
652 2230 766 2301 requiem
781 2239 865 2300 tuum,
917 2221 1106 2278 ministrarem
1120 2224 1275 2281 sacerdotes
1295 2226 1418 2297 legitimi,
1435 2236 1463 2283 et
1476 2232 1563 2286 sancti
1587 2250 1709 2292 asacer·

71 2334 103 2378 tta
124 2334 150 2378 et
166 2341 230 2379 urea
241 2324 461 2394 sanctificationis
474 2334 537 2378 ture.
562 2321 662 2379 Sancta
678 2323 805 2379 uidelicet
815 2324 868 2380 Ee·
916 2311 1028 2369 (Ῐθῑῑῧΰῦ
1042 2312 1135 2385 0θὸθῦ
1154 2315 1233 2387 101188
1244 2316 1376 2374 distincti·
1399 2317 1433 2374 El
1445 2336 1519 2376 nunc
1537 2322 1618 2394 igitur
1632 2343 1711 2400 aurqe

71 2415 161 2471 etesia
178 2417 205 2470 iu
221 2416 283 2471 sinu
296 2416 413 2470 Abrabae
425 2416 482 2484 jam
493 2414 592 2486 partim
608 2414 720 2469 collecta
741 2425 868 2485 exparte
917 2415 1047 2476 *willam
1066 2413 1173 2476 imiimi,
1187 2416 1216 2462 θῑ
1237 2418 1349 2478 percme
1363 2409 1490 2468 inimicos
1511 2421 1573 2469 tuos
1588 2417 1709 2476 cultores

71 2508 227 2578 requisitu
240 2507 287 2563 sed
302 2521 358 2561 uon
369 2514 428 2561 crat
443 2506 521 2576 plena
535 2508 644 2577 requies
659 2509 686 2561 ιιι
701 2507 768 2562 loeis
783 2507 867 2563 infer.
917 2495 1009 2569 Dagon
1024 2497 1081 2553 sive
1093 2497 1243 2563 dlammon,
1256 2499 1396 2556 liberando
1409 2502 1444 2557 ab
1454 2504 1495 2559 eis
1505 2521 1596 2560 orcam
1610 2512 1728 2565 eoacti.

71 2599 188 2655 mribus
212 2609 290 2656 0,qu
317 2600 477 2671 paradisum
499 2600 580 2670 psum}
603 2600 725 2657 homini,
755 2612 867 2672 peccaro
916 2589 1061 2659 pectionis,
1076 2589 1202 2647 videlieet
1220 2606 1320 2663 corpus
1332 2601 1420 2661 tuum,
1434 2597 1507 2666 quod
1526 2598 1709 2670 indignetra·

71 2691 214 2759 clausum,
232 2691 280 2747 sed
298 2700 345 2747 gua
362 2700 452 2747 mone
469 2707 502 2747 ιο
523 2692 723 2749 resumemus
744 2707 867 2747 segem.
917 2688 1003 2747 etant,
1029 2695 1117 2750 neque
1144 2697 1236 2738 cesses
1260 2693 1355 2738 cumea
1375 2699 1422 2741 eos
1441 2688 1549 2754 operari
1571 2688 1708 2745 mirabilia

71 2781 159 2837 dum.
173 2779 236 2836 Fuit
248 2782 331 2852 igitur
343 2783 492 2837 eorttiuuus
505 2782 611 2836 clausor
630 2783 658 2836 in
677 2782 805 2838 cordibus
818 2799 868 2837 au·
917 2781 975 2838 11¹³,
991 2771 1079 2827 d⁰¹¹⁰⁰
1100 2773 1153 2829 5¹5⁸
1167 2772 1315 2844 ⁰l>illl5bii⁰
1326 2777 1493 2847 δ”·ῐΰΡῑῑθΠῑθ
1508 2778 1658 2837 humilitus
1673 2781 1709 2838 ad

71 2872 220 2943 liquorum
232 2883 339 2944 pagrum
362 2874 420 2945 jugi
449 2873 587 2930 desiderio
606 2873 816 2929 vociferantium
835 2890 868 2931 gc
917 2863 1106 2934 poenlleilllilm
1132 2864 1322 2921 sacerdotibus
1347 2866 1474 2937 legitimis
1499 2869 1662 2928 libitumst!
1679 2872 1708 2928 in

72 2966 228 3024 dioenlium
243 2984 250 3021 ς
274 2965 368 3037 Surge,
386 2966 509 3032 Domine,
524 2967 552 3020 in
567 2967 779 3036 requirentium,
798 2975 827 3019 ιιι
841 2977 867 3021 α
917 2956 1026 3027 templis
1041 2956 1090 3011 libi
1104 2956 1246 3013 aedilleatis
1260 2966 1287 3013 et
1303 2958 1418 3014 sacratis
1433 2959 1599 3028 ministrare,
1620 2966 1709 3021 maxi·

73 3075 144 3115 mco
158 3057 379 3128 sanctificationis
395 3068 456 3111 tute.
471 3054 582 3125 Surgca
596 3056 723 3122 mortuis,
741 3065 768 3111 et
777 3058 864 3128 ingre·
881 3075 904 3136 c
919 3061 963 3100 me
979 3047 1005 3100 in
1018 3046 1127 3117 templis
1143 3048 1345 3118 episcopalibus
1356 3048 1391 3103 ad
1407 3050 1458 3105 boc
1470 3050 1620 3121 fabricatis,
1636 3066 1666 3111 ut
1680 3058 1708 3114 in

73 3152 186 3208 dereia
202 3150 315 3221 requiem
326 3148 384 3215 Dei,
405 3156 433 3203 tu
448 3164 530 3203 verus
545 3146 602 3203 Noe
612 3147 716 3203 diluuio
728 3149 867 3215 passionis
918 3141 959 3196 eis
978 3140 1132 3211 requiescat
1161 3158 1226 3196 orco
1251 3143 1470 3213 sanctificationis
1498 3155 1550 3201 ture
1576 3149 1711 3207 minIstris

74 3242 222 3314 fatigatus,
241 3241 291 3297 sed
311 3252 373 3311 post
386 3240 615 3296 resurrectionem
640 3250 714 3295 quam
728 3256 781 3295 non
797 3241 867 3296 ultra
919 3230 1025 3286 idoneis
1039 3230 1709 3303 abundantibus,quibuscommltiatul·Dotlllnicl

75 3332 248 3402 fatigandus,
263 3331 328 3403 quia
353 3346 428 3386 mors
449 3330 498 3385 tibi
511 3331 581 3386 ultra
603 3344 658 3386 nou
669 3330 866 3388 dominabitur.

75 3423 166 3495 Sempe
176 3432 203 3479 et
219 3423 361 3495 ingredere
374 3424 401 3476 iu
416 3425 529 3493 requiem
551 3421 609 3489 Dei,
629 3422 694 3492 quia
709 3432 735 3477 te
747 3422 813 3478 vidit
823 3424 869 3495 ju·

76 3522 154 3569 stum
166 3529 259 3569 coram
275 3528 305 3568 se
321 3527 354 3567 ex
368 3513 497 3568 omuibus
509 3511 645 3581 gentibus.
659 3511 788 3569 Dormisti
802 3529 869 3571 cou-

77 3605 217 3670 turbatus,
234 3603 295 3658 ideo
305 3618 393 3673 surge,
405 3618 457 3658 uon
473 3602 543 3657 ultra
564 3596 780 3660 conturbandus.
800 3605 869 3662 Dor—

76 3697 169 3762 misti,
181 3704 208 3752 et
220 3694 361 3751 dormiens
379 3695 406 3748 iu
420 3709 501 3750 cruce
520 3710 536 3750 a
551 3693 620 3749 Filio
643 3704 690 3751 tuo
707 3697 808 3768 populo
818 3697 869 3754 du-

76 3790 204 3845 daeorum
221 3788 302 3859 quasi
319 3787 354 3842 ab
366 3787 450 3857 impio
464 3785 551 3841 Citam
562 3788 673 3845 derisus
685 3804 725 3853 es,
740 3799 869 3860 tanquam

78 3880 175 3937 nudus
193 3886 358 3934 ornamento
373 3877 463 3933 insitae
476 3876 525 3931 tibi
549 3877 703 3936 Divinitatis
721 3881 868 3947 caruisses,

919 3323 1062 3395 sanguinis
1087 3325 1268 3380 consecratio.
1302 3323 1356 3382 Pro
1381 3327 1540 3399 hujusmodi
1572 3332 1710 3390 ministris

919 3416 1087 3472 etiamnunc
1105 3430 1217 3473 oramus
1232 3417 1342 3474 assidue
1356 3419 1477 3477 diceutes
1493 3440 1500 3476 ε
1688 3398 1694 3419 ⁸

955 3505 1038 3563 Vsus.
1056 3508 1083 3564 9.
1109 3507 1265 3565 Sacerdotes
1294 3512 1334 3565 tui
1356 3512 1504 3568 induentur
1519 3514 1667 3584 justitiam,
1687 3526 1713 3573 et

920 3601 1006 3654 saneti
1021 3601 1060 3654 tui
1073 3600 1214 3657 exsultent.
1240 3599 1403 3660 Sacerdotes
1429 3603 1534 3676 Dagon,
1555 3607 1603 3678 qui
1618 3624 1710 3666 aream

921 3698 996 3745 tuam
1009 3707 1062 3745 uon
1078 3691 1147 3748 bene
1161 3701 1290 3760 tractant,
1305 3705 1509 3752 sacramentum
1533 3702 1656 3770 corporis
1671 3702 1711 3757 tui

921 3784 1051 3839 vertendo
1068 3784 1095 3837 iu
1120 3793 1255 3855 quaestum
1278 3801 1371 3852 suum,
1387 3787 1536 3844 iuduautur
1548 3791 1712 3850 confusione

921 3875 1113 3946 poenitentiali,
1126 3876 1199 3946 quod
1223 3892 1346 3945 oramus,
1365 3877 1407 3932 uel
1421 3889 1495 3935 certe
1510 3883 1621 3952 poenull,
1636 3883 1711 3955 quod

78 3980 192 4029 euentu
217 3971 280 4026 licet
298 3970 420 4026 moriens
440 3977 468 4024 et
482 3977 619 4036 mortuus,
633 3985 695 4024 esse
720 3969 792 4028 Deus
816 3989 870 4028 non
919 3965 1143 4037 justitiaediuinae
1155 3968 1329 4025 assentiendo
1345 3971 1532 4028 concedimus.
1555 3972 1711 4034 Sacerdotes

77 4064 225 4127 desiisses,
242 4061 306 4132 quia
323 4061 360 4115 ibi
376 4080 386 4113 ι
401 4061 562 4117 abscondita
583 4072 625 4116 est
637 4060 767 4117 tortitudo
784 4081 793 4115 r
812 4073 870 4132 trra,

77 4168 140 4210 nou
155 4153 292 4208 destructa
306 4149 422 4222 (Helue.
448 4167 490 4216 ut,
502 4151 541 4218 i).
559 4148 642 4221 Surge
664 4151 766 4221 itaque,
780 4162 871 4208 latam-

923 4065 1014 4112 autem
1040 4058 1080 4112 tui
1094 4059 1142 4113 tibi
1160 4059 1356 4128 nuituistrantes,
1377 4069 1464 4129 tuam,
1486 4078 1541 4118 non
1556 4080 1634 4121 suam
1650 4068 1710 4137 glo-

922 4149 992 4203 riam
1008 4158 1170 4218 quaerentes,
1196 4150 1244 4205 tibi
1268 4153 1428 4220 servientes,
1456 4169 1510 4209 non
1536 4171 1711 4226 mammonae,

78 4260 137 4318 que
153 4244 339 4300 tristitudinem
353 4244 407 4299 tuis
421 4243 539 4299 inimicis
551 4251 578 4297 et
592 4243 688 4298 aulicis
703 4246 827 4311 ostende,
842 4258 873 4301 ut
923 4237 1070 4292 induamur
1079 4239 1226 4308 justitium,
1246 4240 1319 4296 illim
1331 4241 1465 4310 uidelicet,
1478 4259 1581 4314 (1113303
1594 4248 1646 4302 fide
1658 4258 1711 4315 ⁰⁸22

78 4351 108 4399 et
126 4342 231 4398 inimici
253 4342 292 4396 tui
310 4340 373 4395 lacti
394 4341 469 4395 uelut
484 4341 585 4395 mortui
603 4341 729 4396 desinant
741 4338 873 4394 insultare
925 4346 986 4401 (1¹1ae
996 4329 1128 4401 jsssliflcssl
1140 4330 1265 4400 impium,
1291 4332 1421 4402 utiusltls
1447 4349 1481 4390 ex
1506 4335 1558 4391 ilde
1582 4338 1663 4392 vitat.
1678 4337 1713 4394 Et

78 4435 144 4500 tibi,
165 4444 193 4490 et
205 4435 285 4491 amici
298 4433 433 4506 gaudeant
446 4434 506 4489 viso
520 4442 546 4489 te
556 4431 683 4499 Domino,
694 4432 754 4487 riso
765 4439 813 4486 tuo
824 4432 873 4485 do·
890 4418 911 4475 D
925 4424 989 4493 quir
1005 4421 1071 4478 tides
1086 4432 1192 4477 mortua
1204 4428 1258 4477 noir
1272 4423 1399 4492 uiriileat,
1414 4426 1480 4481 lidos
1495 4435 1604 4483 tuorum
1617 4445 1711 4486 sacer-

80 4526 182 4592 miuio,
195 4541 250 4596 quo
269 4534 297 4580 tu
312 4524 463 4580 dominaris
477 4524 504 4578 in
519 4524 609 4579 medio
622 4523 796 4579 inimicorum
813 4533 874 4578 turo·
924 4516 1018 4570 dolum
1031 4516 1070 4571 sic
1086 4515 1166 4581 tisat,
1183 4515 1222 4570 sic
1237 4515 1341 4583 dorent,
1358 4518 1402 4574 sio
1415 4519 1442 4573 in
1465 4520 1556 4574 radice
1569 4521 1712 4578 eharitatis

81 4632 158 4671 rum.
177 4613 261 4687 Surge
278 4614 474 4670 maledicturus
498 4615 685 4684 posteritatem
702 4616 750 4670 iiiii
773 4625 799 4669 te
811 4614 874 4692 ‘ea-

82 4719 156 4765 trem
174 4708 325 4775 irridentis,
341 4717 368 4762 et
378 4706 573 4763 benedicturus
587 4707 657 4763 illios
668 4716 695 4762 te
707 4708 874 4764 honorantes

83 4799 240 4872 mortisque
259 4810 314 4855 tuac
329 4800 490 4854 memoriam
507 4799 558 4855 sub
576 4799 657 4868 pallio
678 4801 873 4855 uenerabilium

83 4901 322 4948 sacramentorum
353 4891 538 4955 celebrantes,
562 4897 644 4959 prout
669 4888 728 4957 ipse
759 4889 873 4946 dixisti:

86 4981 177 5041 siloc
199 4984 281 5041 iaeitc
308 4984 337 5038 in
364 4996 453 5038 meam
481 4980 771 5037 commemorationem
797 4980 873 5051 (Luc.

85 5088 157 5143 xxti,
175 5073 257 5147 tol.»
476 5078 480 5084 '

123 5153 172 5223 sie
189 5183 268 5238 turpe
286 5168 313 5221 iu
328 5168 442 5238 requiem
454 5175 537 5229 tuom,
555 5177 583 5220 tu
604 5174 630 5220 et
643 5183 707 5221 oreo
721 5168 876 5238 sanctifico·

86 5257 172 5314 riuum
186 5267 249 5322 tue,
265 5274 301 5315 ne
313 5260 356 5313 uel
368 5267 395 5315 te
407 5258 448 5313 sel
461 5273 552 5311 orcam
567 5266 652 5323 tuear,
664 5267 787 5313 sanctam
802 5257 877 5314 uide-

86 5349 158 5404 lieet
170 5344 318 5405 Ecclesiam
339 5348 430 5419 pulset
453 5347 568 5402 ulterius
591 5345 724 5400 diluvium
741 5346 875 5415 procello-

85 5455 164 5502 sum,
182 5441 261 5510 cujus
279 5457 359 5513 aqum
385 5441 555 5496 intrauerunt
579 5453 666 5508 usque
698 5437 732 5492 ad
757 5439 876 5493 animam

87 5540 177 5595 tuam,
192 5541 219 5585 et
239 5531 374 5601 usquead
395 5531 501 5585 animas
520 5527 643 5583 omuium
672 5527 787 5583 iideliter
806 5527 878 5596 psal·

87 5623 205 5678 lentium
220 5631 248 5679 et
258 5624 408 5679 dicentium
421 5637 428 5673 t
444 5613 582 5676 (Saluum
595 5634 638 5678 me
651 5617 704 5687 lac,
715 5617 797 5685 Deus,
809 5633 878 5680 ouo-

88 5713 165 5772 uiatn
181 5716 353 5772 intrauerunt
365 5730 443 5786 aquae
455 5729 541 5785 usque
549 5713 667 5768 animam
685 5729 772 5768 meam
789 5709 876 5784 (Psul.

925 4608 1024 4677 rigeat,
1036 4615 1064 4662 ut
1083 4623 1223 4679 uunquam
1237 4609 1355 4676 deliciet,
1370 4611 1508 4681 quomodo
1518 4627 1568 4681 pro
1579 4611 1714 4674 Petroest

925 4695 1046 4764 oratum,
1060 4707 1091 4754 ut
1107 4715 1161 4755 nou
1186 4699 1314 4756 deiiceret
1328 4701 1395 4757 iides
1415 4703 1485 4774 ejus,
1505 4719 1559 4774 qua
1579 4719 1634 4760 non
1647 4704 1715 4761 dess-

926 4791 1078 4875 eirnte'illc
1092 4793 1242 4860 permansit
1255 4792 1282 4846 in
1306 4792 1458 4849 sacerdotio
1480 4796 1562 4851 etiam
1577 4806 1638 4866 post
1651 4814 1715 4870 pec-

927 4891 1018 4938 catum
1030 4883 1182 4953 negationis
1207 4884 1297 4965 trinae,
1318 4886 1392 4955 quod
1416 4886 1534 4943 aboleuit
1547 4889 1676 4962 lacrymis
1688 4903 1716 4950 et

927 4974 999 5029 trina
1014 4972 1195 5029 consessione.
1213 4970 1289 5029 Unde
1304 4973 1414 5030 indutus
1429 4985 1470 5032 est
1489 4977 1609 5049 justitia,
1625 4992 1653 5036 et
1670 4982 1712 5037 in-

929 5073 970 5119 tr
985 5072 1105 5129 sanctos,
1130 5063 1185 5119 imo
1198 5064 1280 5119 etiam
1297 5082 1352 5135 pne
1375 5068 1477 5123 sanctis
1498 5072 1640 5140 apostolis,
1664 5072 1712 5142 qui

929 5154 1041 5211 minime
1065 5164 1240 5224 negauerant,
1254 5155 1382 5211 exsultat.
1398 5156 1454 5223 Sic,
1478 5160 1518 5213 sie
1544 5174 1561 5213 o
1588 5158 1714 5228 Domine,

929 5247 976 5319 qui
991 5254 1072 5302 uatus
1087 5261 1117 5301 es
1127 5246 1156 5299 iu
1170 5242 1300 5317 Epirote.
1314 5246 1467 5304 Sacerdotes
1486 5249 1535 5316 tui,
1551 5253 1671 5308 maxime
1686 5253 1714 5309 in

929 5337 1078 5407 apostolica
1091 5336 1154 5391 sede
1168 5351 1342 5393 successores
1353 5335 1424 5392 Petri
1440 5338 1627 5407 apostolorum
1641 5342 1717 5414 priu-

929 5428 1008 5500 cipis,
1026 5429 1172 5482 induuntur
1186 5428 1296 5497 justitia
1310 5436 1334 5481 et
1345 5430 1431 5481 eoacti
1444 5429 1483 5481 tui
1496 5428 1548 5484 sub
1559 5430 1659 5488 talibus
1672 5448 1717 5489 re·

930 5522 1051 5577 uteribus
1075 5518 1216 5575 constituti
1243 5517 1374 5572 resultem
1391 5517 1437 5573 illa
1463 5519 1657 5591 exsultatione,
1681 5522 1717 5581 de

930 5633 984 5687 qua
998 5617 1118 5672 dicitur:
1141 5636 1150 5667 r
1166 5614 1309 5672 Exsultent
1321 5612 1388 5683 justi
1401 5614 1428 5668 in
1446 5625 1594 5687 conspectu
1616 5619 1676 5685 Dei,
1689 5624 1719 5676 et

930 5711 1099 5766 delectentur
1110 5707 1239 5770 iniustitia
1255 5704 1342 5778 ll’aul.
1357 5721 1441 5770 axell,
1453 5707 1491 5778 d).
1507 5726 1516 5760 ι
1532 5707 1618 5766 ltem:
1638 5727 1647 5753 ⁴
1665 5708 1719 5767 Ea·
