3892 6067
210 236 283 296 titt

209 448 319 505 dentem
337 437 524 496 intirmitatcm
553 447 653 498 meam,
675 437 704 484 et
728 432 923 498 agnoscentem
949 421 1001 475 ho-

210 549 279 594 stem
301 547 394 589 meum
409 548 416 584 z
433 526 548 583 Domine
569 522 645 587 iesu,
660 520 708 591 qui
735 518 812 575 solus
837 523 935 587 potens
957 528 999 579 es,

209 624 279 692 cripe
303 622 406 688 inopem
428 616 462 670 de
492 628 573 668 manu
595 611 736 681 fortiorum
763 606 831 677 ejus,
853 611 1000 675 eqerramet

209 723 379 780 paupercuia
397 701 588 775 diripientibus
599 716 659 754 cunt
676 695 763 768 (Psoi.
790 703 897 767 xxxta).
920 692 1001 762 Eripe

211 813 369 870 pauperem,
390 805 418 852 et
431 809 547 873 egenum
563 792 598 848 de
623 806 706 846 nrann
726 788 878 859 peccatoris
903 785 999 840 libera.

209 886 291 957 Eripe
303 901 347 940 nie
361 885 395 940 de
406 899 490 938 manu
505 880 658 953 peccatoris
668 887 696 935 et
708 878 742 933 de
754 893 837 932 manu
851 884 948 965 contra
962 875 1001 931 le-

211 993 271 1049 gent
285 976 390 1048 agentis
403 984 432 1031 et
443 974 540 1044 iniqui.

245 1067 314 1122 Cam
324 1068 410 1132 enim,
425 1063 610 1131 dilectissimi,
623 1062 680 1119 buc
691 1054 719 1116 et
734 1060 776 1117 bis
790 1060 890 1117 similia
902 1059 1000 1130 psallo,

874 198 974 268 isaac
993 207 1039 264 nn
1059 204 1194 264 saetae

208 356 279 413 boro
289 352 358 409 scio.
374 345 451 403 burae
464 351 492 398 et
503 338 657 397 exclamare
670 350 715 392 me
729 341 847 404 oportet,
857 330 948 386 virum
960 327 1040 389 rin
1054 325 1144 398 primo
1157 321 1182 377 ci
1196 318 1231 376 de
1241 290 1383 387 apertione
1395 310 1452 366 oris
1475 308 1510 364 ad
1533 305 1642 362 laudum
1659 319 1702 375 gr·

1829 185 1896 239 tneo

1703 300 1806 356 atius
1822 302 1889 371 agiu

1053 412 1198 472 Confessio
1213 408 1287 465 enirn
1307 420 1340 461 os
1362 401 1460 473 aperit,
1481 400 1552 455 sicut
1571 393 1747 451 obstinatio
1765 391 1889 446 &adit

1054 505 1107 574 Qut
1124 519 1189 559 uero
1202 499 1359 573 proximum
1379 492 1491 550 crudire
1512 490 1596 561 cupit,
1617 501 1730 542 nouare
1761 497 1843 540 eum
1856 484 1885 536 ad

1054 595 1244 669 paenitentiam
1265 599 1293 646 et
1317 586 1520 644 consessionem
1548 582 1627 652 prius
1654 577 1829 634 instruit?
1844 573 1884 628 Sic

1053 691 1127 746 enim
1143 684 1351 758 praedicationes
1374 695 1440 735 sutas
1463 676 1630 732 inchoarunt
1653 662 1846 741 Sapientia,
1860 680 1882 720 a

1055 779 1202 850 sapientie
1226 789 1328 847 praeco,
1358 772 1482 827 dicentes
1511 764 1749 823 :Paenitentiam
1783 760 1881 830 acite:

1054 870 1276 945 appropinquabit
1287 869 1356 923 cnint
1370 881 1479 937 requam
1496 863 1554 916 bei.
1572 860 1607 914 Et
1618 859 1716 913 amuis
1736 855 1877 927 popular,

1053 965 1154 1035 inquit,
1168 961 1257 1016 exibat
1270 959 1306 1014 ud
1318 957 1459 1021 loannem,
1475 963 1500 1010 ct
1514 952 1737 1023 baptizabantur
1750 949 1794 1003 ab
1809 951 1876 1018 ipsc,

1053 1058 1206 1126 confitenter
1222 1048 1521 1126 pcccatoruafflattlt.
1549 1045 1603 1115 ni).
1624 1044 1775 1115 Apostoli
1807 1060 1874 1114 qaa-
1913 1082 1914 1107 ,

211 1160 306 1229 utique
319 1166 426 1214 secreto
448 1164 545 1213 contra
573 1155 649 1209 illum
677 1154 811 1223 psalmum
840 1149 1000 1222 dirigoclit
1048 1164 1107 1222 ¹qne
1130 1147 1204 1203 Petri
1232 1146 1287 1201 tale
1309 1142 1449 1206 irruenitar
1471 1138 1558 1194 luisse
1585 1136 1748 1192 consiliunt
1768 1153 1779 1190 z
1798 1136 1873 1207 Agin

211 1252 290 1316 illud,
305 1253 403 1322 inquit,
425 1259 618 1313 cratmutum.
639 1248 728 1305 licum
754 1248 820 1303 mibi
840 1246 1003 1318 loquacissi-
1053 1239 1255 1313 poeuitcutiam,
1286 1245 1312 1291 at
1341 1234 1492 1303 baptizetur
1522 1230 1711 1300 unusquisque
1749 1236 1871 1327 murra
1913 1252 1914 1329 q

213 1359 287 1398 ntrtm
312 1351 378 1398 est:
405 1340 590 1398 etdemundi
606 1340 688 1410 hujtts
712 1340 809 1411 gloria,
836 1337 945 1404 decore,
970 1352 1003 1393 tto
1055 1329 1185 1403 (Achil).
1212 1325 1308 1382 hebbi
1334 1332 1426 1379 aulem
1451 1321 1571 1377 silicium
1599 1317 1869 1388 esltcvttfim

212 1437 328 1501 deliciis,
345 1436 523 1506 longissimas
537 1450 570 1490 ac
594 1434 822 1490 mendosissimas
840 1431 948 1487 fabulas
964 1441 1004 1487 te·
1054 1425 1215 1480 alterutrum
1232 1429 1341 1491 peccata
1355 1429 1442 1474 uestra
1453 1417 1525 1490 (iac.
1543 1433 1582 1488 up.

213 1527 263 1590 rit,
278 1527 311 1580 dc
325 1525 379 1580 illis
393 1535 420 1580 ct
434 1525 488 1580 illis
499 1523 574 1578 mille
590 1524 763 1594 suspiciones
779 1532 916 1589 susurrat,
933 1521 1003 1576 mira
1090 1516 1141 1573 llic
1163 1531 1240 1587 ergo,
1264 1529 1347 1586 quem
1363 1512 1496 1578 diximus,
1521 1508 1589 1566 ordo
1613 1518 1658 1564 est
1691 1524 1865 1565 sermonum

213 1619 358 1687 promittit,
373 1617 441 1672 mira
456 1615 697 1681 minatur;multa
710 1630 754 1670 me
776 1630 858 1686 posse
873 1630 935 1686 quae
949 1630 1003 1669 non
1059 1608 1116 1665 liei.
1140 1607 1219 1675 Quod
1238 1606 1262 1661 si
1289 1604 1464 1661 abscondens
1485 1612 1617 1673 tanquam
1655 1615 1769 1656 aurum
1806 1615 1868 1671 poc·

214 1709 432 1781 possum,multa
445 1723 498 1762 non
512 1722 664 1778 posseque
676 1722 799 1777 possum,
815 1705 914 1761 millies
928 1720 1007 1760 mena
1057 1711 1119 1757 catu
1141 1710 1198 1765 tua,
1220 1709 1248 1753 ct
1268 1695 1452 1770 putrescendo
1469 1703 1599 1765 petierent
1613 1694 1643 1749 in
1673 1702 1705 1748 te
1733 1694 1864 1757 vulnera,

216 1802 383 1866 titur;mira
398 1801 431 1856 de
445 1816 489 1855 mc
502 1799 573 1854 bona
590 1810 617 1855 et
630 1800 701 1854 mala
716 1799 770 1854 dici
785 1798 960 1867 dicit3nnnc
973 1795 1007 1851 de
1058 1802 1085 1847 et
1109 1790 1292 1862 praevaricans
1318 1786 1443 1842 ordinem
1472 1800 1629 1841 sermonum
1654 1782 1723 1851 Dei,
1745 1785 1786 1840 ad
1807 1786 1865 1855 ejas

216 1893 331 1948 scientia
345 1909 416 1959 mea,
430 1908 504 1948 nttnc
519 1893 553 1948 de
565 1874 706 1965 religione,
720 1909 793 1947 tratre
813 1892 847 1949 de
870 1892 1007 1959 moribus,
1058 1883 1155 1938 laudes
1177 1879 1344 1952 prorumpis,
1373 1877 1470 1944 audii·
1500 1886 1531 1930 ¹¹²
1550 1875 1654 1931 fficium
1678 1885 1728 1932 0⁸⁸
1745 1894 1754 1932 ἕ
1774 1877 1864 1943 ΟΜ

217 1985 455 2056 nuncdegenere,
472 2000 545 2041 trunc
559 1985 593 2040 de
613 1987 711 2056 gratia,
732 2001 805 2059 rruuc
826 1984 860 2040 de
877 1985 1008 2054 eloquen-

216 2076 264 2140 tia,
280 2091 353 2131 nunc
366 2077 400 2131 de
423 2075 569 2146 elegantia,
586 2076 672 2130 multa
689 2090 795 2131 mecum
817 2076 1005 2132 concionatur.

216 2165 287 2234 Quid
298 2168 382 2223 multa
394 2167 454 2223 lita
468 2167 520 2224 sibi
536 2183 607 2238 sepe
620 2182 703 2223 aures
720 2184 796 2224 meas
808 2169 901 2223 avellit
917 2176 945 2223 et
964 2183 1011 2224 oc·

217 2265 310 2327 cupat,
323 2267 354 2312 ut
366 2273 416 2314 nec
426 2259 531 2330 legere,
548 2258 589 2312 rel
604 2244 701 2313 andire
718 2259 863 2330 legentem,
878 2261 945 2315 mibi
961 2275 1009 2316 ra·

217 2363 299 2402 cuum
315 2350 360 2404 sit.
376 2347 454 2405 Unde
477 2358 505 2405 et
528 2351 594 2406 milri
616 2350 743 2422 loquens,
767 2353 876 2422 penitus
900 2361 1007 2407 mutum

1058 1993 1169 2033 utarrar
1176 1976 1297 2046 juratitiar
1311 1990 1393 2041 mear,
1402 1983 1427 2027 ct
1435 1973 1547 2028 assumis
1559 1982 1756 2028 testamentum
1773 1991 1863 2028 metat

1058 2086 1158 2142 purum
1180 2085 1226 2140 per
1248 2084 1277 2122 or
1300 2075 1375 2121 tuum
1392 2067 1529 2137 impurum
1541 2065 1553 2120 l
1567 2065 1656 2137 (Paul.
1672 2070 1728 2136 ιι.)
1747 2066 1781 2122 Si
1797 2083 1863 2123 scra

1058 2165 1093 2220 ad
1110 2162 1263 2219 docendum
1285 2161 1453 2231 proximum,
1475 2158 1565 2229 arguit
1578 2168 1605 2213 te
1623 2156 1794 2228 Apostolus,
1819 2161 1863 2213 di·

1059 2273 1145 2313 cens:
1161 2255 1213 2320 Qui
1229 2254 1298 2308 aliar
1309 2253 1397 2319 dacer,
1412 2252 1526 2321 teipsum
1542 2267 1593 2304 nou
1605 2251 1680 2305 dorca
1691 2266 1704 2305 .·
1717 2253 1770 2322 qui
1787 2268 1863 2321 prae·

1059 2349 1146 2414 dicas,
1168 2344 1368 2409 eortlitendum,
1392 2358 1448 2398 non
1467 2341 1615 2406 eoniiteris,
1631 2341 1678 2410 qui
1698 2344 1861 2410 praedicas,

217 2440 308 2501 ctlicit,
329 2442 468 2511 stupidum
483 2444 573 2499 reddit
593 2461 626 2502 ac
642 2444 768 2499 surdum.
785 2443 817 2498 Et
832 2443 895 2498 binc
913 2442 1008 2499 lorsan
1058 2456 1111 2495 rrau
1143 2436 1288 2508 iurandum
1314 2433 1527 2499 contessionem,
1554 2432 1673 2502 [uranii
1698 2432 1798 2503 iliam.
1812 2436 1858 2505 tr.)

218 2541 312 2589 mutus
330 2534 432 2589 dicitur
457 2536 570 2604 spiritus
596 2537 744 2608 malignus,
771 2537 894 2607 quinon
919 2522 1009 2592 cessat
1059 2530 1187 2594 Proinde,
1200 2527 1296 2593 irater,
1311 2534 1358 2580 aut
1380 2524 1414 2580 ab
1434 2524 1564 2580 omnibns
1586 2524 1666 2579 bonis
1687 2532 1763 2592 tace,
1782 2526 1857 2581 sicut

218 2623 290 2677 inula
302 2623 387 2694 loqui,
404 2624 467 2694 quia
481 2641 551 2695 quos
569 2626 683 2691 irrradit,
698 2633 790 2681 mutos
800 2625 883 2680 edicit
899 2640 914 2680 a
928 2625 1009 2680 laude
1059 2621 1231 2678 daemonibus
1243 2618 1328 2689 jussit
1346 2617 1438 2683 lesus,
1453 2630 1484 2671 ut
1497 2625 1620 2672 tacerent
1638 2617 1674 2671 ab
1692 2618 1758 2687 ejus
1773 2618 1855 2674 laude

217 2712 277 2779 liei,
293 2727 326 2768 ac
347 2715 465 2784 propriis
485 2715 581 2772 ciliciis
604 2717 704 2788 linquae
721 2716 888 2771 rationalis:
906 2712 936 2769 Si
948 2715 1008 2786 quir
1059 2721 1087 2766 et
1099 2709 1312 2782 praedicatione3
1326 2716 1375 2762 aut
1396 2707 1489 2762 omnia
1511 2709 1583 2763 mala
1595 2708 1739 2775 cantitare,
1760 2718 1794 2765 at
1812 2711 1855 2765 di·

217 2801 346 2873 loquitur,
369 2805 408 2860 ait
428 2807 570 2876 apostolus
592 2805 699 2871 Petras,
715 2809 792 2879 quasi
816 2807 1009 2862 sermonchci
1060 2818 1112 2875 gne
1136 2801 1291 2858 admittaris
1313 2802 1347 2856 ad
1371 2800 1479 2857 laudem
1500 2809 1528 2857 ct
1551 2800 1792 2872 predicationem.
1816 2803 1852 2860 (is

218 2892 265 2963 (ll
283 2893 358 2950 Pctr.
377 2895 426 2966 ru).
444 2895 501 2951 lloc
515 2897 599 2968 iqitur
612 2897 730 2953 obiciam
750 2897 893 2953 rationalis
909 2897 1008 2966 linguae
1060 2903 1137 2949 tuum
1153 2891 1303 2948 abundarit
1326 2891 1440 2957 malitia,
1464 2893 1585 2948 abundet
1606 2893 1727 2962 justitia.
1746 2892 1851 2949 Princi-

219 2998 348 3055 uqnosco.
361 2983 428 3040 Nam
443 2986 518 3056 loqui
532 2986 614 3042 uerba
629 3004 707 3055 rana,
718 2989 760 3042 rel
770 2987 914 3052 mendacii,
926 2986 1008 3041 uerba
1022 2974 1050 3055 (ς’
1060 2985 1136 3055 pium
1153 2999 1218 3039 uero
1230 2981 1346 3053 justitiae
1357 2983 1519 3052 peccatoris,
1533 2982 1674 3040 confessio
1684 2986 1803 3054 peccati,
1815 2985 1850 3040 si·

219 3073 423 3141 contionatoris,
452 3084 500 3131 aut
524 3075 698 3145 perditionis,
723 3078 806 3133 rerba
831 3074 1008 3131 detractionis

219 3174 266 3222 ant
291 3166 441 3237 jactantiae,
466 3168 626 3238 cupiditatis
649 3180 676 3225 et
698 3168 825 3236 luxurie,
854 3178 901 3224 aut
925 3167 1008 3223 ctiam

219 3258 370 3326 quamlibet
383 3258 589 3326 scurrilitatem,
605 3275 667 3328 quar
681 3260 714 3314 ad
731 3275 788 3316 rem
800 3275 855 3315 non
869 3259 1007 3330 pertinet:

177 3374 192 3393 ο
219 3346 246 3401 in
263 3349 364 3418 quibus
377 3350 513 3406 uniuersis
526 3350 618 3420 lingna
631 3348 698 3406 ioris
715 3352 839 3406 clamans
855 3361 882 3406 et
899 3351 1008 3421 garrula

220 3437 248 3491 ln
260 3439 374 3494 auribus
386 3440 543 3507 bominum,
558 3445 606 3495 aut
619 3441 693 3495 intus
710 3443 842 3497 daemonis
865 3443 908 3497 sui
928 3442 1009 3496 lami-

219 3529 280 3585 iiari
299 3529 448 3599 colloquio,
476 3540 550 3586 muta
575 3540 666 3587 tamen
687 3542 730 3588 cst
758 3533 824 3600 ileo,
845 3534 916 3589 sicut
937 3534 1008 3590 scri-

219 3633 295 3692 ptum
307 3631 348 3677 est
361 3640 368 3678 ι
383 3622 517 3688 Quoniam
530 3625 613 3692 tacui,
627 3626 838 3683 inueteraueruut
863 3644 926 3682 ossa
939 3644 1007 3696 ntea,

219 3718 284 3771 dunt
297 3717 440 3772 clamarent
455 3728 510 3773 toto
527 3718 670 3790 blaterat.
693 3720 782 3791 aaut).
805 3719 905 3776 Tribus
926 3721 1010 3792 igitur

220 3809 310 3863 modis
330 3809 453 3880 loquitur
465 3810 570 3882 ¹⁴linqua
593 3818 734 3869 sermones
750 3812 797 3867 llei
810 3830 816 3866 :
831 3813 895 3867 dum
921 3812 1008 3869 Deum

221 3898 364 3967 laudat,et
383 3914 413 3955 se
439 3915 534 3956 curam
560 3902 620 3972 ipso
644 3912 767 3969 accusat,
794 3918 827 3957 ac
852 3903 1008 3973 proximum

221 3991 347 4047 autncat.
360 3990 412 4058 Qut
427 4005 518 4048 autem
534 3994 569 4049 ab
593 3993 636 4050 nis
650 4002 730 4063 tacet,
746 4002 839 4052 cnutus
851 4004 904 4060 est,
920 4010 1009 4068 quan·

1060 3083 1107 3131 cut
1119 3075 1251 3145 scriptum
1264 3081 1308 3129 est
1323 3089 1330 3125 τ
1346 3072 1442 3129 iustus
1455 3074 1585 3144 inauriatur
1601 3083 1797 3129 accusatorem
1810 3078 1850 3129 rui

1061 3167 1152 3240 (Prou.
1169 3168 1248 3237 uuirt)
1267 3186 1274 3222 :
1291 3168 1413 3223 secundo
1428 3166 1554 3222 laudator
1576 3166 1635 3236 Dei,
1656 3169 1739 3223 tertio
1753 3170 1848 3224 doctor

1059 3261 1190 3332 proximi
1205 3260 1297 3316 Prima
1309 3261 1403 3331 itaque
1416 3276 1481 3332 pars
1500 3258 1615 3330 justitiae
1637 3270 1678 3316 est
1694 3260 1845 3316 confessio.

1059 3350 1096 3406 Et
1125 3351 1217 3423 linqua
1237 3362 1284 3408 tua
1297 3354 1471 3408 concinnabat
1492 3351 1566 3407 dolor
1580 3351 1668 3423 (erat.
1686 3354 1769 3422 ιιιι).
1789 3352 1846 3409 Eos

1059 3444 1143 3516 igitur
1158 3443 1276 3499 fateatur
1288 3445 1349 3501 sinc
1372 3443 1446 3511 dolo,
1464 3445 1487 3500 si
1508 3444 1567 3498 vult
1585 3444 1661 3499 crire
1674 3443 1708 3499 de
1721 3457 1843 3516 peccato,

1059 3537 1131 3593 sicut
1145 3538 1278 3608 scriptum
1299 3547 1342 3593 est
1361 3555 1369 3592 ι
1384 3536 1484 3592 licetur
1507 3538 1557 3603 uir,
1571 3537 1615 3590 rui
1630 3552 1684 3590 rrou
1705 3539 1842 3608 irnpatarit

1060 3627 1190 3683 Douriuur
1219 3637 1365 3699 peccatum,
1389 3643 1435 3682 uec
1460 3636 1500 3682 cat
1523 3627 1551 3681 iu
1576 3628 1672 3697 spiritu
1691 3627 1751 3696 ejas
1769 3629 1843 3683 dalea
1913 3656 1914 3667 r

1060 3715 1147 3790 (Psoi.
1164 3722 1252 3787 ruat).
1269 3717 1299 3772 st
1322 3725 1352 3772 tu
1369 3716 1418 3771 tibi
1433 3716 1563 3786 imputes,
1579 3730 1633 3771 non
1658 3716 1777 3785 imputat
1797 3719 1840 3773 tibi

1060 3809 1142 3866 bears.
1164 3808 1192 3863 st
1206 3824 1321 3865 accusas
1339 3794 1367 3865 ct
1389 3808 1499 3877 retegis,
1517 3809 1631 3864 remittit
1648 3808 1708 3879 ipsc
1726 3812 1840 3882 acteqit.

1059 3898 1137 3955 Beati
1151 3915 1225 3968 tero,
1240 3917 1352 3972 quarum
1367 3901 1484 3956 remitae
1494 3911 1554 3956 rutrt
1568 3901 1734 3972 iniquitates,
1747 3912 1771 3956 ct
1781 3920 1841 3971 qaa-

1049 4007 1120 4047 ‘ruut
1137 4003 1206 4048 tecta
1220 4003 1281 4047 sunt
1301 4003 1407 4063 peccata
1428 3992 1516 4064 terat.
1531 3993 1620 4063 xxxi).
1640 3991 1740 4048 Sedens
1754 3996 1842 4050 adrer-

223 4083 348 4137 tnmlibct
362 4082 460 4138 clamet
475 4101 483 4138 r
496 4081 520 4138 0
533 4082 736 4153 Domineiesu,
748 4085 818 4155 ejice
842 4085 1009 4141 daetnonium
1060 4098 1105 4138 rus
1123 4084 1234 4153 fratrem
1248 4092 1322 4137 tuum
1336 4082 1486 4154 loquebaris
1498 4081 1587 4147 (Paul.
1602 4090 1689 4153 ruta).
1702 4083 1772 4140 Sede
1783 4096 1840 4141 autc

223 4189 326 4238 mcum,
342 4181 370 4229 ct
384 4174 459 4245 aperi
471 4173 543 4230 labia
557 4191 617 4231 mea
639 4177 672 4231 ad
687 4178 819 4232 immilem
835 4185 1008 4247 pcccatorum
1060 4185 1164 4246 patrem
1179 4184 1271 4239 taum,
1282 4173 1413 4230 aduersus
1427 4175 1543 4243 teipsum
1558 4170 1839 4231 conburendum

220 4281 347 4320 meorum
359 4265 572 4335 confessionem,
588 4279 617 4322 ut
632 4283 663 4323 os
684 4284 775 4324 meum
796 4269 878 4339 digne
898 4284 1008 4324 annun·
1060 4267 1147 4339 tilium
1171 4268 1266 4322 matria
1289 4276 1352 4332 tuoe,
1384 4265 1528 4330 aceresia.
1554 4265 1667 4338 ponebar
1690 4269 1839 4323 scandalan

221 4357 270 4412 tict
283 4356 391 4414 laudem
407 4368 493 4426 tuam,
505 4359 609 4430 alioqui
623 4374 677 4414 non
690 4360 743 4415 erit
766 4360 865 4416 decora
892 4361 954 4417 lans
980 4361 1009 4417 in
1023 4328 1048 4388 ὓ
1062 4359 1152 4428 (ibid.)
1166 4375 1173 4411 r
1189 4358 1321 4415 aduersus
1336 4357 1423 4414 lulium
1437 4359 1534 4415 matris
1554 4368 1609 4415 tue
1619 4360 1749 4425 carnalis,
1760 4362 1785 4414 id
1802 4370 1839 4416 est

221 4462 269 4502 ore
291 4450 444 4519 peccatoris
459 4468 467 4505 ε
485 4450 700 4519 Carrfcssioncru,
722 4449 820 4520 inquit,
844 4460 869 4505 ct
891 4451 1010 4507 decorent
1061 4449 1837 4520 teipsum,poncscandalum,rerecundiamacindiriam,

221 4536 333 4592 induisti
348 4536 435 4608 (Pral.
449 4544 520 4610 carr).
532 4539 676 4595 Conlcssio
692 4539 767 4595 enim
791 4539 912 4608 decorat,
927 4542 1011 4598 decor
1061 4541 1125 4612 quia
1139 4540 1197 4596 brec
1214 4539 1292 4596 lratri
1308 4550 1356 4596 tuo
1370 4538 1469 4596 iecisti.
1482 4541 1595 4613 Alioqui
1606 4542 1654 4611 qni
1681 4543 1760 4599 modo
1772 4552 1838 4599 tacet

221 4628 324 4684 laudat.
338 4628 452 4696 Quodsi
473 4639 611 4701 peccator,
625 4631 651 4685 id
665 4639 707 4686 est
723 4632 815 4687 celans
829 4640 950 4702 peccata,
962 4633 1011 4687 im·
1060 4642 1089 4689 et
1102 4633 1249 4700 auscultat,
1263 4642 1436 4703 exspectans,
1451 4643 1481 4688 ut
1492 4634 1568 4691 dicas
1579 4634 1667 4705 prius,
1679 4645 1706 4691 et
1715 4635 1837 4705 iastiboe·

221 4720 325 4790 probus
340 4722 453 4778 laudare
468 4737 615 4795 praesinno,
631 4722 725 4779 statim
742 4722 810 4777 dicit
831 4722 899 4776 milri
914 4721 1009 4779 Deus:
1061 4724 1111 4789 ris,
1126 4739 1158 4780 ac
1171 4740 1347 4798 praeoccupes
1361 4723 1457 4781 tactem
1472 4724 1534 4795 ejus
1550 4725 1578 4780 ln
1603 4725 1779 4791 confessione,
1794 4743 1837 4782 ar·

223 4808 367 4874 Quurctu,
384 4811 469 4866 idest
495 4811 558 4866 talis
573 4828 683 4866 errarraa
699 4811 823 4881 justitias
849 4827 932 4876 uuor,
963 4814 1011 4883 qui
1061 4824 1126 4887 quet
1141 4824 1167 4870 te
1191 4816 1219 4870 ia
1241 4816 1381 4881 extremis,
1397 4831 1429 4871 ac
1444 4815 1516 4872 dicet
1538 4830 1546 4869 t
1569 4814 1738 4871 Existimasti
1757 4815 1837 4885 iniqua

221 4907 296 4954 taces
309 4898 458 4969 injustitias
472 4908 535 4957 tuas
548 4912 571 4957 ct
584 4903 699 4956 assumis
719 4911 906 4957 testamentum
924 4919 1011 4957 meum
1061 4907 1132 4979 quad
1142 4923 1186 4961 ero
1197 4908 1238 4962 tui
1252 4909 1348 4963 similar
1361 4909 1470 4978 (ibid.l;
1486 4908 1607 4975 tacuisti,
1618 4908 1701 4963 taem.
1715 4907 1766 4963 Sed
1776 4923 1836 4961 nnn

221 5009 268 5063 per
281 5009 309 5046 os
322 5001 396 5045 tuum
412 4990 499 5061 (Paul.
513 4993 562 5063 ur),
574 5010 629 5049 trun
643 4994 816 5050 curriessione
827 4995 1012 5050 mundatum?
1062 5002 1128 5071 quid
1143 5016 1251 5071 semper
1266 5002 1379 5058 tacebo?
1406 5000 1587 5072 Nequaquam
1605 5016 1651 5054 cro
1668 4999 1716 5053 tibi
1738 5000 1835 5063 daila,

260 5087 312 5142 Orc
341 5096 430 5141 autem
455 5087 585 5157 conlectio
607 5089 639 5157 pt
662 5088 699 5159 ad
718 5087 855 5142 saluum?
870 5088 957 5160 (llam.
971 5095 1011 5161 x.)
1062 5094 1185 5164 nequc’si
1203 5094 1331 5159 moueris,
1351 5108 1439 5162 neque
1460 5092 1483 5147 si
1498 5091 1611 5147 dixeris.
1625 5088 1694 5156 Nam
1716 5088 1740 5143 si
1752 5097 1837 5145 ncnc-

222 5179 366 5235 liu..lossio
380 5178 463 5250 igitur
474 5180 587 5234 mundat
597 5195 639 5246 os,
652 5190 679 5235 ct
693 5179 820 5236 coruritio
832 5196 888 5236 cor.
901 5182 939 5236 Tu
952 5199 1012 5238 uero
1062 5183 1112 5252 ris,
1128 5199 1182 5239 nou
1196 5184 1310 5249 saccom
1326 5183 1350 5237 si
1363 5182 1476 5247 dixeris,
1493 5198 1547 5237 non
1562 5181 1669 5247 alicam3
1685 5180 1708 5236 si
1730 5195 1836 5250 operue-

224 5272 304 5326 oairti
320 5272 502 5341 disciplinam,
525 5280 550 5326 ct
567 5271 703 5341 projecisti
724 5290 855 5330 rcrnroncr
879 5292 947 5329 mam
972 5290 1013 5329 rc·
1063 5275 1112 5342 ris,
1126 5274 1286 5341 denudabu3
1300 5274 1323 5329 si
1339 5273 1497 5340 nudaveris,
1512 5273 1652 5345 operiam
1665 5272 1690 5328 si
1703 5284 1836 5327 accusare

224 5369 340 5415 trorcum
355 5362 442 5431 (Pcal.
455 5363 540 5433 utra).
566 5363 595 5419 ln
616 5365 789 5420 sermonibus
814 5366 862 5421 lici
883 5366 1013 5436 praecedit
1062 5366 1112 5431 tis,
1127 5366 1280 5432 excusabo;
1295 5367 1317 5421 si
1333 5366 1519 5430 excusaveris,
1537 5364 1683 5419 accusabo.
1698 5360 1758 5417 noa
1778 5376 1835 5433 erge

224 5460 400 5520 pcccatorum
424 5452 583 5520 consessio;
609 5454 669 5509 sine
684 5471 738 5525 qua
756 5472 806 5512 nec
832 5457 932 5512 decora
958 5466 1011 5523 est,
1062 5473 1110 5513 cro
1123 5458 1172 5511 tibi
1190 5459 1298 5523 similis,
1315 5456 1598 5528 qaia,siliberareris,
1612 5453 1835 5520 condemnabas

225 5555 285 5605 qum
299 5542 376 5611 sequi
392 5541 471 5598 debet
482 5545 614 5612 laudatio,
627 5562 678 5603 nec
694 5548 792 5605 ilonea
814 5549 930 5619 proximi
947 5550 1012 5606 aut-
1063 5549 1300 5617 condemnaveris,
1312 5548 1445 5605 liberabo.
