3892 6067
92 342 165 400 {lilii
607 340 792 399 uxeustrto
811 339 845 396 ΙΝ
862 339 999 398 crurib,
1021 338 1150 397 bblsts
1169 339 1200 397 ll.
1657 337 1726 393 tutti

92 456 240 530 incipitis
260 455 356 514 Venite
383 459 418 515 ad
442 473 613 525 ruc,oruncs·
629 461 677 530 qui
705 459 835 516 laboratis
859 456 1058 525 etAliomiui,
1084 472 1140 512 uon
1166 456 1249 511 habet
1272 456 1352 511 llderu
1375 465 1402 512 et
1427 457 1619 521 humilitatem,
1643 472 1727 526 quam

92 548 201 607 onerati
213 549 291 618 estis,
303 558 330 606 et
344 566 395 621 eqo
419 550 537 607 reficiam
563 566 612 609 ros
626 551 735 614 (blattis.
750 568 790 620 ιι,
799 550 857 621 28).
874 571 884 602 r
938 547 1155 604 commendans:
1175 546 1328 615 Invenietis,
1341 548 1389 615 ait,
1403 550 1516 620 requiem
1528 545 1668 602 animolas
1687 562 1730 600 ne·

92 639 166 710 Quid
178 641 251 697 enim
263 647 309 698 est
324 643 398 700 aliud
419 661 427 700 s
445 649 557 715 retego
572 644 692 700 reticium
708 659 768 711 ros,
781 664 791 695 ι
804 657 887 715 quam
938 640 1014 694 atria.
1031 638 1055 694 F
1057 640 1114 695 icas
1129 646 1157 695 et
1169 640 1246 694 uinea
1264 654 1385 702 necnon
1401 647 1429 704 et
1442 640 1512 694 olion
1526 638 1653 711 prasenti
1664 637 1730 695 loco

93 742 121 788 et
131 747 184 805 ego
200 747 248 789 ros
259 750 274 788 a
287 734 384 791 diebus
396 735 475 792 malis
487 734 636 808 mitigabo?
649 736 683 790 Et
693 735 848 800 ostendens,
860 734 887 788 in
940 729 1084 802 synagoga
1096 738 1148 797 est,
1164 737 1191 786 ει
1204 745 1268 785 arno
1282 744 1337 785 nou
1350 729 1491 786 afferentia
1506 730 1597 786 eibum
1610 727 1732 785 ludaioae

93 837 175 894 quo:
195 842 204 876 r
227 822 334 892 Tollite,
347 825 395 892 ait,
405 826 502 898 iugum
522 841 613 881 mcum
630 841 713 897 super
731 842 789 894 ros,
802 834 829 883 et
847 826 888 881 di·
939 822 1110 878 caeremoniae
1133 830 1208 879 sunt.
1235 820 1319 877 Pecus
1343 831 1370 879 et
1394 832 1544 878 armentum
1565 823 1686 878 minores
1703 828 1732 877 et

93 913 194 969 sciton
212 929 256 970 me
270 915 334 985 quin
351 916 428 972 mitis
450 908 511 974 sum
536 925 565 972 et
586 917 697 972 humilis
715 917 809 973 corde.
827 917 889 973 »hc
940 911 1060 983 majores
1074 910 1172 980 ludaei,
1184 912 1242 969 sive
1254 913 1372 984 populus
1383 922 1411 969 et
1421 912 1575 969 sacerdotes
1587 919 1662 967 suut.
1675 909 1731 965 Eo·

93 1004 207 1060 demum
221 1006 314 1062 intulit
330 1025 337 1063 :
361 1026 370 1060 r
392 1007 426 1063 lit
443 1007 588 1064 invenietis
603 1009 726 1078 requiem
742 1008 889 1064 animabus
941 1020 1002 1064 rum
1016 1007 1140 1063 omnium
1158 1005 1239 1063 tidem
1253 1017 1282 1063 ct
1299 1008 1481 1065 humilitatem
1496 1007 1600 1064 Christi
1612 1021 1668 1063 non
1683 1008 1734 1062 ha·

93 1097 196 1154 r’estris
213 1098 302 1169 (ibid,
316 1099 373 1169 29).
393 1119 403 1153 a
425 1099 498 1173 meo
528 1102 699 1172 putredlnem
727 1100 760 1156 in
780 1101 891 1159 ossibus
941 1098 1064 1154 hentium
1078 1112 1162 1169 opera
1179 1106 1278 1155 cuncta
1300 1100 1483 1171 reprobantur
1496 1098 1632 1155 dicendo:
1649 1097 1731 1159 uteo·

95 1189 240 1247 admittere
253 1198 281 1247 et
291 1193 387 1249 subter
400 1209 430 1250 se
442 1200 592 1250 scatentem
603 1194 714 1261 habere,
728 1194 769 1250 uel
781 1204 891 1266 propter
941 1191 1011 1244 enin
1024 1205 1077 1244 non
1091 1189 1206 1259 tiorehit,
1224 1202 1278 1246 etc.
1293 1192 1334 1248 he
1350 1191 1481 1248 sidicat:
1502 1189 1607 1248 Idcirco
1619 1188 1733 1244 humili-

95 1279 294 1339 eonscieutiam
309 1286 474 1355 putredinis,
490 1286 564 1359 quod
580 1294 609 1342 tu
631 1287 715 1344 homo
732 1303 797 1344 mox
814 1287 891 1347 lutu-
942 1281 1007 1339 tatis
1024 1283 1141 1354 gratiam
1164 1293 1306 1357 tantopere
1326 1284 1463 1351 desidem,
1481 1285 1546 1356 (1⁰1³
1560 1284 1588 1339 ³¹¹
1603 1283 1734 1354 hictibus

94 1389 146 1430 rus
158 1386 199 1442 es,
213 1376 307 1432 mitem
322 1393 384 1435 esso
406 1388 434 1436 et
453 1380 584 1437 humilem
600 1381 693 1448 corde,
710 1381 762 1439 1105
781 1390 823 1438 ese
834 1382 891 1452 jam
943 1373 1010 1445 legis
1025 1375 1117 1432 nullus
1139 1377 1259 1433 estium
1276 1377 1406 1448 jarstitie,
1427 1377 1533 1433 nullum
1558 1391 1669 1448 geunnen
1690 1375 1735 1446 ju-

95 1480 271 1535 requrescere
293 1485 349 1527 non
375 1471 465 1529 solum
478 1472 506 1529 in
531 1472 636 1542 lutuno,
648 1490 745 1532 rerum
766 1476 849 1530 etiam
863 1477 891 1532 iu
943 1470 1035 1537 stitiae,
1055 1470 1164 1527 nullum
1181 1487 1251 1542 opus
1271 1472 1396 1541 iustitiae,
1408 1471 1501 1527 nullus
1513 1470 1626 1525 omnino
1642 1467 1735 1523 vitalis

95 1560 224 1627 praesenti
235 1562 344 1619 saeculo.
943 1561 1023 1619 cihus
1037 1563 1147 1620 anima.
1163 1562 1193 1619 ln
1215 1580 1271 1635 quo
1285 1580 1371 1635 pecus
1394 1564 1548 1620 abscissum
1566 1568 1611 1618 est
1622 1561 1656 1616 de
1669 1559 1734 1615 ovili

133 1650 207 1736 Quill
217 1661 309 1709 autom
323 1655 375 1711 sibi
391 1657 459 1724 nult,
475 1658 559 1730 quod,
574 1674 636 1715 eum
652 1660 765 1717 dixisset
781 1652 834 1716 :lit
853 1679 892 1718 re.
944 1661 972 1710 et
984 1664 1138 1711 armentum
1161 1657 1359 1727 apraesepihus
1375 1655 1478 1727 iuqitnr
1490 1656 1518 1710 in
1539 1668 1572 1710 eo
1590 1652 1664 1725 quod
1686 1649 1736 1706 lu·

95 1743 231 1815 qaieaerm
245 1745 274 1799 in
292 1746 337 1802 die
351 1749 543 1817 tribulationis,
562 1751 688 1807 addidit:
704 1750 739 1805 lit
750 1755 892 1808 ascendam
945 1748 1022 1806 dacus
1037 1764 1093 1805 nou
1108 1750 1205 1815 credit,
1221 1751 1293 1821 quod
1305 1750 1419 1819 justitiae
1436 1748 1483 1804 bei
1498 1764 1554 1805 non
1564 1748 1622 1802 vult
1636 1745 1736 1816 subjici

97 1835 133 1891 nd
144 1835 271 1906 populant
284 1840 432 1895 accinctam
444 1843 585 1898 nostrum!
596 1841 668 1910 Quid
684 1842 736 1900 nisi
750 1844 824 1915 qnod
835 1845 890 1899 mi·
907 1826 969 1896 Bet
984 1854 1040 1895 non
1050 1840 1128 1898 audit
1143 1857 1238 1898 vocem
1253 1841 1362 1897 bomini
1373 1843 1431 1899 sire
1444 1841 1562 1912 pastoris
1576 1839 1654 1896 boui.
1666 1837 1737 1894 tnnc

98 1940 153 1985 tem
168 1945 230 1988 esse
243 1934 270 1987 et
282 1931 414 1989 humilem
431 1934 522 2002 corde,
538 1944 581 1992 cst
592 1937 726 1992 veraciter
741 1937 890 1992 accinctam
944 1934 989 1992 ille
1001 1933 1088 1991 dicit:
1106 1954 1116 1989 r
1132 1932 1185 1991 Sed
1199 1950 1249 1991 vos
1262 1950 1318 1990 nou
1335 1934 1458 2002 creditis,
1473 1935 1537 2005 quia
1553 1948 1606 1988 non
1621 1931 1689 1988 estis
1702 1941 1738 1987 ex

97 2029 162 2080 esse
176 2033 204 2079 et
220 2023 256 2077 nd
268 2023 396 2095 papatum
410 2028 556 2082 ncnrretnm
575 2029 733 2096 ascendere,
748 2031 890 2101 populum,
943 2025 1043 2082 oribus
1057 2025 1127 2082 meis
1140 2025 1233 2085 ileon.
1247 2043 1275 2085 x.
1289 2025 1347 2097 ab).
1364 2046 1375 2079 r
1393 2024 1478 2082 ltem:
1498 2042 1508 2075 e
1524 2022 1673 2093 Propterea
1688 2034 1739 2077 ros

98 2128 114 2172 a
129 2126 184 2186 qbo
196 2130 309 2187 regnum
323 2116 455 2172 coelorum
468 2118 522 2173 vim
537 2119 640 2189 patitur
650 2129 676 2174 ct
688 2121 821 2177 violenter
830 2123 893 2178 diri·
945 2130 1000 2171 non
1012 2115 1124 2178 audilis.
1134 2115 1199 2185 bula
1212 2130 1246 2169 ex
1259 2114 1314 2170 ⁰00
1326 2130 1381 2170 uon
1394 2114 1462 2171 estis
1472 2112 1566 2185 (hatt-
1577 2128 1638 2179 illl.
1651 2112 1707 2183 Ul·
1724 2130 1735 2164 t

100 2195 194 2277 pituli
208 2205 268 2273 Qua
283 2208 423 2263 animalia
445 2209 569 2265 cinctura
584 2211 636 2266 nisi
654 2212 818 2270 humilitatis
833 2216 893 2285 spi·
982 2205 1064 2262 Vssbs·
1086 2206 1131 2272 ¹8,
1144 2206 1190 2261 l9·
1209 2205 1264 2276 Ebv
1284 2214 1373 2261 aliem
1393 2205 1420 2260 ⁵1¹
1437 2204 1552 2259 Domino
1569 2202 1698 2275 pendebo,
1713 2213 1737 2258 ⁶⁸

100 2297 157 2353 ritu
176 2292 287 2370 lloysen
312 2300 464 2355 accinctum
478 2316 538 2356 esse
555 2313 646 2372 partas,
663 2314 693 2359 ut
711 2302 892 2362 fortissimum
945 2299 1083 2355 numento
1096 2300 1124 2354 tn
1142 2298 1197 2354 ben
1210 2298 1275 2353 lesa
1292 2314 1358 2354 areo.
1382 2298 1451 2352 bene
1467 2297 1597 2352 Dominus
1608 2296 1739 2368 tortitudo

100 2388 247 2462 spirituum
263 2389 347 2447 Deum
363 2392 499 2449 universae
515 2395 607 2450 carnis
618 2405 723 2453 teneret
735 2397 893 2453 dicentem:
946 2413 1014 2451 inea.
1033 2396 1112 2463 Qurrd
1129 2394 1207 2462 dicit,
1224 2395 1276 2449 hoc
1290 2401 1356 2460 est:
1378 2391 1483 2449 idcirco
1503 2390 1588 2449 lsrael
1609 2389 1740 2447 sectando

104 2501 114 2533 n
134 2479 243 2559 Dimitte
260 2483 448 2555 mellicam,
466 2485 524 2555 bt),
541 2506 550 2539 r
571 2498 598 2543 et
616 2487 650 2543 ad
669 2504 747 2545 suam
763 2489 893 2546 uolunta-
943 2488 1059 2560 justitias
1075 2489 1161 2560 legem
1178 2489 1206 2542 in
1222 2486 1309 2558 legem
1321 2485 1435 2558 Justtrin
1450 2500 1505 2541 nou
1523 2484 1657 2556 pervenit,
1675 2482 1738 2554 quia

102 2582 156 2631 tem
172 2572 535 2634 inllccterctllndubitanter
550 2580 690 2637 sciendum
704 2583 818 2654 estquia
831 2583 895 2639 abs·
947 2599 1048 2639 nonen
1067 2583 1130 2648 tlde,
1143 2583 1191 2639 sed
1205 2581 1284 2654 quasi
1298 2597 1331 2637 er
1347 2581 1488 2652 oporibus.
1503 2578 1562 2652 Ego
1579 2579 1740 2634 autemnon

101 2680 157 2742 que
175 2669 228 2724 bac
246 2668 370 2725 cinctura
388 2671 462 2726 nulla
490 2687 605 2743 usquam
629 2673 743 2743 justitiae
762 2673 895 2731 lortitudo
946 2677 1029 2748 quasi
1044 2691 1078 2732 ex
1093 2676 1234 2746 operibus,
1250 2673 1298 2731 sed
1311 2688 1345 2729 cx
1360 2672 1412 2729 [ide
1424 2672 1533 2729 credam
1551 2671 1578 2725 iu
1592 2669 1700 2725 Patrem
1714 2677 1741 2723 et

100 2770 156 2819 est.
170 2757 301 2829 Quamvis
319 2763 469 2818 multorum
487 2764 624 2835 quispiam
641 2766 677 2822 sit
696 2766 895 2835 operumnbs-
948 2769 1048 2825 Filium
1063 2777 1092 2824 et
1104 2767 1237 2838 Spiritum
1254 2773 1390 2830 sarnetum.
1407 2762 1475 2819 Nam
1486 2762 1623 2818 ducendo:
1643 2759 1675 2815 ln
1686 2758 1742 2814 Do-

101 2864 157 2924 que
172 2849 226 2908 isto
246 2852 360 2923 justitia
376 2852 504 2924 prasidio
519 2855 611 2910 utullus
623 2863 674 2919 est,
691 2870 742 2911 nec
753 2856 799 2911 ille
809 2871 897 2927 popu·
947 2867 1020 2917 mino
1036 2861 1167 2933 pondero,
1184 2858 1329 2922 cantitetur
1342 2857 1468 2924 Patrcm;
1486 2854 1623 2912 dicendo:
1642 2844 1740 2908 Exque.

100 2944 148 2999 lus
160 2943 302 3000 bechretus
314 2944 431 3016 populus
442 2946 564 3015 eiuscst,
580 2947 769 3017 quiaccinctis
784 2949 897 3005 renibus
949 2957 1011 3009 tabo
1029 2956 1056 3009 in
1077 2953 1132 3008 Deo
1145 2951 1211 3008 inu
1228 2967 1296 3018 meo,
1312 2950 1459 3018 confitetur
1473 2947 1591 3016 Filium3
1605 2944 1740 3001 dicendo:

101 3048 203 3091 carues
217 3035 280 3107 agni
295 3036 444 3093 comedens
461 3052 511 3108 per
525 3053 602 3094 mare
620 3038 753 3105 ascendit,
769 3038 839 3095 sicut
852 3039 899 3095 hic
948 3045 1020 3100 Deus
1042 3044 1171 3099 Dominus
1192 3042 1323 3112 tortitudo
1346 3058 1415 3109 meo,
1437 3039 1582 3096 confltetur
1607 3036 1741 3109 Spiritum

103 3142 180 3182 rrrrrrc
190 3122 297 3182 eliserat
311 3144 319 3182 ε
341 3126 417 3182 l'inm
434 3128 521 3199 fecisti
534 3129 562 3182 in
577 3130 647 3183 muri
659 3130 731 3201 equis
744 3130 809 3184 tois.
823 3127 898 3186 Vane
949 3150 1087 3195 sanctum,
1104 3135 1140 3191 Ει
1152 3145 1230 3203 ponec
1244 3135 1322 3208 pede,
1333 3151 1404 3189 Μ,
1418 3133 1497 3205 quw·
1507 3147 1653 3197 cervorum,
1665 3138 1742 3184 mu.

105 3218 251 3291 Squaqoga
266 3218 300 3274 de
314 3220 443 3290 operibus
458 3220 582 3290 confidit,
595 3221 659 3292 qula
674 3201 932 3293 impossihiltaestC
950 3246 997 3301 per
1007 3228 1112 3284 eccetan
1127 3244 1184 3282 ntea
1202 3227 1366 3281 dedaretnre
1380 3226 1504 3281 victorin
1522 3223 1634 3295 psalmis
1646 3241 1744 3278 concn-

104 3326 155 3367 eos
168 3312 326 3383 justificari,
338 3314 386 3383 qui
401 3329 479 3370 suam
492 3314 615 3370 volentes
631 3308 751 3372 statuere
762 3314 896 3387 justitiam
951 3332 1013 3378 nm,
1029 3320 1195 3376 stantarum
1216 3319 1293 3390 pedes
1309 3333 1445 3373 ceruorum
1461 3317 1546 3388 agiles
1562 3325 1626 3372 suut
1640 3316 1676 3371 ad
1690 3316 1744 3371 dtr-

101 3404 220 3477 ]ustitire
237 3406 285 3462 bei
298 3415 353 3461 non
365 3415 430 3462 sunt
443 3407 570 3478 subjecti.
586 3406 645 3465 lioc
655 3418 707 3473 est,
720 3409 792 3479 quod
808 3409 897 3465 couti·
952 3425 1023 3474 mera
1041 3415 1220 3471 transilienda
1235 3425 1262 3471 er
1278 3414 1333 3469 alta
1351 3413 1478 3484 petenda,
1502 3412 1542 3468 sic
1560 3426 1608 3483 por
1625 3410 1696 3466 trane
1710 3408 1744 3467 q.

106 3508 165 3553 nno
178 3510 227 3569 per
242 3499 427 3570 metaphoram
442 3500 585 3572 aptissime
600 3502 686 3558 dicit:
952 3510 1014 3566 dern
1031 3509 1111 3579 agilis
1124 3523 1182 3575 ero,
1203 3507 1276 3561 utin
1298 3506 1385 3579 legem
1403 3504 1516 3576 justitiae
1535 3505 1703 3575 perveniam,
1717 3512 1746 3559 et

142 3588 227 3645 Vm·
255 3586 298 3646 Π·
326 3589 410 3646 fiili
428 3592 498 3645 enim
521 3608 574 3646 '¹⁰⁹⁸
591 3592 707 3663 florebit,
728 3604 753 3648 et
774 3609 827 3648 ’¹⁰¹²
847 3594 899 3648 elt'l
953 3601 981 3658 in
996 3601 1113 3672 lapidem
1130 3599 1290 3655 offensionis
1304 3612 1359 3654 nou
1375 3597 1521 3654 offendam.
1538 3596 1573 3651 Et
1585 3597 1695 3651 deducet
1706 3612 1746 3650 ine

106 3699 213 3755 permen
230 3685 257 3737 in
274 3685 366 3739 uineis.
387 3683 531 3740 licentietur
546 3701 611 3755 opus
631 3683 717 3752 oiinoe,
730 3695 756 3740 et
768 3701 831 3741 aruo
848 3702 898 3741 nort
954 3692 1013 3748 haec
1031 3691 1138 3761 iustitia
1164 3690 1227 3747 hdei
1249 3706 1327 3760 super
1345 3690 1448 3745 excelsa
1463 3706 1531 3757 mea,
1550 3688 1576 3743 id
1601 3698 1644 3746 est
1664 3705 1746 3759 super

105 3774 220 3845 afferent
234 3774 331 3830 cibant.
343 3774 521 3830 discindatur
532 3774 635 3830 deooiii
646 3791 734 3847 pecus,
748 3786 774 3831 et
787 3792 839 3831 non
849 3777 898 3830 erit
952 3782 1086 3853 justitiam
1100 3797 1225 3852 operum.
1235 3780 1362 3847 Deducat,
1375 3781 1498 3851 inquam,
1513 3798 1553 3835 arte
1571 3782 1656 3835 uictor
1675 3779 1747 3836 bens

108 3877 260 3922 craterarum
275 3869 303 3922 in
318 3868 489 3941 praesepibus.
513 3867 570 3925 Sub
592 3869 646 3926 isto
658 3870 767 3925 senario
786 3885 901 3926 numero
954 3891 1038 3943 unus,
1053 3873 1134 3929 Pater
1144 3887 1171 3929 et
1184 3872 1272 3930 Filius
1283 3886 1310 3929 et
1326 3873 1446 3943 Spiritus
1457 3882 1580 3939 sauctus,
1596 3871 1624 3926 in
1635 3870 1746 3942 psalmis

110 3959 240 4015 uniuersa
256 3962 383 4032 reprobat
398 3977 480 4032 opera
496 3961 573 4032 logis,
589 3976 650 4033 quae
663 3977 711 4017 sex
723 3962 820 4018 dlehus
835 3977 901 4033 ope·
955 3976 1092 4021 canentem
1104 3966 1245 4023 victorium
1261 3981 1360 4021 cursus
1371 3965 1436 4032 mei,
1448 3980 1502 4020 non
1518 3964 1649 4035 operibus
1667 3964 1746 4031 meis,

111 4050 170 4107 rari
191 4051 326 4109 coucedit.
348 4052 382 4109 m
408 4054 509 4110 idcirco
535 4054 680 4126 reprobat,
704 4054 768 4125 quia
790 4053 901 4109 Judaeus
955 4058 1003 4113 scd
1025 4056 1118 4129 gratiae
1141 4057 1202 4126 ejus
1232 4057 1430 4123 ascribentem,
1452 4065 1479 4135 ει
1498 4071 1546 4125 ρει
1570 4056 1623 4109 hoc
1645 4052 1747 4124 gratias

112 4144 257 4218 operarius
272 4146 339 4217 legis
358 4162 412 4202 uon
428 4147 554 4213 intendit,
576 4156 606 4202 ut
619 4147 738 4203 celebret
751 4144 899 4201 Sabbatum
955 4150 1137 4218 sempiternas
1152 4158 1286 4220 agentem.

823 4298 1039 4312 w

353 4388 688 4483 unrosmto
727 4391 790 4479 m
828 4385 1134 4481 eluricum
1171 4328 1392 4482 uorsus
1431 4390 1497 4491 u,

716 4537 916 4596 uubrbltbb.
936 4537 1014 4595 CAP.
1033 4538 1141 4595 xxxtl.

153 4746 262 4813 Audin,
281 4746 351 4812 ccii,
369 4763 428 4818 qun
441 4746 545 4818 loquor,
562 4746 656 4800 audiet
677 4755 746 4800 terro
760 4746 836 4800 uerbo
853 4747 908 4801 oris
924 4749 946 4804 b
961 4744 1029 4799 mini
1049 4744 1255 4809 declinaverint,
1280 4758 1329 4797 ros
1341 4743 1418 4812 justa
1443 4743 1648 4800 maledictiones
1669 4760 1750 4815 supe-

114 4838 181 4904 anei,
193 4848 246 4893 etc.
262 4835 443 4908 biennyniee
457 4836 490 4893 ad
505 4836 589 4893 coelos
605 4836 770 4891 inanimatos
792 4844 906 4890 terram·
962 4837 1021 4892 rius
1038 4836 1136 4900 dictas,
1153 4852 1212 4897 ros,
1237 4835 1358 4904 iuquam,
1373 4833 1434 4888 coeti
1454 4835 1515 4889 sitis
1536 4836 1652 4907 desuper
1670 4837 1748 4903 mirei,

117 4944 173 5001 que
195 4928 373 4985 inanimatam
398 4943 490 4985 sermo
511 4926 650 4998 dirigitur,
672 4935 754 4996 atque
774 4941 790 4982 a
812 4927 906 4989 rebus.
961 4938 987 4986 et
1001 4937 1030 4982 tu
1046 4937 1129 4995 terra,
1143 4943 1225 4997 quam
1242 4926 1358 4993 calcant,
1375 4926 1461 4982 ferrea
1476 4928 1525 4984 sis.

117 5035 182 5092 quae
194 5036 245 5076 nec
259 5034 341 5078 aures
358 5035 408 5075 nec
421 5034 532 5075 sensum
553 5018 655 5074 bahent
671 5018 802 5088 aliquem,
826 5018 908 5074 boum
996 5018 1099 5075 Verum
1122 5018 1201 5089 juxta
1227 5034 1326 5074 sensus
1350 5018 1449 5074 interm
1469 5020 1610 5076 veritatem
1631 5022 1669 5076 illi
1688 5023 1750 5079 coeli

118 5112 262 5170 rationalis
273 5121 301 5169 et
318 5112 427 5182 sapiens
441 5119 574 5166 attentum
595 5109 716 5181 flagitare
734 5109 841 5165 ridetur
860 5125 909 5164 au-
962 5120 1147 5173 convocantur
1161 5110 1194 5165 ad
1213 5111 1392 5179 audiendum,
1406 5112 1553 5184 dequibus
1572 5113 1644 5168 idem
1666 5111 1752 5183 Spiri-

119 5203 220 5269 ditum,
240 5213 371 5273 tauquam
394 5203 417 5258 ui
438 5201 529 5259 dieat:
553 5200 690 5268 Quoniam
711 5206 762 5270 eqo
787 5201 909 5256 mortalis
963 5215 1008 5261 tus
1021 5208 1048 5261 in
1068 5205 1222 5275 Propheta:
1243 5226 1253 5258 ι
1271 5206 1352 5275 (lodi,
1374 5208 1473 5279 inquit.
1489 5218 1619 5264 enarrant
1636 5210 1751 5280 gloriam

120 5295 208 5352 hono
221 5310 295 5362 sum,
311 5296 375 5351 riori
392 5304 494 5361 antem,
508 5293 583 5365 qnod
595 5292 641 5350 isti
656 5286 783 5349 borsines
799 5292 838 5347 uel
855 5306 905 5361 ρο·
963 5296 1023 5363 Dei,
1036 5308 1062 5351 ct
1076 5311 1160 5366 opera
1176 5313 1308 5354 manuum
1321 5299 1384 5369 ejus
1395 5300 1540 5354 annuntiat
1549 5300 1752 5357 firmamentum

121 5384 297 5441 storicorum
309 5396 372 5456 posi
389 5394 506 5441 mollem
520 5399 609 5439 lncani
626 5383 719 5453 illique
734 5383 821 5437 helluli
838 5390 865 5436 ei
877 5380 911 5435 dd
965 5389 1051 5459 (Psoi,
1068 5404 1146 5453 xarn,
1163 5389 1200 5459 l),
1217 5408 1226 5441 t
1244 5400 1272 5446 et
1284 5390 1331 5446 'illa
1347 5400 1430 5457 tella,
1445 5390 1479 5446 de
1494 5407 1549 5463 qua
1562 5392 1646 5448 alibi:
1669 5413 1678 5445 e
1696 5394 1752 5449 Do.

120 5475 179 5544 ria,
192 5491 277 5547 quam
289 5475 405 5548 praecepi
426 5476 491 5543 illis,
506 5477 561 5532 cito
582 5474 745 5531 declinaturi
765 5483 845 5528 suunt:
863 5480 911 5529 ‚ios
965 5479 1067 5546 miuus,
1081 5479 1178 5550 inquit,
1199 5479 1278 5535 dabit
1292 5480 1501 5551 inniqnitatem,
1518 5490 1546 5538 et
1566 5492 1638 5539 terra
1660 5493 1753 5541 nostra

121 5567 221 5626 saltem
239 5569 313 5634 coeli,
327 5569 375 5640 qui
395 5567 557 5640 superstites
575 5565 652 5633 estis,
668 5574 696 5621 ct
710 5573 739 5619 tu
753 5575 836 5632 mrra,
851 5579 912 5633 qum
963 5569 1040 5625 dabit
1060 5567 1178 5625 lructum
1192 5586 1273 5626 suum
1296 5569 1383 5641 (Paul.
1405 5587 1516 5639 uxxxrr,
1536 5572 1591 5644 lb).
1610 5593 1619 5626 r
1639 5573 1689 5640 llli,
1709 5575 1753 5631 in-

122 5660 152 5716 in
161 5669 298 5718 aeternum
310 5660 408 5727 stabis,
422 5660 542 5717 accedite
553 5660 587 5716 ad
605 5657 781 5724 audiendum,
794 5666 866 5711 state
877 5656 911 5711 ad
964 5677 1058 5731 quarn,
1079 5661 1140 5717 cmii
1158 5671 1185 5717 ct
1207 5662 1252 5718 illa
1274 5670 1348 5718 terra
1375 5676 1563 5725 contueantur
1582 5666 1637 5722 hue
1650 5667 1684 5723 ad
1705 5681 1755 5728 au·

126 5753 338 5823 notificandum,
357 5763 397 5823 ut,
412 5770 474 5812 cum
491 5752 582 5825 inique
598 5752 713 5824 egerint,
729 5762 757 5807 et
772 5766 787 5804 a
800 5750 842 5805 rin
857 5749 911 5818 llo·
965 5753 1106 5822 diendum,
1123 5753 1156 5811 de
1169 5754 1270 5824 qulbus
1285 5763 1311 5809 ct
1328 5753 1359 5810 br
1372 5756 1428 5811 alia
1439 5757 1591 5827 propbeta:
1614 5777 1624 5810 r
1641 5756 1753 5824 lloratc,
