3892 6067
14 319 17 324 .
84 275 151 333 tat)

687 281 786 337 ttnen
808 269 852 336 ns·
872 281 1033 338 nntrtcto
1052 265 1115 341 nat.
1639 287 1709 346 taso

82 387 209 461 Gregorio
224 388 391 445 anathemati
415 390 538 449 addictos
562 393 697 452 liberare:
724 398 790 468 quin
815 398 869 452 imo
886 402 1001 458 licens:
1020 398 1078 454 Non
1094 401 1191 467 babeo,
1206 400 1279 471 qnod
1291 400 1366 454 tobis
1391 400 1456 455 dare
1481 402 1595 471 possim.
1612 398 1646 456 Et
1660 402 1706 457 nti·

81 482 161 535 etiam
178 480 236 550 ipse
250 481 360 552 patius
374 482 521 539 offenditur
533 487 606 555 quod
630 487 690 557 ejus
707 489 868 559 capitulum,
923 507 979 555 ror,
997 493 1019 546 si
1039 493 1072 558 is,
1088 493 1135 562 qui
1148 500 1237 547 testes
1254 492 1344 556 babet,
1360 501 1502 562 argentum
1519 491 1610 559 babet,
1629 492 1711 547 celia·

82 587 134 626 nott
149 579 246 627 eontra
269 573 316 628 sed
344 576 494 632 secundnm
519 593 640 634 canones
668 579 773 644 datum,
788 595 870 648 prata
921 584 962 638 tia
977 584 1058 639 fralet
1070 602 1077 649 ;
1089 584 1162 654 qnod
1175 583 1414 652 pattpetibusdare
1425 583 1532 647 debeat,
1549 581 1709 642 nonhabet.

83 663 307 734 interpretatione
318 667 353 720 ab
367 667 408 722 eis
423 670 597 737 pervertitur.
921 671 970 728 ilie
984 689 1049 743 ergo
1061 673 1109 736 iiii,
1127 681 1156 727 nt
1169 688 1232 728 curu
1247 673 1307 728 loeo
1328 684 1413 728 mutet
1441 683 1571 728 mentem.
1587 672 1646 729 lion
1659 673 1710 730 sibi

374 777 489 837 CAPUT
505 781 571 837 lltt.

82 888 253 947 mmmm
267 892 416 946 dominam
437 894 558 964 pluribus
582 897 698 960 roboret,
722 902 868 968 prmum
921 866 1044 912 remotus
1059 856 1167 913 studeat
1180 856 1284 921 sedere,
1299 865 1326 911 et
1339 856 1373 911 de
1390 871 1472 911 tnanu
1498 857 1569 960 utini
1592 856 1710 913 fructtti·

116 963 274 1016 anctoritate
299 965 384 1015 eoacti
400 963 520 1033 Greqerii
545 966 634 1037 linqui
655 969 730 1036 cujus
753 970 870 1038 caetttplo
921 963 1001 1016 cate;
1017 949 1063 1004 ⁸⁰1⁸
1075 948 1178 1018 'alliam
1193 962 1305 1001 manum
1324 947 1432 1013 ''alm‘’
1445 956 1638 1004 ⁰2⁰⁰⁵⁸¹t²²⁰¹¹¹
1661 963 1710 1017 9³⁶

116 1031 230 1100 episcopi
246 1031 280 1085 tul
292 1048 384 1086 curem
395 1049 539 1103 pauperum
552 1047 577 1089 et
590 1043 787 1108 peroptittotum
800 1041 869 1093 iuct'·
921 1040 1053 1096 tientibus
1072 1049 1229 1106 concurrat,
1245 1040 1361 1094 alienam
1375 1039 1494 1109 inopiam
1513 1055 1592 1094 suam
1606 1039 1709 1096 credat.

117 1111 219 1157 ‘mmm
920 1131 991 1198 Quia
1017 1133 1039 1186 si
1062 1132 1103 1185 sie
1124 1148 1178 1186 ttott
1208 1130 1299 1197 babet,
1326 1147 1442 1186 uacuum
1462 1131 1582 1202 episcopi
1611 1144 1710 1186 nomeu

119 1213 260 1270 Sufficiant
275 1214 333 1271 baec
344 1231 430 1287 pauca
458 1218 601 1274 monacbis
627 1231 654 1274 et
675 1221 806 1277 miiitilns
829 1239 872 1277 re-
921 1225 1029 1280 tenct't
1594 1221 1597 1226 ’

80 1319 192 1377 sponsa,
207 1319 324 1377 quornm
347 1307 436 1363 neutri
458 1318 586 1378 poterunt
608 1311 660 1367 eibi
684 1313 804 1368 decimas
823 1330 871 1383 per
957 1315 987 1371 itt
1006 1317 1107 1386 quibus
1121 1317 1212 1372 teritis
1229 1316 1281 1372 boc
1303 1316 1447 1387 diligenter
1475 1316 1645 1386 pensandum
1660 1324 1710 1382 est,

81 1398 201 1468 aliquam
229 1396 365 1467 jttstitiam
390 1398 539 1467 uindicare,
558 1401 581 1456 si
608 1404 753 1458 anathema
775 1414 869 1460 eontra
921 1408 1161 1477 quodepiscopns,
1173 1408 1220 1477 qui
1232 1406 1713 1464 fectionietotationideditttsfuisso

83 1502 219 1543 canonum
231 1497 327 1557 sponte
341 1491 488 1546 violatores
507 1494 708 1565 promulgatum
734 1497 869 1552 soluerint
921 1500 1101 1571 significatur,
1111 1509 1217 1554 tantum
1227 1509 1368 1570 propterca
1380 1510 1474 1556 sancto
1487 1499 1605 1571 pontifici
1618 1499 1711 1555 redar-

81 1581 194 1638 etitare.
209 1579 245 1636 ile
258 1597 375 1651 quornm
390 1586 540 1641 numerosi
552 1589 616 1656 quis
639 1604 689 1659 pro
706 1590 798 1645 anima
820 1606 869 1646 sua
921 1592 1046 1662 qttendus
1065 1590 1223 1647 ridebatur:
1253 1592 1326 1662 quod
1347 1591 1497 1647 uiatoribus
1522 1591 1711 1648 consolatione

83 1671 254 1738 solicitatur,
266 1673 395 1744 episcopo
411 1676 493 1732 etiam
520 1692 574 1733 nott
603 1682 756 1749 reposcenti
780 1682 869 1737 eccie-
922 1682 1108 1754 indigentibus
1132 1690 1214 1753 atque
1231 1684 1302 1740 itanc
1326 1684 1360 1739 ab
1388 1685 1518 1755 episcopo
1535 1683 1712 1755 poscentibus

82 1760 207 1819 siastieas
220 1763 363 1820 facultates
381 1767 494 1823 reddere
509 1785 563 1824 non
575 1770 742 1840 gratabitur.
757 1770 812 1827 Nee
823 1788 871 1827 eos
887 1761 907 1814 Β
922 1773 990 1827 nibli
1009 1772 1098 1828 fuerat
1116 1775 1314 1830 consolationis
1342 1775 1513 1846 irnpensttttt;
1531 1790 1593 1832 cum
1620 1785 1710 1831 tamen

82 1856 184 1926 poterit
213 1871 328 1913 securos
354 1857 443 1915 facere
466 1863 613 1918 consensio
635 1865 678 1919 tei
700 1863 871 1922 taciturnitas
922 1873 1033 1934 propter
1046 1866 1229 1921 consolandos
1246 1882 1330 1922 unum
1343 1867 1512 1921 decimarum
1531 1867 1709 1938 quadrantem

82 1947 171 2004 adbuc
182 1949 305 2004 mortalis
318 1951 448 2020 episcopi,
461 1961 554 2008 contra
566 1969 636 2024 qnos
648 1954 767 2011 clamant
776 1956 871 2012 Patres
922 1965 1031 2012 constet
1044 1972 1076 2012 ex
1093 1965 1148 2012 tota
1175 1957 1349 2030 episcopatus
1377 1959 1506 2030 parocbia
1535 1959 1709 2029 dispositum.

82 2041 111 2096 ln
126 2042 195 2098 coelo
213 2045 377 2115 conscripti:
392 2048 542 2116 praesertim
554 2064 616 2103 eum
631 2049 760 2119 episcopo
775 2065 825 2105 nee
837 2049 871 2106 de
921 2047 1001 2114 Quod
1019 2049 1043 2104 si
1066 2049 1223 2118 episcopus,
1237 2049 1281 2105 ille
1304 2050 1449 2120 religiosus
1466 2049 1571 2115 luisset,
1591 2050 1638 2120 qui
1667 2065 1712 2108 res

82 2148 133 2188 sna
149 2136 260 2205 speciali
275 2139 400 2206 portione
415 2139 505 2207 liceat,
516 2155 598 2210 qnam
611 2140 635 2196 ei
649 2150 762 2211 patema
785 2143 872 2198 tradi·
921 2147 1073 2210 pauperum
1090 2142 1222 2197 tiititibus
1249 2142 1324 2208 dare,
1343 2154 1387 2197 am
1401 2158 1433 2197 etr
1450 2142 1492 2197 bis
1510 2151 1599 2197 eastra
1624 2141 1711 2198 asilii·

82 2226 188 2283 tionum
203 2230 294 2299 regula
307 2230 455 2300 praedictal.
922 2250 986 2291 care
998 2250 1053 2289 non
1072 2235 1219 2302 timuisset,
1235 2252 1289 2289 non
1314 2236 1365 2290 itoc
1390 2234 1417 2288 itt
1445 2251 1494 2289 sua
1521 2233 1713 2307 tetiargutitme

119 2316 303 2378 Utidoireatus
315 2321 465 2394 Gregorius
479 2325 634 2397 Augustino
648 2328 798 2400 bogiorum
810 2329 870 2400 epi·
921 2327 1054 2383 tacuisset
1071 2328 1167 2383 beatus
1182 2325 1340 2398 Gregorius,
1357 2343 1506 2397 pauperum
1527 2336 1581 2382 tam
1596 2328 1711 2398 diligens

82 2428 167 2484 scopo
181 2415 315 2480 scribens,
328 2415 364 2470 ita
379 2416 460 2472 dicit:
479 2436 489 2470 ι
507 2417 564 2475 lios
577 2421 734 2490 apostolieae
746 2412 819 2478 sedis
829 2432 871 2478 est
921 2427 1066 2489 patronus,
1083 2426 1123 2482 ut,
1137 2417 1208 2473 sieut
1222 2419 1350 2488 superius
1369 2419 1472 2474 dictum
1488 2429 1539 2489 cst,
1552 2420 1710 2490 episcopum

85 2504 217 2559 ordinatis
232 2505 367 2574 episcopis
382 2518 516 2578 praecepta
531 2510 648 2566 tradere.
666 2510 704 2568 ile
728 2512 871 2582 stipendiis
921 2511 1099 2567 Pascltasinm
1112 2511 1285 2565 vehementr-r
1298 2511 1459 2579 increparet,
1471 2526 1530 2576 eur,
1546 2512 1710 2581 paupertinus

82 2594 211 2653 Ecclesiae
225 2597 266 2652 rei
280 2598 314 2652 de
325 2597 381 2664 itis,
392 2615 453 2669 quae
477 2600 596 2657 fidelium
615 2603 800 2660 oblationibus
822 2620 863 2660 ae·
922 2603 1063 2674 neglectis,
1079 2602 1208 2658 derebus
1224 2601 1294 2657 Eecb
1305 2603 1353 2657 siae
1374 2604 1464 2656 rtatim
1492 2602 1626 2658 fabricare
1641 2620 1711 2673 prae·

82 2687 182 2743 cedunt
195 2687 304 2754 altario,
320 2698 438 2758 qttatttor
450 2690 549 2747 debent
563 2692 620 2747 fleri
635 2696 784 2764 portiones.
809 2693 869 2750 Una
922 2704 1056 2750 sumeret:
1071 2692 1114 2748 cui
1130 2694 1211 2747 ctiam
1227 2693 1253 2747 in
1274 2694 1332 2747 suis
1359 2693 1457 2747 fitteris
1483 2707 1626 2747 tinnuerunt
1643 2694 1709 2747 soii-

80 2779 207 2835 tideiicet
225 2780 392 2850 episcopoet
407 2779 516 2837 fantiiioe
535 2794 644 2855 propter
659 2785 869 2855 hospitalitatem
921 2788 1019 2842 dorum
1045 2786 1251 2857 improperavit,
1265 2800 1336 2855 quos
1362 2785 1388 2838 in
1415 2785 1510 2840 cadem
1539 2785 1601 2840 nari
1626 2783 1711 2844 laem

80 2880 163 2942 atque
177 2871 393 2941 susceptionem
409 2871 560 2940 abaciaco,
588 2875 666 2930 tertia
692 2875 868 2946 pauperibus,
921 2878 1007 2932 cantia
1026 2877 1100 2931 iilum
1114 2876 1276 2946 expendisse
1288 2876 1390 2930 autlitit
1405 2876 1490 2946 (tto).

79 2973 178 3034 quarta
193 2965 220 3016 itt
235 2962 358 3017 ecclesiis
376 2963 571 3032 reparandis.»
592 3019 598 3024 ,
957 2967 1048 3039 Usque
1069 2968 1137 3022 adeo
1155 2967 1196 3021 rir
1211 2976 1322 3022 sanctus
1338 2968 1422 3022 uoluit
1444 2963 1637 3034 rcs'Eeciesiee,
1655 2985 1708 3023 non

117 3053 186 3108 Ecce
209 3052 364 3109 audirimus
386 3054 450 3123 qnia
464 3069 517 3109 non
531 3064 642 3125 propter
657 3058 806 3115 ntonaelos
822 3068 870 3115 ant
919 3056 996 3127 jutta
1021 3070 1106 3110 notas
1120 3054 1322 3124 usurpationes,
1339 3055 1386 3111 sed
1407 3056 1486 3126 juxta
1503 3071 1624 3113 canones
1639 3059 1710 3115 anti·

79 3143 181 3204 milites
195 3143 323 3198 ditandos
333 3151 360 3198 et
378 3144 559 3202 consolandos
588 3146 754 3203 decimarum
779 3151 869 3220 portio
920 3164 990 3217 quos
1004 3147 1156 3217 dispensari
1174 3165 1181 3202 :
1198 3156 1287 3202 utttee
1304 3146 1462 3203 infirmitate
1479 3150 1602 3219 eorporis
1616 3150 1651 3205 ab
1666 3151 1709 3205 in-

80 3243 179 3305 quarta
194 3233 324 3302 episcopo
347 3232 518 3303 disponatur,
534 3253 549 3291 a
567 3251 622 3307 quo
653 3237 748 3294 talium
774 3256 868 3297 susce-
920 3239 1069 3309 ‹iiqentium
1086 3239 1260 3308 susceptione
1282 3238 1353 3308 apud
1375 3238 1451 3293 ilium
1471 3239 1571 3310 aliquis
1593 3241 1710 3310 potuerit

80 3325 139 3395 ptio
154 3324 181 3378 in
197 3325 343 3395 episcopali
359 3326 423 3382 sede
437 3342 574 3384 canonum
604 3329 717 3400 justitiae
733 3332 772 3387 sie
787 3332 869 3389 debe-
920 3330 1068 3397 excusari3
1091 3345 1173 3401 quam
1194 3329 1228 3385 de
1247 3331 1372 3399 pot-tinne
1397 3331 1604 3401 adepiseopum
1628 3334 1710 3401 petti-

82 3425 138 3479 tar,
159 3427 189 3470 ut
200 3417 346 3486 episcopus
370 3418 489 3488 grauiter
515 3422 688 3477 accusandus
715 3431 834 3492 notetur,
845 3425 868 3480 si
919 3431 1002 3477 trente
1023 3438 1130 3493 semper
1149 3422 1176 3477 in
1194 3423 1342 3493 episcopali
1357 3423 1472 3478 ccclesia
1486 3424 1572 3479 tatuit
1588 3440 1649 3479 esse
1662 3441 1710 3495 pa·

83 3523 131 3577 per
144 3512 221 3563 s‘uam
238 3507 386 3564 Ecclesiam
402 3511 540 3566 transierit
555 3526 637 3582 egeus
650 3514 820 3585 peregrinus,
835 3532 867 3571 etr
921 3521 1018 3578 ratam,
1043 3513 1124 3567 etiam
1139 3512 1267 3583 episcopo
1282 3512 1405 3568 absente.
1421 3510 1489 3568 ilinc
1499 3523 1541 3570 est
1562 3514 1634 3584 qnod
1653 3513 1711 3569 tta-

82 3609 158 3668 parte
170 3601 306 3670 pontilicis
318 3603 535 3658 consolationem
553 3604 869 3677 talibnspropossette.
920 3600 1262 3657 rinianumliareunatem
1286 3602 1443 3673 episcopum
1472 3620 1522 3674 pro
1551 3605 1709 3660 infirmitate

81 3692 376 3750 beottstnconsutatus.
920 3693 1042 3760 corporis
1068 3693 1223 3747 incivitate
1249 3694 1350 3748 motari
1367 3708 1421 3748 nott
1445 3695 1580 3748 ualentem
1609 3694 1709 3752 talibus

118 3783 194 3841 Unde
209 3787 272 3840 item
287 3787 383 3842 beatus
396 3787 554 3858 Gregorius,
582 3797 613 3843 qt
631 3805 713 3860 supra
734 3792 868 3861 pessum.
918 3783 1009 3838 uerbis
1023 3784 1171 3853 alloquitur
1189 3801 1195 3837 :
1212 3801 1222 3835 t
1242 3783 1386 3840 lenientes
1401 3787 1512 3855 qnidam
1536 3785 1709 3845 Ravennates

83 3878 185 3942 timus,
200 3877 357 3933 Secundino
375 3893 455 3934 serto
471 3878 517 3934 net
531 3880 665 3947 scribens,
679 3882 749 3937 inter
771 3892 869 3939 caetera
919 3876 1045 3931 homines
1070 3874 1233 3946 gratissimo
1256 3890 1374 3931 moetbte
1396 3893 1440 3932 ¹1¹0
1462 3878 1627 3933 invenerunt
1650 3895 1710 3949 net·-

81 3971 123 4027 sic
137 3970 191 4026 ait:
210 3969 354 4026 «Fratrem
371 3979 494 4026 nostrum
512 3970 693 4028 liminianam
710 3974 868 4045 episcopum
919 3967 1038 4033 vulsum,
1053 3967 1118 4036 tillia
1134 3966 1331 4022 fraternitatem
1348 3977 1422 4022 tuem
1448 3970 1601 4023 retulerunt
1614 3970 1648 4023 de
1660 3985 1728 4025 tto-fl

80 4061 292 4130 t'erltis,qttiitus
307 4061 391 4122 vales,
405 4062 503 4127 excita,
517 4063 581 4131 quia
605 4077 667 4117 eum
693 4063 868 4121 obdormisse
920 4061 988 4116 ntltu
1002 4062 1144 4132 sanguinis
1155 4069 1297 4131 aegrotare.
1315 4060 1359 4115 Es.
1370 4076 1423 4131 qua
1439 4076 1468 4115 re
1482 4060 1598 4116 sollicite
1612 4069 1640 4114 et
1653 4061 1710 4115 sin·

80 4151 216 4222 suspicor.
236 4150 305 4207 Nam
320 4162 450 4208 venerunt
465 4153 575 4222 quidam
599 4153 633 4210 ad
658 4171 710 4221 me,
725 4156 752 4211 itt
769 4157 869 4227 quibus
920 4150 1033 4222 giiiatim
1049 4169 1106 4216 eos,
1120 4169 1189 4223 qnos
1203 4152 1248 4206 bie
1261 4152 1357 4207 doctos
1372 4151 1488 4206 lectione
1513 4151 1639 4206 ueritttus
1652 4166 1710 4206 me·

80 4244 193 4316 quitiam
205 4260 285 4300 senes
295 4245 492 4311 mendicantes,
508 4247 555 4316 qui
570 4262 585 4301 a
604 4263 647 4303 me
660 4248 778 4306 discussi
793 4260 868 4318 sunt,
920 4246 1007 4313 dicos,
1025 4245 1140 4301 lecimus
1166 4246 1268 4316 requiri
1287 4265 1292 4300 :
1308 4253 1336 4301 ct
1358 4246 1424 4317 qnid
1448 4246 1549 4318 singuli
1561 4249 1708 4315 senserint,

79 4336 271 4407 aqttiltusdam
290 4338 354 4407 quid
370 4338 532 4407 acceperint,
547 4348 576 4393 ιιι
595 4355 643 4409 per
664 4341 771 4413 singula
796 4352 870 4398 retu·
919 4340 1021 4411 qttblte
1035 4338 1205 4404 dictaverint,
1222 4338 1360 4394 sanctitati
1375 4349 1471 4395 restrae
1488 4340 1618 4411 scriptum
1634 4340 1710 4398 tuisi-

80 4428 183 4495 lerunt,
200 4430 310 4500 quando
326 4438 368 4484 cst
382 4438 409 4484 et
423 4444 438 4483 a
455 4431 555 4499 quibus
570 4431 597 4485 in
611 4432 707 4489 itinere
721 4435 783 4490 data
802 4434 866 4492 sint.
884 4460 906 4514 D
922 4449 994 4487 mus.
1010 4432 1063 4498 Qui
1083 4441 1173 4487 tamen
1188 4431 1306 4503 quietem
1322 4441 1349 4486 et
1361 4431 1499 4487 silentium
1513 4449 1568 4503 prae
1582 4434 1709 4489 euntibus

921 764 1009 819 solatn
1026 764 1168 819 lectionem
1189 764 1283 820 credat
1306 772 1334 819 et
1356 765 1509 820 orationem
1531 765 1664 833 sufficere,
1682 775 1710 820 ut
1804 767 1806 776 ’

79 4521 158 4588 Quos
168 4537 231 4576 cum
246 4522 362 4576 sollicite
372 4522 405 4576 de
429 4521 558 4591 praedicto
583 4521 667 4580 fratrc
687 4528 865 4597 requirerem,

78 4612 147 4683 qnid
162 4613 203 4668 eis
218 4612 357 4667 dedisset?
381 4613 581 4682 responderunt
606 4630 635 4670 se
655 4630 717 4670 enm
744 4632 866 4688 rogasse,

77 4706 128 4762 sed
149 4705 184 4759 ait
196 4720 229 4759 eo
245 4704 311 4760 uiitii
323 4705 472 4774 accepisse,
484 4707 520 4759 ita
533 4714 562 4759 ut
577 4721 663 4776 neque
673 4722 770 4778 pauent
786 4710 813 4762 in
824 4711 867 4766 tia

77 4797 246 4866 acceperint,
261 4795 335 4867 quod
353 4795 418 4849 dare
428 4796 556 4852 omnibus
571 4796 609 4852 iiii
621 4796 749 4853 Ecclesiae
762 4815 868 4870 semper

76 4888 216 4946 familiare
234 4889 296 4946 fuit.
316 4891 448 4946 Diaetunt
461 4892 551 4948 enim:
566 4892 715 4963 liespottdit
729 4895 808 4951 nobis
826 4895 868 4950 di·

117 5068 193 5136 (tet)
205 5069 354 5140 Gregortns
362 5073 509 5125 Antaemio
518 5071 686 5128 subdiacono
696 5070 865 5141 cantitata:

77 5138 231 5195 rPeruenit
242 5142 274 5195 ad
289 5157 339 5196 nos
352 5141 463 5195 fratrem
476 5150 504 5194 et
525 5141 716 5210 coepiscopum
743 5153 866 5195 nostrum

74 5210 261 5266 Paschaslum
276 5211 314 5265 ita
330 5211 450 5266 desident
465 5209 700 5280 negligentemque
713 5211 740 5265 itt
762 5212 868 5266 cunctis

74 5280 215 5340 existere,
228 5288 257 5333 ut
269 5280 295 5335 itt
310 5281 395 5346 nullo,
409 5280 482 5350 quod
497 5281 642 5350 episcopus
671 5290 723 5342 est,
736 5295 868 5351 agnosca·

74 5361 126 5405 tur
139 5367 146 5402 :
163 5349 232 5402 adeo
244 5357 274 5402 ιιι
287 5366 336 5405 nee
347 5350 467 5406 Ecclesia
483 5350 579 5419 ipsius,
592 5367 678 5420 neque
692 5351 870 5417 monasteria,

74 5420 139 5476 site
151 5419 209 5484 iiiii,
223 5420 263 5473 rel
275 5420 397 5488 oppressi
407 5423 536 5502 eiuserga
546 5436 575 5476 se
585 5420 738 5475 dilectionis
750 5421 869 5474 studium

74 5490 221 5555 sentiant;
235 5505 285 5544 nee
300 5492 417 5570 aliquam
430 5491 647 5561 sttpplteantibtts
658 5492 720 5557 sibi,
734 5491 871 5562 inquibus

73 5561 185 5616 iustum
201 5567 253 5622 est,
267 5575 344 5630 opem
356 5560 525 5616 defensionis
538 5562 736 5616 accommodet.
753 5560 785 5616 Et
797 5562 869 5631 quod

80 5628 174 5685 tdbue
191 5629 245 5687 diei
259 5631 369 5701 prorius
381 5639 433 5691 est.
450 5631 564 5685 consilia
578 5632 753 5701 prudentium
771 5640 796 5685 et
824 5628 868 5685 re'·

75 5711 123 5755 eta
141 5701 314 5757 suadentium
342 5702 415 5756 nulla
439 5701 558 5771 patiatur
588 5703 691 5758 ratione
716 5702 868 5772 suscipere;

921 4526 1026 4580 dietant
1051 4524 1199 4594 :quamsi
1224 4533 1270 4579 tua
1294 4523 1451 4580 iratemitas
1470 4526 1498 4580 in
1519 4541 1569 4581 sua
1594 4525 1708 4582 ecelesia

921 4616 1008 4686 possit
1022 4614 1133 4681 habete,
1149 4616 1227 4670 vaide
1251 4632 1312 4671 sum
1333 4618 1443 4673 dubius.
1464 4615 1496 4671 Et
1517 4616 1578 4670 ideo
1603 4616 1710 4669 ridetur

921 4708 999 4774 milti,
1016 4718 1045 4764 ut
1064 4709 1188 4765 ordinata
1205 4709 1260 4764 iilic
1284 4711 1409 4774 ecelesia,
1433 4709 1473 4763 vei
1495 4709 1542 4779 qui
1562 4709 1708 4764 missarum

921 4801 1054 4860 solemnia
1077 4799 1187 4869 capiere
1209 4802 1307 4863 valcat,
1324 4801 1365 4856 tel
1389 4801 1436 4871 qui
1460 4800 1590 4869 episcopii
1614 4815 1708 4854 curam

922 4908 1027 4965 gerere,
1051 4893 1263 4962 hospitalitatem
1284 4900 1311 4946 et
1332 4893 1531 4962 susceptionem
1550 4891 1639 4961 possit
1662 4905 1710 4945 ex·

922 5074 967 5130 seti
981 5072 1073 5136 rebus,
1084 5086 1146 5141 qna
1160 5071 1193 5124 at
1207 5071 1328 5139 pastoris
1353 5086 1447 5126 cttram
1477 5072 1625 5140 pertinent,
1640 5083 1710 5136 praee

922 5142 1069 5206 termissis‚
1086 5133 1120 5195 ati
1135 5141 1320 5195 fabricandam
1337 5142 1426 5196 navim
1443 5147 1549 5206 lutose
1561 5139 1651 5194 studio
1668 5138 1709 5190 in-

922 5212 1025 5268 utiliter
1039 5224 1162 5284 occupet.
1171 5209 1258 5275 Unde,
1267 5213 1338 5268 sient
1349 5210 1445 5277 fertur,
1458 5210 1571 5275 contiait
1581 5207 1710 5288 qualrin-

922 5293 1087 5352 getttusmtt
1108 5297 1142 5336 eo
1163 5281 1292 5349 amplius,
1317 5283 1392 5335 iilum
1412 5282 1469 5349 jam
1491 5278 1593 5336 solidos
1619 5276 1709 5357 pertit—
1775 5319 1777 5326 ι

921 5349 1004 5407 disse.
1021 5371 1030 5404 t
1050 5351 1153 5422 etpost
1168 5353 1276 5420 aliqua:
1296 5351 1345 5404 ‹Si
1360 5367 1435 5414 vero,
1449 5351 1522 5419 qnod
1546 5363 1600 5402 uon
1619 5346 1708 5402 credr-

922 5438 995 5486 mtts,
1023 5432 1086 5492 post
1112 5422 1330 5475 aditortationem
1355 5430 1476 5476 nostram
1512 5418 1593 5474 solito
1618 5416 1708 5471 adime

921 5507 998 5547 more
1013 5493 1151 5563 negligens
1165 5507 1225 5546 esse
1242 5491 1394 5553 tentaverit,
1411 5491 1444 5544 ad
1470 5505 1522 5546 nos
1547 5498 1590 5544 cst
1617 5485 1707 5541 modis

922 5563 1051 5617 omnibus
1088 5561 1330 5624 transmittendus,
1353 5570 1381 5616 ut
1403 5561 1446 5614 bie
1469 5560 1575 5630 positus
1602 5559 1708 5613 discere

922 5634 1008 5702 possit
1036 5631 1100 5702 quid
1132 5633 1173 5685 tei
1196 5631 1311 5702 qualiter
1333 5629 1482 5686 secundum
1507 5629 1552 5684 ilei
1579 5630 1705 5684 timorem

922 5717 1001 5772 agere
1015 5703 1158 5757 contestat
1169 5701 1347 5756 sacerdotem.
1363 5721 1371 5752 t
