3892 6067
189 213 244 268 ssi
657 204 809 265 obductu
827 206 1021 266 PRAEPOSI'II
1039 206 1313 267 emodenorum.
1766 210 1829 268 888

186 319 217 379 iti
239 331 284 381 est
307 324 336 379 in
357 334 489 380 atomum
522 337 731 393 permansuram
762 335 824 393 post
846 324 978 381 saeculum
993 333 1017 390 Α
1030 324 1364 382 niscendibenellciorum
1380 321 1439 391 oei,
1454 336 1516 393 quae
1539 323 1643 395 accepit
1656 322 1691 378 ab
1704 336 1749 390 eo,
1770 328 1826 393 qui

186 415 378 472 transitorium
393 426 419 471 et
434 415 557 486 usquein
571 413 698 468 secatam
719 429 860 486 nonquam
878 418 980 472 transi·
1030 436 1086 477 non
1100 419 1203 477 descrit
1216 425 1359 490 sperantes
1381 416 1409 472 in
1432 429 1472 485 se,
1486 415 1513 471 in
1528 416 1609 486 eujus
1629 414 1830 471 reeordstione

185 517 290 564 turum.
1030 512 1145 569 materia
1169 525 1268 582 magna
1290 505 1528 573 subest‘ridendi,
1544 507 1660 562 saltandi
1682 514 1711 562 et
1733 505 1829 561 eonti-

222 597 293 653 Ecce
317 612 366 668 per
387 596 433 654 bis
454 608 566 669 septena
595 599 700 653 cantico
723 599 855 670 pruinam
879 600 979 671 septies
1029 604 1126 660 denter
1136 596 1278 673 loquendi.
1292 598 1362 655 Cum
1378 606 1469 656 artem
1483 612 1498 653 e
1513 597 1657 654 contrario
1667 596 1828 668 versipellis

186 685 261 753 ltine,
277 685 305 740 id
322 694 366 742 est
379 701 398 742 a
411 686 524 756 timore,
537 698 566 744 et
577 688 678 759 septies
699 688 772 753 inde,
786 688 812 744 id
833 699 876 745 est
889 705 904 745 a
918 689 978 745 ior·
1029 696 1080 753 illc
1096 694 1225 766 deceptor
1251 691 1437 749 extollentiam
1460 690 1495 746 de
1517 689 1665 746 virtutibus
1687 697 1826 760 tanquam

184 775 302 832 titudine
325 778 415 834 victus
436 786 479 835 est
493 778 591 845 bostis,
613 780 661 850 qni
674 794 723 850 per
739 779 861 851 singulos
876 779 979 851 gradus
1028 788 1143 845 emerito
1166 784 1247 842 militi
1271 783 1404 858 suggerit,
1428 791 1495 839 tunc
1517 789 1627 854 tempus
1658 791 1701 838 εει
1723 778 1824 844 uendi,

98 884 119 907 ⁸-
137 870 370 959 &insidiabatur
393 872 562 928 ascendenti.
582 871 635 929 Sed
654 873 721 944 quid
736 872 845 929 tandem
861 872 914 930 sibi
929 888 979 927 to·
1025 879 1186 954 plangendi,
1200 889 1228 936 ct
1239 876 1424 947 tacendi,ltoe
1438 885 1492 945 est,
1507 875 1647 935 humiliter
1658 874 1821 946 quiescendi

186 965 244 1018 lunt
261 963 321 1019 istae
339 964 543 1032 alternationes,
560 964 650 1036 primo
669 963 839 1020 lentitudinis
852 972 879 1019 et
894 963 974 1020 tirno·
1027 980 1053 1031 et
1067 970 1245 1043 recogitandi,
1265 968 1337 1041 qued
1348 969 1384 1024 sit
1398 967 1487 1039 pultis
1498 975 1525 1024 et
1537 967 1617 1034 cinis,
1629 968 1676 1038 qui
1687 975 1824 1038 tanquam

186 1055 236 1123 ils,
252 1055 352 1111 deiude
368 1056 476 1112 timoris
490 1066 518 1112 et
538 1055 729 1112 tortitudinis?
739 1054 874 1111 Nimirum
898 1050 978 1122 Illud,
1028 1079 1130 1136 parvus
1142 1062 1257 1120 catellus
1271 1060 1306 1117 de
1319 1061 1447 1133 opulenta
1462 1075 1557 1116 mensa
1570 1059 1680 1116 nomint
1693 1061 1740 1116 511
1755 1077 1825 1133 W.

184 1148 257 1217 quod
275 1162 330 1203 non
356 1148 461 1203 nescire
484 1148 564 1204 debet
583 1147 666 1204 bomo
681 1146 741 1215 net,
763 1147 828 1219 quia
850 1147 923 1203 sieut
938 1145 978 1204 ait
1026 1170 1076 1211 ms
1096 1153 1248 1209 clementie
1269 1152 1357 1207 micas
1372 1151 1518 1222 acceperit,
1532 1151 1667 1223 longeque
1688 1151 1725 1207 sit
1745 1151 1822 1208 inle-

185 1237 391 1295 lleclesiastes:
412 1237 536 1294 «Omnia
554 1247 675 1309 tempora
691 1247 799 1309 tempus
814 1236 927 1304 liabent,
949 1244 979 1293 et
1027 1243 1085 1298 tier
1097 1242 1204 1298 dilectis
1219 1241 1293 1309 liliis,
1305 1239 1339 1296 ad
1355 1254 1427 1312 qnos
1447 1248 1579 1310 tanquam
1596 1241 1630 1296 ad
1654 1241 1723 1297 altos
1737 1254 1822 1297 mon·

183 1331 242 1388 suis
261 1331 358 1402 spatiis
381 1340 523 1388 transeunt
542 1333 669 1388 universa
695 1332 746 1387 sub
760 1331 840 1387 eoelo.
857 1327 978 1402 'l'empus
1027 1341 1069 1388 tes
1091 1331 1220 1388 attollens
1237 1330 1334 1388 oeulos
1356 1330 1516 1398 humiliatos
1529 1330 1620 1387 dicere
1640 1340 1730 1402 potest
1743 1347 1751 1384 z
1763 1330 1822 1386 [ι-

183 1421 267 1478 flendi
284 1432 311 1479 ει
326 1433 434 1494 tempus
448 1425 566 1492 rideudI,
583 1433 691 1494 tempus
706 1418 851 1495 platt'gendi
865 1432 893 1479 et
904 1431 977 1479 tem·
1026 1423 1086 1478 anni
1104 1421 1194 1477 oculos
1216 1438 1286 1478 nteos
1308 1423 1337 1476 in
1358 1429 1470 1491 montes,
1489 1422 1558 1477 unde
1577 1422 1661 1477 settim
1683 1422 1820 1477 useiit'ttnr

183 1510 236 1584 pus
259 1514 388 1582 saltandi,
412 1524 520 1586 ternpus
535 1514 640 1569 tacendi
663 1523 691 1570 ct
715 1522 823 1586 tempus
847 1513 976 1585 loquendi
1027 1510 1165 1568 nibisis
1187 1525 1237 1582 per
1260 1509 1304 1568 bis
1327 1520 1438 1583 septena
1462 1511 1569 1567 cantica
1591 1510 1724 1584 graduum
1743 1526 1823 1567 none

184 1602 344 1671 ebreleno,
362 1606 375 1660 l
393 1614 422 1661 ει
435 1607 537 1678 sequ).
555 1605 734 1662 »Secundum
756 1605 808 1662 bas
821 1615 975 1676 temporum
1027 1618 1075 1675 per
1091 1603 1225 1659 timoratae
1237 1603 1401 1659 humilitatis
1414 1604 1557 1671 uirtutem,
1580 1617 1654 1658 nune
1674 1603 1825 1673 peritretoe

184 1695 390 1753 vicissitudines
404 1705 514 1768 tempus
529 1705 572 1754 εει
582 1697 699 1755 tirilitcr
711 1697 809 1769 agendi
824 1705 851 1752 ει
868 1704 977 1767 tempus
993 1686 1201 1754 lle-undennis
1212 1711 1245 1753 ae
1260 1695 1431 1753 tortitudInis
1445 1697 1627 1753 constantiam
1641 1693 1749 1751 devicto
1765 1694 1820 1750 ad·

185 1788 354 1858 quiescendi.
373 1787 495 1860 Denique
516 1805 577 1846 cnm
593 1790 713 1862 suggerit
728 1788 815 1845 bostis
831 1788 976 1845 invisibilis
1030 1788 1153 1847 versario
1172 1790 1297 1861 sequitur
1309 1790 1437 1861 quintum
1452 1788 1590 1845 decimum
1604 1787 1741 1844 causticam
1753 1800 1822 1859 gra·

186 1896 267 1937 serto
277 1880 326 1937 liei
340 1882 457 1938 nimium
471 1882 572 1939 haltere
585 1885 743 1954 despectum
760 1882 813 1948 sni,
828 1890 893 1938 tunc
906 1890 974 1938 tem·
1028 1883 1125 1948 duum,
1146 1881 1173 1936 in
1185 1897 1241 1953 quo
1254 1882 1343 1938 vietor
1356 1897 1453 1939 sertus
1470 1880 1579 1937 llomini
1602 1878 1739 1936 adunatus
1755 1877 1824 1934 aliis

186 1987 238 2041 pus
261 1981 304 2028 εει
327 1972 434 2029 fortiter
457 1982 538 2045 atque
553 1982 710 2031 constanter
735 1972 832 2044 agendi
850 1981 877 2027 et
892 1972 976 2027 remi·
1027 1975 1114 2030 sertis
1126 1973 1233 2031 bomini
1250 1975 1294 2030 sui
1307 1978 1343 2030 ita
1358 1974 1444 2031 dicit:

737 2306 1003 2399 ustinus
1040 2306 1315 2397 CXXXIII.

222 2675 304 2733 iens.
322 2677 350 2732 t.
380 2674 447 2730 Ecce
468 2692 538 2730 tastis
563 2675 708 2729 sentencie
736 2673 858 2740 Detumo,
888 2679 1012 2737 stttnssc
1029 2671 1203 2731 sublevandis
1217 2672 1408 2744 maximorum
1423 2670 1638 2729 necessitatibus
1651 2672 1695 2728 tel
1709 2676 1823 2744 propul-

186 2767 255 2821 semi
271 2764 391 2831 Domini,
408 2772 461 2820 etc.
477 2763 517 2820 Ae
534 2763 667 2820 sidicat:
685 2762 750 2830 Vos,
763 2764 910 2835 quietatis,
928 2762 976 2833 qni
1030 2764 1126 2822 sandls
1152 2763 1376 2831 adversitatibus,
1391 2777 1453 2834 quae
1471 2763 1661 2821 assimilantur
1680 2762 1822 2833 mnibus,

186 2875 242 2915 non
254 2857 354 2928 iacotis
364 2858 393 2912 in
407 2856 525 2923 desidia,
539 2855 586 2912 sed
601 2857 680 2911 statis
696 2856 724 2911 in
737 2869 835 2926 magna
846 2863 978 2912 constan·
1029 2865 1060 2912 ut
1076 2855 1247 2928 prosperitas
1256 2855 1322 2912 diei.
1335 2854 1388 2911 Sed
1402 2855 1468 2925 qula
1480 2857 1548 2926 Ipsae
1557 2855 1753 2913 amentatum
1766 2869 1823 2912 no·

185 2953 223 3008 tia
236 2953 344 3009 deuicto
356 2951 525 3016 adversario,
541 2964 614 3005 nuuc
625 2948 881 3021 absquedilatIone
892 2962 976 3019 uuam
1030 2957 1088 3004 etet
1102 2946 1240 3003 interdum
1255 2954 1321 3004 sont
1332 2945 1416 3002 nimis
1429 2947 1582 3017 tenebrosae
1593 2955 1677 3018 atque
1690 2947 1824 3005 benten

184 3049 232 3104 diu
247 3048 350 3106 dicitur
380 3046 460 3102 Nune
481 3045 625 3101 benedicite
651 3042 795 3101 &notum
815 3037 978 3096 ascribendo
1029 3039 1135 3096 tinibus
1155 3037 1381 3097 intolerabileset
1394 3038 1594 3111 insuperabiles
1612 3047 1725 3110 propter
1742 3047 1823 3095 tene·

184 3140 235 3205 iili,
248 3156 303 3197 non
318 3140 408 3206 robis,
419 3138 492 3210 quod
503 3145 545 3194 tot
558 3136 688 3210 gradibus
697 3134 820 3190 ascensis
833 3147 907 3188 nune
920 3140 978 3184 stn-
1029 3133 1128 3190 brosos
1141 3139 1332 3204 tempestatum
1341 3131 1475 3200 turbines,
1482 3146 1544 3199 tos,
1554 3132 1602 3203 rai
1610 3131 1689 3187 statis
1701 3131 1729 3186 in
1740 3130 1823 3186 striis

186 3234 221 3287 tis
234 3234 263 3286 in
275 3232 353 3285 dome
377 3229 485 3284 Domini
507 3227 718 3298 contemplando
743 3225 873 3280 interiora
894 3239 977 3280 orna·
1029 3224 1188 3283 donesdei
1202 3225 1288 3279 nostri
1304 3223 1447 3295 cupientes
1460 3224 1543 3280 etiam
1558 3224 1594 3281 ad
1614 3238 1673 3291 eos,
1686 3223 1734 3295 qui
1752 3220 1825 3280 toris

187 3332 280 3380 menta
297 3322 385 3393 Ipsius
403 3320 514 3386 domus,
538 3335 599 3390 quar
617 3327 660 3373 cst
673 3331 774 3387 eorpus
787 3314 906 3382 Domini,
920 3316 978 3370 sive
1030 3323 1106 3382 sunt,
1123 3308 1286 3373 clta'ritatem
1301 3323 1422 3372 vestram
1435 3314 1554 3383 dilatari,

187 3413 261 3484 quod
274 3429 308 3469 ex
322 3412 428 3483 virgine
453 3410 612 3480 assumpsit,
627 3409 684 3464 site
697 3416 753 3464 tota
767 3406 887 3463 Ecclesia
899 3409 977 3462 carni
1067 3405 1149 3463 ient.
1163 3406 1192 3462 2.
1214 3405 1345 3462 Extollite
1362 3422 1458 3461 nessus
1474 3416 1574 3462 uestros
1590 3406 1620 3460 itt
1639 3405 1744 3462 Sancte
1756 3421 1826 3462 san·

187 3505 249 3574 ejus
277 3503 462 3573 incorporata.
484 3499 572 3557 ilabct
584 3500 684 3571 quippe
710 3500 809 3555 dorsus
826 3498 878 3555 ista
891 3501 979 3556 multa
1030 3509 1148 3568 storum,
1163 3513 1220 3570 qno
1237 3512 1288 3555 ros
1301 3497 1423 3555 nondum
1435 3499 1583 3565 introistis,
1592 3506 1620 3553 et
1630 3497 1658 3553 in
1676 3512 1739 3568 qnae
1751 3511 1824 3568 pors-

189 3596 337 3650 inttinsera
363 3601 537 3659 scitamenta,
561 3608 623 3663 qua
635 3592 769 3647 delectare
789 3601 906 3662 possunt
920 3593 979 3648 ari·
1030 3592 1130 3648 tilleent
1147 3606 1286 3647 summum
1302 3592 1380 3649 scitis
1392 3592 1531 3648 introisse.
1548 3590 1582 3645 ln
1593 3591 1652 3647 bne
1666 3599 1759 3647 tsnsta
1773 3606 1825 3646 sst-

188 3690 254 3744 dom
265 3695 462 3758 spectatorem,
473 3684 600 3740 ridelioet
608 3684 801 3741 candelabrum
818 3694 922 3757 septem
932 3685 979 3741 lu-
1031 3684 1115 3738 toilite
1127 3682 1231 3755 lioysis
1243 3685 1368 3756 exemplo
1378 3699 1474 3739 monus
1485 3683 1727 3754 centimetrum
1737 3698 1825 3739 oram

188 3790 346 3841 sennarum,
361 3774 446 3832 altare
456 3774 655 3846 thymiamatis,
668 3788 792 3829 mensam
812 3774 978 3845 propositio·
1029 3775 1065 3831 do
1090 3790 1173 3846 quant
1197 3775 1346 3846 praeliando
1375 3775 1494 3833 uincatis
1515 3784 1666 3833 nocturnas
1695 3784 1824 3832 mtertas

189 3870 242 3937 stis,
274 3868 383 3938 aliaque
406 3867 491 3923 molta
508 3868 542 3924 do
557 3882 626 3923 auro
654 3865 803 3938 purissimo
828 3866 977 3924 fabrefacta
1030 3866 1154 3933 niualem
1178 3867 1254 3937 quod
1278 3867 1473 3938 interpretatur
1494 3866 1596 3938 iinpens
1624 3866 1748 3939 possm,
1763 3880 1826 3937 quo

188 3975 251 4015 cum
266 3957 405 4015 eaelaturis
419 3959 505 4014 trariis
525 3966 552 4013 et
574 3957 724 4029 sculpturis
747 3958 977 4027 prominentibus,
1031 3957 1142 4013 nomine
1157 3955 1349 4028 significantur
1360 3956 1399 4013 illi
1413 3972 1508 4026 eanm,
1529 3958 1577 4029 qui
1591 3952 1731 4014 linteiunt
1752 3972 1823 4013 san·

188 4055 222 4108 dc
232 4052 333 4124 quibus
347 4049 475 4105 omnibus
489 4064 544 4105 non
556 4058 599 4105 est
609 4048 845 4105 mododioendum
858 4064 907 4120 per
920 4050 979 4106 sitt-
994 4035 1016 4090 ὓ
1031 4049 1141 4119 pnlsent
1156 4048 1207 4103 riri
1229 4046 1338 4106 lisbotb
1358 4051 1386 4106 in
1409 4065 1476 4123 agro
1491 4046 1626 4118 Ieasabel,
1643 4050 1717 4121 quod
1733 4049 1823 4105 inter·

187 4145 261 4216 gula,
284 4157 348 4198 curn
365 4142 422 4197 sint
442 4142 510 4197 alias
535 4155 551 4195 a
572 4140 676 4197 sanctis
693 4139 820 4196 Patribus
838 4140 978 4197 luculento
1028 4150 1151 4210 pretatur
1170 4150 1200 4197 et
1216 4142 1352 4213 signifieat
1365 4141 1505 4199 Christum
1519 4158 1606 4197 metes
1634 4140 1684 4197 Dei
1703 4150 1823 4197 aeterna·

188 4249 317 4291 sermone
332 4234 436 4303 digesta
460 4232 703 4303 interpretantibus
719 4231 784 4300 illis,
801 4248 894 4289 arcam
911 4248 978 4290 san·
1028 4233 1090 4289 liter
1104 4243 1197 4290 natum
1211 4242 1239 4289 et
1250 4249 1343 4290 senten
1367 4234 1484 4293 Abrabae
1502 4234 1689 4306 temperaliter
1702 4233 1824 4301 lactum,

187 4324 373 4390 ctillcatIonis,
383 4324 416 4379 de
426 4339 480 4395 qua
494 4338 577 4392 supra
595 4331 818 4389 estaetum,non
832 4322 978 4379 aliudesse
1029 4324 1204 4395 cuiusludtei
1227 4325 1368 4382 linxerunt
1381 4327 1543 4399 sangninem
1558 4327 1676 4383 diceudo
1696 4345 1703 4381 :
1723 4343 1733 4378 t
1749 4324 1822 4381 San·

187 4436 270 4491 quam
286 4428 488 4476 sacramentnm
512 4418 662 4472 bominica
684 4416 891 4483 incarnationis,
915 4429 978 4486 pro·
1029 4416 1091 4487 puls
1106 4417 1168 4486 ejus
1178 4431 1261 4485 super
1282 4431 1334 4472 nos
1347 4427 1374 4474 ει
1390 4433 1474 4489 super
1493 4418 1566 4474 lilios
1585 4415 1822 4489 ttostrosffletti.

187 4512 357 4583 pitiatorium
383 4525 448 4564 vcro
470 4515 675 4563 sacramentnm
696 4505 846 4560 bominims
868 4504 977 4573 passio·
1030 4522 1116 4572 tritt,
1130 4506 1190 4578 25).
1208 4507 1410 4565 ›Assoeiantur
1438 4525 1505 4566 tero
1518 4509 1691 4576 illisomnes,
1704 4508 1822 4580 quinon

188 4603 232 4658 uls
252 4622 258 4657 ι
275 4600 470 4658 candelabrum
494 4598 644 4653 Dominime
658 4596 869 4652 resurrectionis
880 4596 921 4650 rel
933 4611 979 4650 as·
1030 4597 1111 4668 digne
1137 4596 1256 4652 bibendo
1280 4598 1406 4653 cumdem
1434 4598 1596 4671 sangninem
1614 4597 1738 4654 reillunt
1755 4612 1822 4652 eor·

188 4696 329 4750 censionis
340 4694 500 4764 mysterium
521 4691 648 4746 lucernas
663 4689 723 4760 ejus
736 4696 838 4757 septem
851 4687 979 4757 septilor-
1030 4689 1106 4760 poris
1119 4697 1146 4744 ει
1162 4689 1304 4760 sanguinis
1327 4688 1447 4758 Domitii,
1462 4691 1563 4762 quibus
1587 4691 1615 4744 ist
1631 4691 1709 4745 atriis
1725 4690 1824 4743 domes

187 4787 241 4841 mle
265 4787 360 4855 gratim
384 4785 516 4854 Spiritum
542 4782 721 4853 patacletum,
738 4796 793 4851 quo
808 4779 979 4834 illuminatur
1030 4783 1080 4837 liei
1102 4784 1186 4837 nostri
1201 4783 1387 4854 multiplicatis
1404 4784 1556 4854 ctimpuns
1576 4782 1822 4854 praevaricantibus

188 4878 248 4946 ipsa
262 4877 362 4931 domus
385 4875 550 4931 intrinsecus
565 4875 592 4930 in
612 4873 805 4945 splendoribus
819 4880 978 4926 sanctorum
1030 4876 1109 4941 liunt,
1124 4875 1204 4946 quasi
1214 4874 1325 4932 Christo
1339 4876 1472 4932 moriente
1484 4889 1568 4947 super
1591 4875 1750 4931 universam
1764 4880 1823 4929 ter·

188 4968 217 5022 in
234 4969 294 5038 ipsa
310 4966 748 5038 domostantinm,quibtrsttttne
763 4964 882 5020 dicImus
898 4979 906 5015 z
922 4960 979 5017 Vos
1031 4982 1088 5022 rant
1109 4968 1229 5024 ancora
1257 4982 1290 5023 ae
1317 4981 1423 5033 noescs,
1437 4965 1581 5037 inquibus
1609 4965 1730 5022 nostibus
1756 4979 1821 5029 rus,

187 5059 235 5131 etti
251 5059 329 5112 atatis
344 5058 371 5110 in
389 5056 466 5110 domo
478 5056 596 5124 Domini,
612 5058 755 5113 benedicite
768 5056 911 5112 Dominam
920 5057 979 5127 glo·
1030 5059 1076 5129 qui
1090 5060 1169 5114 statis
1182 5059 1300 5113 indotata
1309 5058 1416 5113 bomiri
1428 5066 1453 5113 st
1468 5058 1497 5112 in
1511 5058 1590 5113 auiis
1602 5057 1699 5112 domes
1708 5055 1758 5113 bei
1771 5070 1822 5111 tto·

187 5152 330 5207 rillcantes
353 5149 439 5221 ipsius
453 5150 579 5222 gratiam,
593 5165 641 5220 por
652 5165 735 5220 quarn
749 5156 777 5204 et
787 5149 814 5204 ‘tn
829 5164 882 5220 qua
898 5150 979 5205 statis
1030 5151 1092 5215 stri,
1102 5149 1221 5205 extollite
1234 5165 1329 5204 masas
1342 5157 1442 5205 testrtn
1454 5152 1483 5203 itt
1496 5157 1590 5204 sonmo
1607 5147 1721 5212 orando,
1733 5147 1822 5204 saeri-

189 5243 300 5298 nostrin
317 5243 406 5309 donno,
421 5242 508 5313 ipsius
519 5256 568 5315 per
585 5241 842 5311 contemplationem
855 5242 979 5296 vacando
1031 5242 1139 5298 tirando
1159 5250 1187 5296 et
1200 5242 1270 5296 bene
1284 5240 1426 5312 operando
1437 5254 1493 5296 nen
1514 5253 1566 5310 pro
1581 5237 1822 5312 mauretanias

188 5335 372 5408 ejustisioni,
384 5334 536 5391 secundnm
551 5334 625 5404 cuod
638 5333 886 5390 aliasdIetuntest:
902 5351 911 5383 t
930 5332 980 5387 i'a·
1032 5333 1133 5390 terreni
1154 5332 1343 5399 emolumenti,
1362 5332 1410 5387 sed
1429 5346 1481 5402 pro
1502 5329 1593 5387 fructu
1609 5328 1729 5387 emlestis
1747 5343 1821 5400 prte-

190 5438 251 5485 eate
266 5438 294 5484 et
306 5428 406 5494 ridete,
422 5428 553 5500 quioniam
577 5427 669 5483 suauis
680 5427 721 5481 εει
736 5424 869 5481 buminus
890 5424 978 5495 (Prot.
1033 5425 1092 5493 mii,
1108 5423 1185 5496 quod
1197 5421 1322 5480 estinter
1336 5430 1432 5479 saneta
1447 5429 1617 5488 sanctorum,
1631 5434 1687 5492 qno
1697 5418 1822 5476 introivit

190 5534 253 5581 sur,
270 5520 358 5585 ιιι.»
1032 5532 1186 5589 precursor
1200 5526 1293 5574 noster
1305 5506 1821 5587 cbristus,tdquentsuntexsottenta

227 5608 304 5661 linae
318 5612 344 5663 in
357 5616 434 5666 striis
446 5614 540 5667 dotnns
553 5613 675 5682 ejusdem
696 5612 763 5667 ioris
788 5610 937 5666 laborando
952 5612 980 5666 in
1034 5625 1134 5667 manus
1151 5618 1253 5667 nostrae
1266 5610 1295 5666 in
1318 5610 1415 5679 situm,
1431 5624 1467 5665 ne
1477 5609 1519 5665 rel
1534 5607 1638 5664 orando
1654 5607 1697 5662 tel
1714 5603 1819 5663 sacrifl-
