3892 6067
111 174 173 231 613
367 168 536 227 cobutttir
568 168 602 225 rh
619 161 788 224 rsatttos
804 191 840 202 -
857 158 948 215 PARS
963 158 1011 227 lx,
1030 155 1074 210 EX
1094 152 1256 212 lruhoutb..
1276 183 1310 193 -
1328 151 1427 209 esst.
1444 149 1513 210 cti.
1693 150 1747 207 dil

110 285 211 344 aaut
225 300 287 355 aar,
297 281 334 339 Et
356 287 452 341 statuit
474 280 618 356 procellam
641 282 699 353 ejas
713 277 798 336 maris
818 278 846 331 in
859 292 909 331 aa·
922 278 946 336 Α
961 289 1035 338 rum,
1047 272 1081 328 de
1093 270 1195 341 quibus
1208 263 1551 325 lluebantdoetrinaealiia.
1563 261 1748 322 Haedumina

111 397 188 448 ram,
208 378 236 434 id
250 387 294 436 est
307 377 336 432 in
348 377 536 446 serenitatem,
549 386 575 432 et
585 375 717 431 siluerant
730 374 828 443 iactas
840 370 907 441 cias,
959 362 1093 416 Dominus
1115 361 1143 414 5¹1
1163 364 1295 413 desertans
1320 360 1419 429 l⁰⁸¹¹ilv
1435 357 1499 429 quia
1523 372 1572 414 ⁰⁰⁸
1595 355 1747 420 desilivit

110 468 287 538 maris,quia
300 467 372 523 laeta
388 477 441 536 est,
458 467 643 538 tranquillitas
653 479 761 536 magna.
778 461 811 516 Et
823 460 909 517 laetati
959 454 1056 523 gratia,
1065 460 1092 507 et
1103 450 1263 508 siccosieeit
1277 452 1394 506 abomui
1408 452 1543 508 doctrina.
1552 450 1649 505 Exitus
1661 465 1747 519 nqua-

110 569 192 628 sant,
207 559 255 630 qui
271 568 350 614 erant
362 558 390 612 in
406 559 479 624 navi,
494 559 557 629 quia
569 556 699 612 siluerunt
714 555 811 609 liuotrrs
826 551 909 606 maris
960 560 1019 597 tuat
1040 542 1150 598 luerunt
1165 545 1313 612 prophete,
1330 543 1479 613 dequibus
1506 542 1631 598 exierunt
1655 541 1749 594 inultas

112 653 262 721 dicentes:
278 669 287 702 e
304 649 452 718 Qualigest
465 650 519 717 hic,
535 650 598 720 quiq
616 662 703 715 marg,
715 654 743 701 θι
757 643 829 700 venti
842 642 908 697 obq-
960 630 1103 696 docirillae,
1119 639 1146 686 ei
1163 631 1249 685 mulli!
1264 630 1376 699 scripta.
1391 629 1446 687 HOS
1461 631 1552 700 posuit
1569 631 1596 684 iu
1616 630 1700 695 sitim,
1720 627 1747 683 id

111 747 198 801 diunt
210 743 273 798 eiir
289 741 467 810 (llattlr.vru,
478 739 537 811 bi.)
549 739 747 794 Etdeclreaitear
759 734 910 790 incolumes
959 730 1001 775 0⁸²
1021 720 1049 774 5¹¹
1071 720 1232 788 Siccllilfflb
1255 721 1327 790 q¹¹⁰d
1352 720 1423 775 iridi
1447 728 1475 774 tl
1497 721 1562 774 Sicci
1587 719 1650 778 iacti
1671 726 1745 774 sunl·

111 837 145 889 in
160 844 267 905 portam
280 832 423 900 calaptatis
436 847 538 897 eoram,
553 830 580 884 id
593 836 636 885 est
646 842 701 897 quo
714 820 910 881 volabautiioc
959 808 1027 867 Nam
1058 811 1105 867 ubi
1136 828 1209 868 nunc
1234 812 1386 882 propheta?
1413 810 1465 866 Ubi
1492 811 1651 883 legislator?
1677 809 1749 866 Nus·

112 928 258 999 significat
275 925 349 995 quud
373 922 492 993 apostoli
507 921 708 978 descenderunt
720 917 748 971 in
767 929 844 970 mare
859 927 911 968 sae-
961 917 1056 973 quam.

112 1019 176 1076 culi
197 1018 225 1072 in
245 1017 372 1081 naribus,
389 1013 515 1069 idcstin
537 1011 755 1090 Ecclesiis,quae
769 1004 910 1059 Christum
996 1033 1105 1089 Amet:
1117 1034 1214 1088 pom,
1232 1033 1384 1103 fluminum
1399 1032 1531 1086 damam
1559 1028 1751 1102 mmmm,

112 1115 243 1180 P0r¹³¹¹¹2
259 1115 286 1162 ⁰¹
310 1104 469 1176 ”lumini
489 1102 584 1156 mundi
609 1097 760 1199 tunduntur
783 1091 909 1196 'Wadi'
961 1133 1068 1181 catores
1079 1127 1106 1180 in
1124 1126 1302 1196 gentilitatem
1318 1126 1455 1196 quondam
1471 1141 1485 1179 a
1503 1073 1588 1192 grisea
1601 1124 1737 1182 desertam

112 1202 186 1292 dicu
206 1200 343 1299 [alfelmi
359 1195 537 1293 operatiorem
561 1193 589 1291 'l‘
610 1206 685 1289 afim
703 1185 805 1252 '’mm‘’
829 1185 856 1239 “¹
870 1192 911 1240 ⁰⁸²
962 1213 997 1267 Et
1011 1216 1097 1269 caitus
1120 1233 1250 1286 aquaram
1274 1216 1301 1269 in
1321 1217 1405 1281 sitim,
1418 1215 1444 1269 id
1457 1223 1500 1270 est
1513 1215 1601 1270 loulcs
1615 1161 1750 1284 aquarum

112 1291 210 1393 millii
235 1303 317 1388 5111ῑῆ
337 1303 366 1340 ¹¹¹
388 1284 506 1385 imbuis·
522 1279 580 1383 blm
603 1277 727 1381 ,mmm
754 1290 834 1344 (ΨΜ
848 1270 912 1373 ,ω’
961 1307 989 1362 iu
1003 1307 1172 1362 sitibundam
1185 1317 1285 1362 terram
1308 1307 1411 1375 posuit.
1427 1305 1551 1375 Apostoli
1567 1314 1631 1359 sunt
1648 1303 1740 1361 lantes

112 1398 187 1481 mem
203 1395 231 1480 ¹¹]
246 1379 385 1450 benum&
396 1384 421 1429 θ’
433 1370 569 1472 ''m'’'stf‘
584 1385 640 1470 ‘lu‘
653 1384 681 1422 Μ
701 1363 832 1437 '’mim‘'
848 1361 910 1416 'nn'
962 1399 1089 1469 diseipuli
1101 1413 1198 1453 eorum
1212 1398 1337 1463 llumina,
1352 1407 1382 1452 ut
1396 1396 1486 1460 Titus,
1498 1395 1660 1451 Timotheus
1687 1345 1753 1452 Dio:

113 1472 254 1534 delusus,
270 1467 381 1537 quando
403 1480 451 1535 per
472 1462 694 1534 pradicationem
709 1469 804 1510 eorum
818 1455 912 1508 lumen
963 1491 1070 1562 nysius.
1083 1499 1110 1545 et
1123 1490 1179 1545 am·
1198 1489 1306 1544 Terram
1320 1498 1410 1543 amem
1422 1488 1586 1558 [mmmm
1598 1487 1626 1539 δη
1637 1437 1753 1557 sahmi,

112 1560 246 1616 veritatis
260 1559 287 1613 in
306 1556 440 1628 profunda
456 1554 574 1625 ealigine
589 1551 688 1614 illuxit,
701 1557 728 1604 et
740 1548 767 1602 io
778 1545 911 1601 densissi-
1106 1582 1111 1593 .
1150 1582 1156 1594 .
1638 1576 1645 1589 .

113 1652 175 1705 mis
191 1648 313 1704 tenebris
337 1648 429 1702 lumen
442 1661 512 1700 verre
534 1642 677 1698 Trinitatis
690 1640 764 1695 clare
774 1637 911 1692 viderunt.
928 1618 949 1673 Β
964 1598 1023 1725 ἴω
1034 1583 1176 1684 maim
1191 1590 1345 1682 ⁸⁸¹.¹f³“³m
1356 1578 1524 1643 'mmmm'
1534 1591 1682 1680 qpsspnus
1693 1584 1753 1631 em

977 1671 1115 1736 ruetrlera,
1133 1687 1161 1725 ιιι
1177 1671 1359 1737 sterilitatem,
1374 1677 1401 1723 et
1417 1669 1469 1725 boe
1481 1682 1534 1723 non
1553 1675 1663 1737 rmustc,
1676 1666 1723 1721 sed
1735 1682 1753 1719 a

113 1742 211 1807 Dicit,
224 1750 253 1800 ct,
263 1742 334 1794 stetit
350 1739 461 1808 spiritus
479 1734 613 1807 procella,
627 1734 652 1788 id
664 1742 706 1787 est
713 1731 807 1803 jussit,
817 1738 844 1784 et
857 1743 914 1783 ces·

114 1834 194 1887 savit
208 1832 346 1886 mundana
364 1829 489 1893 tentatio,
500 1836 524 1880 et
540 1825 652 1880 exaltati
665 1835 726 1877 sarit
738 1822 833 1900 ductas
844 1818 912 1888 ejus,

116 1925 151 1981 iu
165 1933 208 1980 est
228 1923 354 1992 suspensi
370 1929 444 1987 suut,
465 1935 498 1974 ιιι
521 1927 650 1974 nocerent
665 1915 806 1971 diabolicae
827 1919 915 1967 tarita-

116 2017 208 2072 tionis
223 2024 324 2079 motus,
339 2028 409 2083 quos
421 2011 508 2082 iniqui
528 2016 702 2065 eornmovent
715 2020 797 2075 super
809 2004 910 2074 justos.

115 2108 276 2166 Accendant
290 2122 372 2175 usque
386 2105 421 2159 ad
435 2105 514 2158 coelas
529 2103 568 2158 illi
589 2100 698 2164 lluetus,
722 2098 773 2152 hoe
788 2105 839 2160 est,
858 2095 915 2149 ele-

118 2211 227 2258 vantur
243 2200 269 2253 in
285 2196 421 2267 superbiis
442 2197 479 2250 ad
496 2203 653 2249 sanctorum
669 2188 809 2259 injurium,
821 2198 845 2240 et
868 2185 916 2240 de·

117 2294 252 2350 scendunt
266 2288 392 2361 usquead
404 2289 523 2357 abyssos,
539 2285 604 2355 quia
618 2281 798 2337 humiliantur
809 2278 837 2331 in
851 2293 917 2332 cou-

120 2386 258 2443 i'cssiune.
274 2383 371 2437 Anima
381 2397 472 2436 eorum
485 2380 512 2432 in
523 2376 602 2432 crealis
614 2372 761 2430 tabescebat
776 2369 917 2424 verberata

122 2494 142 2534 a
159 2477 249 2548 plagis
274 2472 443 2530 celestibus.
469 2469 580 2523 Turbati
607 2474 668 2520 rartt
693 2466 727 2520 de
751 2463 917 2532 peccatis,ct

123 2569 194 2624 croti
214 2576 275 2621 sant
295 2565 330 2620 ab
343 2563 503 2619 infidelitate
515 2561 551 2616 ad
574 2559 655 2615 iidem
670 2539 738 2612 sicul
754 2554 841 2609 ebrius
852 2561 917 2623 potu

126 2660 236 2731 Spiritu
250 2656 347 2712 saneti.
365 2654 400 2709 Et
414 2654 499 2707 omnis
519 2650 652 2721 sapientia
674 2663 765 2702 earam
780 2644 919 2700 saecularis

124 2752 257 2808 devorata
271 2759 310 2802 est
325 2765 341 2802 a
356 2746 491 2816 sapientia
509 2743 568 2808 liei,
584 2750 612 2796 ut
625 2741 760 2796 dracones
777 2736 919 2807 AEgyptio·

953 1762 1069 1824 ,nulitia
1080 1761 1258 1815 habitantium
1269 1763 1298 1814 in
1311 1777 1353 1824 ea,
1376 1760 1429 1814 hoe
1443 1766 1485 1813 est
1502 1757 1614 1828 propter
1623 1756 1755 1827 iniquita·

965 1861 1019 1907 tem
1042 1852 1217 1921 praelatorum
1234 1851 1261 1904 in
1277 1865 1310 1905 ea
1328 1847 1542 1912 dominantium,
1565 1849 1637 1901 sieut
1664 1846 1755 1915 ponti·

965 1941 1031 1996 lices
1043 1951 1070 1995 et
1084 1939 1225 1994 Pharisaei.
1241 1937 1355 2008 salsugo
1376 1944 1419 1992 est
1442 1950 1524 2005 aqua,
1547 1949 1608 2005 quae
1622 1932 1755 1992 retinetur

966 2031 993 2086 in
1007 2032 1127 2097 lacunis,
1141 2030 1176 2085 de
1187 2044 1240 2100 qua
1256 2029 1296 2084 sai
1310 2028 1465 2093 coniicitur,
1477 2035 1505 2080 et
1520 2040 1569 2094 per
1593 2025 1756 2080 exsiccatio-

966 2137 1029 2177 nem
1053 2123 1119 2178 solls
1132 2131 1159 2177 et
1170 2119 1243 2190 ignis
1268 2118 1417 2175 indurescit
1430 2117 1457 2171 in
1473 2116 1558 2171 salem
1572 2123 1599 2170 et
1613 2115 1658 2169 ilia
1682 2123 1756 2170 terra

966 2214 1070 2269 dieitur
1097 2228 1158 2269 esse
1186 2210 1301 2267 sterilis.
1315 2208 1429 2265 Terram
1447 2222 1512 2277 ergo
1536 2204 1658 2261 ludaeam
1679 2206 1757 2276 prius

967 2305 1136 2375 fructiferam
1152 2302 1245 2374 posuit
1263 2301 1291 2354 in
1316 2299 1488 2370 salsuginem,
1504 2297 1532 2352 id
1555 2304 1598 2352 est
1612 2297 1640 2350 in
1661 2294 1757 2351 coodi-

968 2405 1090 2449 nrentum
1117 2401 1145 2448 et
1165 2392 1364 2448 correctionem
1388 2398 1489 2445 oostrae
1514 2387 1661 2444 fatuitatis.
1680 2383 1758 2441 Uror

968 2483 1021 2539 Lot
1030 2492 1132 2538 mutata
1149 2486 1176 2537 in
1190 2483 1306 2553 lapidem
1321 2480 1387 2537 salis
1400 2492 1442 2535 est
1456 2478 1536 2534 nobis
1551 2476 1758 2532 condimentum

969 2585 996 2632 ct
1010 2577 1155 2642 eorrectio,
1178 2584 1209 2630 ut
1232 2573 1383 2644 sapiamus,
1399 2570 1463 2640 quia
1492 2570 1515 2623 si
1540 2566 1657 2638 propriis
1673 2566 1758 2622 ramis

970 2682 1025 2720 non
1040 2666 1171 2735 pepercit,
1197 2663 1283 2718 multo
1298 2663 1390 2716 nriuus
1402 2659 1493 2714 insitis
1512 2657 1756 2727 superbientibus:

970 2764 998 2809 et
1022 2756 1075 2810 hoe
1099 2773 1116 2808 a
1139 2753 1244 2808 malitia
1269 2751 1440 2806 bibitantium
1465 2750 1557 2816 inea,
1579 2748 1669 2802 idest
1694 2761 1758 2816 pro·

127 2859 194 2899 ¹⁰⁰¹
216 2835 489 2911 ³Vifbiffl⁰l⁸bffl
518 2835 698 2905 illm‘l'l‘l'l'li
721 2829 755 2883 Ν
778 2828 921 2881 ⁰⁰¹¹¹⁵⁸¹¹ll¹i
971 2855 1030 2915 pter
1054 2845 1209 2914 superbiam
1238 2842 1407 2898 ludaeorum.
1434 2838 1531 2893 blerito
1568 2846 1612 2893 est
1636 2837 1760 2892 exaltan·

130 2932 218 2989 ‘⁰¹⁶⁹
231 2939 259 2986 ει
275 2944 333 2995 ‘'set
359 2927 413 2984 fide
424 2936 451 2983 ⁶²
465 2940 557 2997 ΨΜ
570 2940 629 2978 ⁶⁸⁰⁸
648 2920 841 2976 “mmmm
853 2933 869 2972 ³
881 2916 921 2970 li·
935 2948 955 3005 c
972 2938 1034 3002 dus,
1051 2936 1097 3006 qui
1121 2936 1149 2989 in
1164 2936 1273 2990 deserto
1288 2931 1381 3003 posuit
1395 2930 1493 2995 iontes,
1505 2929 1532 2984 id
1546 2928 1628 2984 estin
1638 2926 1761 2982 Ecclesia

128 3026 179 3080 ωε
195 3041 201 3077 ²
218 3030 244 3077 ⁶⁸
258 3021 290 3077 ἀί
313 3017 513 3075 ”⁶⁶⁶⁸⁵⁵¹⁰¹³⁶“⁸
537 3030 627 3070 ‘mm
643 3012 736 3068 (Μ’
755 3026 810 3075 ⁶⁰⁸⁹
832 3015 863 3063 ¹¹²
876 3021 921 3060 ΓΘ·
972 3029 1123 3098 apostolos,
1139 3027 1165 3080 iu
1177 3027 1283 3081 animas
1297 3023 1447 3079 sitientium
1460 3021 1572 3075 verbum
1586 3020 1660 3075 dedit
1673 3019 1760 3073 exitus

128 3116 198 3172 licta
217 3114 326 3169 luxuria
352 3123 379 3167 et
404 3110 536 3165 ebrietate
558 3112 739 3176 sequerentur
760 3097 921 3170 sapientiam
972 3119 1210 3190 pmqqfflqonum,
1233 3125 1260 3172 gg
1273 3125 1373 3170 resq-am
1389 3112 1526 3183 corporis,
1541 3126 1602 3181 quae
1622 3112 1697 3180 prius
1709 3109 1763 3179 spi·

130 3208 193 3265 Dei.
210 3207 242 3262 Et
253 3207 348 3261 statuit
374 3201 518 3274 procellam
534 3199 591 3269 ejus
606 3199 635 3252 iu
645 3195 791 3263 aarum,id
806 3200 848 3248 est
861 3207 923 3264 per·

131 3301 304 3357 secutionem
319 3299 346 3350 in
355 3309 463 3365 pacem,
476 3301 505 3346 et
515 3289 644 3344 siluerant
656 3288 753 3357 {lactas
763 3285 831 3354 ejas,
845 3285 924 3339 idest

131 3394 250 3452 consilia
264 3395 450 3449 cessaverunt,
464 3397 526 3453 quae
546 3376 751 3449 persecutiones
772 3386 925 3430 eommove-

132 3494 210 3541 ruut.
222 3482 257 3537 Et
278 3480 362 3534 lactati
375 3485 436 3531 snat
453 3470 589 3536 conuersi,
603 3470 665 3539 quin
680 3467 810 3521 siluerunt
826 3464 924 3519 lluetus

132 3577 233 3640 maris,
249 3573 276 3628 id
296 3580 339 3627 est
353 3567 558 3640 persecutiones
573 3563 736 3632 quieverunt
751 3577 757 3611 :
773 3565 798 3613 et
815 3554 924 3610 relucta

132 3685 181 3725 eas
195 3669 224 3722 in
232 3674 338 3737 portam
350 3659 492 3729 uoluptatis
517 3670 619 3718 eorum,
631 3652 683 3706 hee
694 3658 748 3716 est,
764 3648 791 3702 in
805 3661 901 3717 pacem
916 3661 923 3698 ι

133 3760 235 3817 deiude
254 3758 281 3811 in
300 3764 433 3809 aternam
448 3746 582 3817 requiem.
608 3740 790 3809 confiteantur
812 3734 926 3788 bomine

134 3844 409 3914 misericordiosius,
431 3848 457 3894 et
477 3831 682 3900 mirabiliarius
697 3829 762 3899 filiis
781 3827 925 3881 leontinum.

134 3938 264 3998 Confessi
287 3943 352 3991 sunt
375 3930 504 3988 omuibus
526 3920 729 3980 misericordias
752 3915 927 3972 etnrirabilia

136 4032 248 4090 Domini
264 4029 316 4086 sibi
342 4027 423 4081 lacta.
449 4021 575 4076 Ecalteut
590 4031 650 4071 eam
661 4015 688 4067 in
702 4011 822 4064 Ecclesia
835 4006 927 4078 plebis,

136 4135 164 4181 et
175 4128 205 4179 ire
215 4120 341 4177 cathedra
352 4118 486 4171 seniorem
499 4109 607 4165 laudaut
625 4120 694 4170 cam,
711 4102 763 4156 hoc
775 4107 816 4153 est
831 4099 859 4151 in
875 4095 930 4150 ele·

137 4229 185 4282 ro,
203 4223 231 4269 et
247 4212 275 4266 in
286 4208 387 4280 populo
397 4216 424 4262 et
437 4204 465 4259 in
480 4199 611 4273 prelatis,
623 4205 650 4252 et
663 4196 689 4249 in
701 4191 818 4248 subditis
829 4188 930 4262 gratias

139 4306 167 4360 ci
181 4309 305 4375 morunt.

178 4393 327 4461 lineusque
350 4386 423 4444 dixit
449 4382 614 4439 tentationes
633 4392 683 4448 pro
699 4375 749 4466 qui

140 4482 299 4541 laudandus
315 4486 357 4534 est
371 4476 454 4530 Deus.
468 4471 548 4526 Nune
566 4469 692 4523 hormtur
706 4479 758 4521 nos
773 4461 807 4518 ad
821 4458 931 4516 laudem

142 4579 205 4649 ejus
215 4580 327 4645 propter
345 4566 528 4638 repulsionem
544 4559 700 4615 iudeorum
715 4563 743 4610 et
760 4552 932 4608 vocationem

143 4667 279 4741 gentium,
301 4660 417 4723 scilicet,
441 4651 514 4724 quod
532 4648 602 4706 muri
626 4646 704 4703 olivae
722 4642 801 4698 lracti
816 4646 891 4703 sunt,
906 4644 933 4691 et

143 4760 263 4815 oleaster
284 4753 403 4809 insertus
427 4754 469 4801 est
495 4742 584 4798 olivae.
611 4737 663 4793 Per
686 4733 815 4791 omuibus
837 4743 934 4798 supra-

143 4850 228 4908 dictis
256 4841 411 4900 laudandus
435 4844 478 4893 est
505 4833 595 4897 heus,
625 4835 652 4884 et
680 4840 730 4897 pro
756 4822 810 4878 hoe
833 4820 933 4891 etiam,

146 4943 213 5014 quia

183 5031 268 5086 Vana.
282 5026 327 5092 at,
336 5023 381 5078 tl.
394 5018 488 5075 Posuit
502 5012 615 5084 duruisse
626 5011 652 5063 in
660 5009 802 5070 desertum,
813 5012 837 5057 et
848 5000 935 5055 caitus

149 5134 282 5191 aquaram
295 5116 322 5170 in
336 5113 409 5168 sitim
420 5126 430 5164 .·
442 5120 538 5163 terram
552 5100 719 5174 fructiferam
732 5097 760 5149 in
777 5091 936 5163 salsuginem

151 5228 170 5267 a
184 5209 290 5264 malitia
303 5203 479 5261 dubitantium
501 5199 528 5251 iu
551 5211 593 5248 ea.
619 5191 676 5246 iloe
698 5195 815 5245 tractum
839 5192 882 5239 est
903 5182 937 5237 de

152 5300 306 5371 Pentapoli,
317 5298 364 5354 ubi
382 5293 513 5356 Sodoma,
535 5296 563 5342 ot
577 5281 741 5344 Gomorrha,
755 5287 781 5333 et
795 5276 855 5331 alico
869 5273 938 5329 civi·

152 5401 224 5449 tates
248 5390 276 5445 in
291 5385 477 5447 solitudinem,
503 5384 530 5433 et
545 5378 571 5430 in
595 5386 670 5428 urere
693 5369 830 5425 Mortuum
854 5381 870 5418 v

152 5493 220 5542 seint
232 5491 343 5554 propter
365 5483 474 5548 peccata
500 5463 721 5524 inhabitantium.
740 5458 863 5514 Flumina
879 5454 938 5509 lue·

973 3227 1024 3266 nus
1034 3208 1227 3265 amaritudinis
1240 3206 1401 3277 protulerat,
1409 3202 1544 3258 fructibus
1557 3201 1672 3271 replevit
1683 3211 1762 3255 aeter-

974 3301 1033 3368 uis;
1047 3308 1075 3355 et

1012 3429 1092 3485 Vens.
1108 3430 1154 3496 35,
1167 3428 1212 3484 te.
1233 3425 1327 3482 Posuit
1337 3427 1469 3480 desertum
1480 3426 1507 3479 in
1517 3433 1611 3494 staqna
1622 3439 1762 3493 aquaram,

975 3524 1002 3580 id
1022 3534 1065 3580 est
1085 3522 1201 3591 praebuit
1229 3521 1256 3575 in
1280 3518 1401 3574 Ecclesia
1427 3518 1603 3587 baptismum.
1621 3514 1764 3571 Gentiiitas

975 3618 1077 3673 dieitur
1095 3617 1238 3679 desertum,
1252 3612 1316 3682 qnia
1334 3610 1398 3664 olim
1412 3619 1471 3663 erat
1484 3623 1499 3662 a
1512 3609 1651 3676 prophetis
1663 3615 1765 3675 elprae·

976 3709 1145 3766 dicatoribus
1163 3705 1281 3760 deserta.
1298 3702 1431 3774 Stagnum
1457 3711 1558 3755 orcitur
1582 3696 1716 3769 profunda
1736 3703 1766 3750 et

977 3816 1075 3872 magna
1091 3814 1173 3870 aqua,
1184 3806 1212 3853 et
1232 3795 1391 3866 intelligitur
1403 3808 1481 3849 saera
1501 3790 1653 3860 Seripttua.
1668 3788 1765 3842 Deser-

979 3907 1034 3946 tam
1047 3893 1075 3945 in
1088 3898 1183 3959 stagna
1205 3901 1334 3957 aquarum
1360 3885 1433 3940 Deus
1455 3883 1560 3952 posuit,
1574 3880 1638 3935 dum
1653 3876 1768 3949 gentiles

978 3982 1091 4038 seientia
1103 3978 1309 4049 seripturarum
1322 3974 1446 4044 replevit,
1459 3980 1487 4027 et
1497 3973 1622 4026 doctores
1637 3969 1768 4029 aliorum,

979 4083 1010 4127 ut
1024 4070 1169 4135 Hilarium,
1182 4067 1367 4130 Ambrosium,
1379 4073 1407 4119 et
1419 4063 1487 4119 aiios
1501 4063 1541 4116 eis
1552 4060 1655 4114 similes
1665 4057 1769 4114 consti·

980 4168 1041 4225 tuit.
1053 4165 1089 4219 br
1104 4174 1202 4218 terrant
1230 4162 1307 4233 prius
1329 4159 1501 4222 existentem,
1516 4153 1573 4207 siue
1586 4168 1667 4222 aqua,
1686 4149 1769 4202 idest

946 4260 1042 4344 Dsine
1054 4256 1177 4312 doctrina
1198 4253 1291 4322 posuit
1311 4251 1338 4303 in
1352 4248 1438 4302 caitus
1460 4258 1600 4316 mnarum,
1616 4242 1668 4295 hnc
1687 4237 1769 4293 estin

751 4374 802 4428 gu,
818 4368 930 4426 femoqg
981 4348 1147 4420 expositores
1167 4343 1389 4414 Scripturarum,
1409 4345 1439 4393 ut
1457 4334 1637 4406 augustinum
1657 4342 1683 4385 et
1698 4329 1768 4385 Gre-

981 4440 1099 4512 gorium,
1111 4437 1145 4491 de
1157 4435 1257 4506 quibus
1272 4431 1409 4488 fluxerunt
1428 4428 1520 4483 multae
1532 4423 1662 4482 scientim.
1675 4420 1768 4474 Posuit

981 4531 1082 4587 dicitur
1092 4528 1171 4600 quasi
1181 4525 1320 4591 stabilivit,
1336 4522 1401 4594 quia
1418 4521 1573 4588 ubieunque
1585 4514 1685 4585 aliquis
1698 4526 1769 4582 prte-

982 4622 1092 4687 dieavit,
1111 4620 1148 4675 ibi
1164 4618 1310 4682 stabilivit,
1325 4628 1411 4684 usque
1432 4611 1466 4666 ad
1483 4616 1598 4664 mortem
1613 4617 1772 4676 persevera·

983 4716 1032 4769 vit.
1049 4713 1083 4767 Et
1107 4713 1174 4777 illic,
1188 4711 1216 4764 in
1241 4710 1294 4763 illis
1313 4706 1416 4776 stagnis
1442 4711 1468 4757 et
1498 4701 1618 4756 exitibus
1633 4696 1772 4753 collocarit

984 4807 1126 4861 esurientes
1136 4818 1232 4875 panem
1242 4803 1305 4855 viter
1315 4807 1342 4853 et
1352 4793 1546 4857 intellectus,id
1554 4801 1596 4848 est
1608 4791 1635 4845 in
1647 4789 1773 4845 doctrina

985 4912 1079 4953 eorum
1095 4896 1208 4950 tirmiter
1222 4891 1361 4948 stabilivit.
1376 4888 1411 4944 Et
1421 4889 1461 4943 sic
1474 4888 1665 4941 constituerant
1677 4883 1772 4936 cirita·

987 4999 1037 5044 tent
1050 4984 1232 5051 habitationis,
1249 4983 1275 5039 id
1293 4991 1335 5039 est
1352 4979 1398 5036 hie
1424 4979 1595 5048 ineoeperunt
1608 4972 1775 5029 constituere

986 5080 1135 5137 Jerusalem
1155 5076 1302 5140 coelestem,
1317 5090 1378 5144 quae
1398 5081 1440 5128 est
1460 5068 1591 5125 habitatio
1607 5073 1710 5119 nostra.
1726 5057 1774 5114 Vei

988 5173 1178 5228 constituerant
1189 5168 1320 5221 ciuitatem
1335 5162 1516 5227 habitationis,
1530 5159 1609 5214 idest
1625 5150 1773 5208 Ecclesiam

989 5267 1080 5328 talem,
1096 5262 1123 5316 in
1139 5276 1192 5331 qua
1208 5258 1278 5313 bens
1298 5257 1455 5326 dignaretur
1473 5236 1605 5305 habitare.
1619 5242 1713 5299 Posuit
1726 5240 1774 5294 de-

871 5376 939 5418 orsae
988 5363 1087 5409 sertam
1102 5353 1130 5404 in
1145 5358 1238 5419 stagnea
1252 5361 1391 5416 equiarent,
1403 5351 1517 5396 tractum
1534 5347 1575 5393 est
1585 5337 1619 5392 de
1631 5345 1777 5405 aqua,quae

990 5447 1016 5501 iu
1036 5444 1144 5500 deserto
1160 5439 1238 5494 linxit
1250 5437 1283 5493 de
1293 5444 1378 5506 petra.
1393 5432 1427 5487 Et
1441 5429 1578 5485 collocarit
1590 5426 1646 5482 illic
1656 5423 1776 5478 eraden-

154 5585 221 5632 runt
236 5572 349 5638 Scribe,
365 5576 394 5624 et
416 5558 557 5624 Pharisaei,
581 5562 608 5611 et
624 5554 670 5609 alii
686 5552 811 5609 ductores
835 5544 940 5600 ludaeo
991 5548 1039 5604 ter,
1051 5545 1078 5592 et
1093 5551 1154 5605 quse
1172 5539 1334 5603 sequuntur,
1349 5536 1434 5583 tracta
1447 5533 1511 5580 sunt
1525 5521 1559 5579 le
1575 5530 1645 5577 terra
1656 5513 1777 5586 promis-
