3892 6067
238 190 287 245 ont
714 197 868 265 (issiifflliil
886 201 1082 263 impositi
1101 207 1375 272 nntcttnttstntto.
1816 226 1871 283 832

237 304 355 365 Dittdertt
380 308 417 366 el.
437 309 535 366 Omnia
563 327 580 366 a
607 320 632 367 te
655 322 818 383 serpserunt,
850 325 880 372 ut
906 317 952 373 det
972 317 1028 374 illis
1041 323 1066 382 d
1079 322 1136 395 tt).
1148 342 1159 377 t
1172 321 1206 381 Et
1221 333 1286 383 tunc
1299 325 1483 399 fumigabunt,
1506 327 1571 400 quia
1588 329 1616 388 in
1629 343 1734 394 uerno
1749 338 1814 412 ique
1825 356 1871 398 ar-

236 415 325 457 escunt
339 401 368 458 in
390 410 514 471 tempore,
525 401 552 459 id
566 409 609 460 est
621 417 720 462 omues
730 416 891 480 exspectant
906 419 1025 482 tempus,
1076 410 1190 468 debunt.
1203 411 1244 469 tn
1258 414 1376 473 litteram
1389 417 1471 473 etiam
1498 426 1571 476 terre
1595 421 1624 478 in
1643 424 1749 493 judicio
1771 429 1871 503 incipit

234 493 346 563 qnando
357 501 384 547 tu
400 492 542 564 permittes
553 510 602 554 ece
615 498 645 554 in
656 508 768 558 annuns
790 503 897 571 satire,
912 520 984 577 quos
996 516 1026 563 ot
1077 510 1204 572 tremere,
1226 508 1337 578 quando
1360 509 1445 566 scutit
1470 521 1595 569 mortuos
1620 514 1654 571 de
1665 532 1696 574 sc
1712 533 1867 592 resurgere.

232 597 324 638 eseam
342 584 449 653 possint
467 585 611 646 devorare.
634 588 722 648 Dente
733 600 759 647 tc
778 592 833 649 illis
847 604 1024 666 pereuntem,
1076 595 1154 658 Tunc
1169 608 1278 656 montes
1295 599 1479 671 inminebunt,
1497 603 1563 675 quia
1580 606 1691 664 [tamma
1708 610 1867 680 quindecim

231 672 636 744 coltipenteosadoccisionent
647 690 675 738 et
695 685 860 744 cruciatum.
883 687 1024 759 operiente
1074 693 1174 751 cubitis
1184 709 1232 752 eos
1244 695 1427 760 transcutdeo
1436 694 1484 752 Vel
1496 711 1603 756 montes
1611 702 1675 760 tacti
1683 701 1867 776 fumigabunt,

230 775 255 819 te
266 778 468 836 murtomtuutrt,
483 769 510 825 id
527 774 717 832 ostreselante
730 784 758 833 te
768 778 934 848 quibusdam
951 781 1023 838 sicut
1073 786 1121 856 qui
1137 786 1287 858 perignem
1301 787 1471 843 salticrunt.
1492 786 1571 845 llulti
1588 792 1661 847 enlm
1674 793 1752 851 electi
1763 795 1810 852 ills
1822 797 1868 854 dte

227 856 333 914 tunnis
346 858 445 915 Filium
458 870 535 918 tuum
550 866 642 921 omnin
665 868 845 938 implerentur
856 869 1022 941 lenitateid
1074 877 1218 944 timebunt,
1229 887 1255 935 et
1267 878 1367 936 timere
1385 879 1587 948 ourqabuntttr.
1600 880 1656 940 Pro
1674 885 1718 944 bis
1734 889 1867 947 omnibus

228 955 270 1001 est
287 946 326 1002 illi
346 964 442 1006 omnes
455 952 634 1023 replebuntur
646 955 727 1013 bonis
741 960 870 1030 operibus
894 970 923 1019 et
935 962 1022 1019 virtu-
1072 969 1211 1027 beneflciis

229 1037 318 1094 tibus.
338 1039 478 1099 Arcrlente
492 1054 581 1100 antem
594 1054 619 1101 tt
629 1047 736 1118 samem,
753 1050 830 1108 idest
842 1054 1021 1112 subtrahente
1107 1059 1189 1119 Vens.
1210 1062 1255 1118 35.
1276 1061 1524 1119 Gaetulo-Domino
1540 1067 1569 1120 in
1585 1067 1640 1121 nita
1655 1049 1723 1124 oieb.
1740 1068 1865 1127 esaum

227 1136 255 1182 te
268 1130 384 1200 gratiam
411 1142 440 1189 et
457 1135 626 1206 adjutorium
651 1141 829 1197 turbulenter
851 1159 868 1200 a
892 1160 1020 1216 persecu·
1071 1155 1126 1211 Dee
1146 1171 1214 1221 meo,
1222 1156 1340 1227 quandin
1354 1172 1423 1225 tem,
1437 1159 1516 1217 inest
1526 1159 1554 1215 in
1566 1158 1647 1217 bonis
1657 1161 1786 1230 operibus
1799 1180 1866 1218 cee-

228 1218 304 1277 tione
330 1221 628 1298 barchitanensem
649 1230 773 1302 spiritum
795 1238 1020 1309 commatici·
1071 1248 1257 1304 taoobomirte
1271 1263 1358 1320 usque
1373 1248 1400 1305 in
1415 1250 1496 1308 linem
1522 1252 1629 1318 mundi,
1651 1252 1713 1310 titre
1728 1269 1807 1313 meae.
1830 1254 1864 1312 m

226 1312 307 1381 cient,
322 1314 349 1370 id
366 1324 409 1373 est
418 1319 582 1389 morientur,
597 1331 623 1378 et
640 1324 668 1379 itt
681 1325 813 1395 psltcrtm
840 1343 918 1384 reem
931 1345 1018 1386 πονοι·
1070 1338 1122 1394 troc
1136 1354 1197 1408 oro,
1208 1349 1250 1396 ut·

225 1412 327 1470 tenter,
344 1392 429 1466 idest
449 1412 693 1479 putrescendae
708 1418 787 1489 prius
800 1429 931 1489 poterunt
945 1423 1017 1479 mori
1104 1428 1188 1487 tiens.
1213 1431 1259 1488 nt.
1273 1429 1426 1488 lucendum
1443 1435 1479 1488 sit
1500 1434 1526 1488 ei
1551 1433 1683 1505 eloquium
1697 1450 1792 1498 meum,
1807 1435 1865 1493 boc

225 1509 309 1565 quatu
320 1493 394 1555 Deus
404 1514 453 1558 coe
470 1504 626 1573 permiserit
645 1506 745 1568 occidi.
761 1509 814 1568 Sed
830 1528 886 1569 nou
909 1515 1018 1571 nocebit
1067 1531 1120 1587 cst,
1136 1532 1167 1578 ut
1182 1523 1256 1593 qttod
1270 1519 1407 1595 proferam
1420 1538 1468 1579 ore
1482 1525 1519 1580 nit
1530 1523 1556 1579 ei
1569 1524 1745 1595 acceptabile.
1758 1523 1863 1584 Pecca-

223 1586 267 1644 cis
283 1602 370 1658 mors,
389 1592 611 1664 quintuemittet
633 1597 765 1669 Spiritum
794 1613 869 1659 trent
887 1605 935 1661 tibi
949 1622 1017 1663 cou-
1068 1621 1142 1668 tores
1157 1620 1185 1667 et
1198 1611 1285 1683 iniqui
1295 1612 1466 1671 delectantur
1488 1614 1516 1669 in
1528 1614 1796 1685 terrenis3eqonsro
1810 1618 1861 1672 dc-

223 1677 445 1752 oubstautlalem,
456 1694 483 1740 et
494 1689 630 1757 perillum
647 1692 818 1762 crearentur,
833 1696 912 1754 idest
922 1713 1015 1755 resur·
1032 1679 1184 1758 Benenato
1202 1703 1230 1758 iu
1243 1703 1368 1772 Domino,
1392 1705 1475 1762 idest
1495 1705 1669 1777 jncundnmr
1684 1706 1712 1766 in
1731 1706 1775 1764 bis
1793 1723 1860 1779 qnae

221 1778 298 1840 gent.
315 1770 352 1826 lit
370 1776 507 1832 resonabis
522 1780 619 1849 {urbm
634 1791 722 1850 terroe,
744 1785 825 1842 idest
843 1803 942 1843 notam
958 1798 1016 1845 ter·
1066 1803 1130 1850 sunt
1140 1793 1306 1854 inDomino.
1319 1795 1352 1852 Et
1362 1810 1412 1854 oro
1424 1796 1549 1864 Domine,
1564 1806 1595 1853 ut

222 1875 281 1916 ratu
292 1859 390 1930 iacies,
404 1873 433 1921 et
444 1866 572 1925 homines
588 1871 758 1931 immortales
774 1884 804 1932 ttt
815 1878 857 1934 sol
870 1878 1014 1951 iulqcntes.
1101 1884 1184 1942 Vnus.
1193 1887 1240 1944 35.
1249 1887 1379 1959 Deficiunt
1390 1900 1539 1960 peccatores
1550 1906 1567 1947 n
1579 1899 1662 1959 terro,
1679 1891 1706 1947 id
1719 1901 1788 1949 esta
1803 1901 1860 1950 ter-

221 1949 284 2008 ¹¹100
1065 1976 1153 2041 renis,
1169 1976 1197 2031 in
1211 1976 1312 2048 quibus
1324 1978 1493 2048 delectentur
1507 1998 1515 2036 z
1529 1979 1564 2034 Et
1577 1981 1662 2051 iniqui
1678 1980 1806 2038 deficiant
1821 1983 1860 2040 ab

257 2041 343 2100 Vsus.
362 2046 409 2103 tt.
428 2048 471 2105 Sit
494 2052 582 2123 plotio
605 2054 716 2112 Domini
737 2061 765 2113 iu
789 2075 927 2131 mentem,
949 2063 1014 2134 quia
1065 2066 1218 2138 iniquitate,
1233 2069 1273 2124 ita
1295 2078 1325 2123 ut
1347 2085 1399 2123 non
1416 2071 1469 2126 tint
1490 2070 1588 2142 iniqui.
1610 2070 1765 2128 Peccatores
1779 2082 1858 2139 sunt,

219 2128 273 2200 ipsi
288 2136 475 2207 tuncqlorioni
497 2150 579 2197 eruut
599 2142 627 2199 itt
642 2142 761 2206 Domino
777 2149 807 2204 in
826 2162 971 2219 eternum,
986 2161 1015 2209 et
1064 2159 1111 2229 qui
1127 2159 1197 2216 inse
1208 2167 1342 2231 peccaut,
1359 2161 1454 2233 iniqui,
1468 2162 1516 2233 qui
1539 2163 1567 2218 in
1581 2164 1733 2233 proximos.
1746 2162 1800 2224 Pro
1812 2165 1860 2226 bis

112 2236 116 2246 ·
218 2229 247 2277 et
272 2222 359 2295 gloria
385 2227 493 2286 Domini
519 2233 573 2289 erit
598 2249 706 2307 semper
731 2240 833 2299 ineis.
865 2243 1014 2300 Lutalitttr
1064 2250 1193 2307 omnibus
1208 2251 1325 2320 benedic,
1343 2253 1652 2321 muamee,Domino.

217 2312 352 2373 Demiror
374 2321 403 2376 in
431 2324 552 2394 operibm
575 2329 643 2383 ruis.
670 2328 742 2387 lusti
765 2341 831 2390 sunt
852 2350 935 2407 opere
959 2335 1014 2394 Dc·
1101 2339 1219 2414 Uterque
1242 2343 1364 2414 psalmus
1389 2343 1473 2402 simili
1497 2345 1754 2418 moduincboarit,
1770 2348 1859 2407 simili

219 2407 299 2463 mini.
316 2408 350 2464 itt
372 2421 438 2469 tune
467 2415 495 2474 iu
514 2415 633 2478 Domitw
650 2422 828 2495 uniuntur,
840 2436 868 2484 et
879 2428 1013 2490 Dominus
1063 2434 1146 2491 medo
1169 2435 1336 2505 terminarit,
1358 2436 1423 2508 qnia
1437 2446 1554 2510 utraque
1570 2439 1692 2500 Ecclesia
1708 2457 1723 2497 e
1741 2441 1858 2497 betteli-

215 2496 307 2557 nen.
1062 2526 1858 2597 ertonectnsttentnctosn‚ettnrontemnere

255 2589 341 2649 Vnus.
361 2594 406 2651 52.
426 2596 481 2663 Qui
502 2603 608 2673 respicit
627 2612 736 2674 umam,
748 2618 774 2663 et
788 2609 856 2677 tacit
876 2628 936 2667 erm
958 2623 1012 2668 tre·
1062 2621 1096 2677 sti
1119 2620 1201 2677 etiam
1230 2623 1457 2679 consummanda.
1478 2622 1571 2681 Prima
1595 2625 1783 2683 benedictione
1802 2641 1858 2682 ru-

217 2696 298 2748 lime,
308 2682 336 2738 Μ
347 2692 390 2740 esi
401 2687 450 2757 tilii
464 2703 539 2746 illino
562 2690 713 2750 &clettam
727 2711 775 2767 pet
790 2698 1021 2781 miserieotditm.
1061 2711 1149 2767 cando
1158 2711 1247 2768 dixit:
1263 2730 1273 2764 ι
1292 2710 1389 2769 Venite
1413 2713 1448 2770 ed
1473 2728 1528 2782 me,
1546 2730 1642 2772 ornnes
1657 2717 1704 2788 qui
1718 2716 1855 2774 laboratis

215 2773 336 2844 respicit,
350 2783 451 2834 cteam
463 2780 559 2838 timere
569 2798 666 2854 peenas
679 2785 713 2843 de
732 2790 852 2859 peccatis
865 2792 1008 2861 tuisiacit,
1060 2813 1088 2858 er
1109 2803 1215 2859 onerati
1242 2803 1321 2870 estis,
1348 2813 1377 2861 et
1399 2819 1450 2876 ego
1475 2806 1597 2864 relictam
1619 2823 1669 2864 ros
1686 2807 1853 2878 (Dnttlat,

215 2861 289 2919 sicut
307 2862 418 2924 Petrum
448 2874 578 2944 respexit,
603 2878 714 2949 quando
737 2895 831 2938 amaro
852 2882 935 2941 licvit.
956 2886 1010 2951 Qui
1059 2893 1117 2963 28).
1135 2912 1146 2947 t
1162 2892 1287 2951 Secum
1310 2895 1498 2953 benedictione
1524 2899 1649 2954 vocando
1662 2899 1755 2955 dicet:
1770 2918 1780 2953 t
1795 2898 1854 2956 ie-

212 2955 298 3024 tcnpit
317 2966 429 3028 montes,
441 2968 466 3016 et
481 2961 625 3035 ieiunant,
644 2967 721 3026 idest
733 2970 781 3041 qui
795 2986 869 3030 nuuc
881 2975 1007 3045 prelatos
1060 2983 1116 3040 nite
1126 2985 1362 3044 benedicett‘stris
1376 2988 1707 3060 mencenenterius,
1724 2991 1781 3048 nrt.
1798 3011 1808 3045 i

211 3042 431 3116 sliquocrtmtse
441 3051 535 3124 ltpsot
555 3055 767 3118 adversitatibus
779 3065 874 3134 caepit,
886 3073 912 3120 er
924 3067 1006 3135 [emi-
1092 3073 1143 3132 iiie
1156 3076 1280 3146 psalmus
1291 3077 1352 3134 ideo
1363 3078 1391 3134 in
1406 3077 1477 3137 ieeto
1491 3078 1611 3151 Spiritus
1625 3081 1714 3139 saneti
1725 3082 1852 3152 canitur,

211 3142 279 3204 aaut
301 3151 352 3207 ner
374 3139 555 3213 lacrymosam
570 3148 759 3217 penitentiam
782 3161 814 3208 ut
835 3153 931 3215 David.
952 3154 1005 3216 Per
1056 3165 1121 3236 quia
1132 3165 1254 3224 Ecclesia
1265 3183 1315 3239 per
1328 3170 1430 3240 eumin
1441 3171 1588 3229 virtutibus
1605 3181 1763 3243 renovatur,
1774 3184 1803 3230 et
1816 3174 1852 3230 iu

213 3230 312 3280 ‘tilam
324 3226 437 3298 subditi,
447 3245 495 3301 Del
507 3242 608 3292 ”wilti
623 3236 813 3309 issitffitlifllltf
827 3242 942 3311 imilli-
955 3243 1004 3304 Vel
1055 3259 1256 3316 resurrectione
1270 3275 1320 3331 per
1331 3276 1395 3318 eum
1409 3262 1572 3322 virilcatur.
1598 3263 1667 3324 Nota
1691 3267 1765 3336 quod
1789 3266 1851 3323 ire·

211 3314 241 3372 5³
255 3315 300 3371 dii
315 3317 413 3388 iudicii
436 3325 543 3393 'witi‘
557 3333 668 3396 errem,
681 3329 709 3386 id
723 3341 766 3392 tii
788 3341 922 3404 lembos,
938 3352 1001 3394 cum
1054 3350 1210 3420 quenterin
1224 3350 1523 3420 psalmodiensium
1548 3355 1633 3412 modo
1649 3364 1738 3414 status
1751 3355 1851 3415 Docle-

210 3406 278 3466 ὖῑθῑῑ
289 3427 297 3464 ²
310 3428 319 3463 ⁸
333 3408 452 3480 &urbib
467 3424 495 3478 el
510 3431 565 3473 ¹1⁰⁰
590 3419 703 3478 dedillit
715 3422 783 3480 mibi
796 3426 972 3496 manducate,
987 3448 998 3481 ι
1054 3441 1103 3497 siae
1118 3440 1292 3511 describitur,
1310 3445 1375 3516 quia
1390 3446 1491 3518 sepius
1503 3463 1564 3505 mos
1577 3447 1707 3506 Ecclesiae
1720 3459 1850 3507 mutatus

209 3507 238 3554 ²²
253 3509 441 3576 ⁰²1&quae
463 3517 627 3579 “limini-
652 3511 690 3567 Ei
710 3515 778 3584 [⁶0⁵¹
796 3533 856 3571 ‘tm
879 3529 1001 3589 tremere,
1053 3531 1250 3604 legitur,nnnc
1263 3537 1455 3605 persecutione
1479 3547 1602 3609 urgente,
1627 3554 1701 3597 nuuc
1714 3541 1847 3599 herenee

209 3604 274 3648 cum
284 3591 373 3650 dicit:
390 3613 400 3647 t
415 3594 455 3654 lte
474 3598 502 3654 in
517 3599 609 3672 ignem
620 3610 763 3661 aeteruum.
777 3624 787 3659 r
802 3605 880 3665 Tune
890 3625 1001 3682 quoquc
1051 3623 1185 3694 pravitate
1207 3634 1338 3698 cogente,
1363 3642 1439 3684 nunc
1460 3629 1699 3688 schismaticorum
1722 3631 1848 3691 iaotiooe

209 3683 299 3754 millii
313 3691 713 3764 m⁰tittstilltmfft⁰⁸i·id0⁸2
731 3701 999 3784 ritffliiifissclilefl
1050 3716 1240 3786 compellente,
1253 3720 1490 3790 nuuctranqttilla
1504 3735 1571 3791 pnee
1582 3722 1733 3779 arridente.
1748 3722 1781 3779 lit
1796 3736 1845 3780 sc-
1940 3755 1941 3784 l

208 3775 343 3845 tuperbos
361 3781 465 3851 poenali
479 3786 614 3843 sentenia
636 3797 729 3861 tanget
745 3792 884 3850 dicenezt
907 3794 998 3852 Disce-
1050 3806 1171 3862 eundum
1182 3807 1311 3879 quodque
1324 3816 1431 3880 tempus
1441 3811 1556 3870 variavit
1565 3813 1666 3885 stylum
1681 3828 1763 3869 suutn
1777 3812 1845 3885 Spi-
1940 3811 1941 3848 ³

207 3865 287 3925 ΜΝ
299 3885 344 3927 ¹¹¹0
354 3887 418 3930 ΜΝ
439 3875 561 3948 dimit,
574 3889 601 3936 0²
615 3882 719 3954 intell·
733 3884 793 3956 titis
806 3886 916 3960 (Utilit-
931 3904 995 3954 ui.
1048 3896 1121 3958 ritus
1129 3906 1252 3968 nanetus,
1267 3900 1312 3958 etti
1328 3900 1420 3956 omnia
1432 3900 1523 3958 sutura
1534 3912 1599 3959 sunt
1611 3904 1766 3975 prasentia.

811 4221 1078 4317 Psntrlbs
1112 4225 1231 4321 clv.

699 4536 749 4600 Do
761 4535 928 4600 boneficiis
943 4536 1067 4620 populo
1082 4535 1142 4601 Dei
1162 4536 1328 4602 exhibitis.

235 4679 408 4751 Cortfitemirri
417 4683 543 4751 Donnino,
557 4693 582 4740 et
596 4685 714 4740 invocate
729 4702 823 4742 nomeu
841 4685 909 4758 eius,
934 4697 987 4744 ete.
1005 4688 1029 4745 D
1043 4685 1223 4741 construitur.
1239 4683 1317 4752 Quod
1332 4686 1404 4742 enirn
1416 4688 1467 4745 iste
1480 4690 1568 4748 credit
1585 4690 1698 4762 lactum,
1709 4695 1762 4754 boc
1787 4699 1833 4757 lile

234 4770 345 4829 Primus
358 4775 481 4844 psalmus
491 4776 575 4847 huius
587 4776 704 4848 decadis}
717 4777 793 4833 canit
814 4776 918 4834 Christi
941 4776 990 4834 be-
1044 4775 1158 4833 credidit
1169 4775 1302 4832 loturum.
1319 4777 1436 4834 intendit
1449 4790 1540 4837 autent
1551 4783 1675 4853 psalmus
1687 4786 1731 4846 ltic
1745 4792 1832 4847 reteri

199 4861 673 4938 ncllciahnmanoqeneriethibite;
689 4869 837 4937 secundus,
852 4878 879 4927 et
891 4870 989 4927 tertios
1042 4866 1168 4938 exemplo
1187 4866 1316 4938 probare;
1333 4869 1396 4939 quia
1421 4870 1495 4928 sicut
1522 4875 1646 4944 patribus
1664 4878 1830 4948 promissam

198 4953 344 5024 utriusque
359 4955 489 5016 nectente
505 4959 649 5030 specialem
671 4962 780 5019 laudem
797 4975 846 5033 pro
868 4962 988 5034 acceptis
1042 4967 1142 5016 terrant
1167 4959 1253 5029 dedit,
1276 4960 1313 5015 ita
1340 4961 1466 5020 lidelibus
1481 4966 1644 5036 promissam
1668 4969 1753 5026 vitan
1778 4971 1830 5028 do·

197 5047 351 5118 beueliriis,
366 5063 483 5121 proque
497 5051 577 5109 laude
591 5068 696 5111 merces
712 5065 812 5112 aeterna
823 5055 878 5111 rita
891 5054 919 5110 in
933 5055 987 5112 hoe
1040 5052 1126 5109 nabit.

196 5141 305 5211 psalmo
315 5141 525 5212 repromittitur.
540 5143 591 5200 ilie
611 5160 677 5218 erqo
691 5147 814 5216 psalmus
829 5148 986 5203 contexitur
1076 5143 1187 5199 Materia
1201 5145 1298 5217 psalmi
1317 5154 1359 5203 cst
1373 5163 1465 5204 semen
1480 5151 1629 5219 notabam,
1638 5162 1665 5209 et
1676 5153 1722 5208 dlii
1732 5152 1827 5223 Jacob,

197 5231 232 5287 de
244 5229 359 5303 utroque
370 5233 481 5305 populo,
498 5232 634 5293 Hebraico
643 5236 757 5304 scilicet,
773 5246 801 5293 et
815 5237 983 5295 Christiano.
1039 5236 1124 5292 idest
1152 5237 1245 5294 lideics
1268 5240 1296 5294 in
1324 5250 1441 5312 utroque
1465 5244 1566 5315 populo
1592 5245 1743 5304 imitatores
1763 5246 1826 5304 tidei

197 5320 322 5378 Veterem
335 5332 414 5380 sonat
425 5325 532 5394 littera;
548 5342 649 5382 notum
668 5327 798 5399 populent
814 5328 985 5386 demonstrat
1038 5328 1165 5397 Abrahae,
1180 5331 1214 5385 de
1232 5332 1343 5402 quibus,
1365 5344 1392 5391 et
1412 5334 1446 5390 od
1468 5351 1538 5406 quos
1562 5336 1684 5408 loquitur
1707 5337 1825 5410 Spiritus

194 5412 385 5485 intelligentia.
398 5413 519 5489 Uterque
531 5418 604 5475 enim
625 5420 743 5492 populus
756 5420 835 5491 qunsi
857 5420 983 5491 geminus
1038 5429 1150 5478 sanctus
1163 5422 1312 5481 exhortans
1323 5438 1371 5483 cos
1384 5425 1419 5482 ad
1434 5427 1599 5486 laudandum
1617 5428 1713 5498 Deum,
1728 5438 1757 5486 et
1781 5429 1822 5487 di·

194 5501 286 5572 paries
299 5503 326 5556 in
339 5504 428 5575 lapide
441 5509 565 5579 angulari
590 5508 699 5566 Christo
716 5510 780 5567 iesu
802 5512 982 5580 connectitur,
1038 5512 1074 5567 cit
1084 5528 1208 5580 causam,
1221 5531 1306 5586 quare
1321 5518 1356 5574 sit
1367 5517 1530 5587 laudandus,
1546 5519 1612 5590 quia
1631 5519 1695 5577 iecit
1710 5519 1822 5579 mirelli·
1928 5527 1931 5534 '

195 5599 222 5650 et
238 5600 352 5663 uterque
376 5610 424 5668 per
447 5596 529 5653 tidem
543 5598 645 5655 Citristi
666 5600 693 5655 in
708 5600 819 5660 domum
844 5604 983 5660 coelestem
1038 5604 1083 5674 lin,
1096 5604 1309 5666 scilicetterretn
1325 5608 1456 5667 Chonaan
1469 5612 1594 5685 promisit
1617 5612 1667 5681 cis,
1683 5623 1711 5670 et
1736 5613 1821 5676 dedit·
