3892 6067
103 267 149 324 fib
320 263 431 319 rius
449 263 500 332 t'l,
518 263 617 322 rsnb.
637 264 729 332 lxlv,
750 258 815 318 sati
837 258 902 316 titt.
922 259 966 316 bt:
983 257 1173 317 cunabulo
1192 257 1335 316 ECCLES.
1359 260 1484 316 statu.
1675 265 1725 320 tte

18 363 24 380 ⁸
101 376 299 439 ultimauifesta
319 389 362 435 est
385 379 543 451 iusipientia
564 394 674 450 eurum,
696 382 836 453 suscipere
858 382 885 435 in
901 375 1075 451 qapropria
1087 374 1219 446 dignitate
1229 377 1367 446 persistat.
1384 375 1418 430 Et
1426 374 1537 447 quidem
1552 393 1607 434 uon
1618 381 1726 437 estimo

99 471 208 529 nomine
220 470 419 543 prophetarum
429 468 555 540 desipere
565 478 617 538 est,
632 470 752 526 maxime
761 469 887 526 nomina·
936 467 971 524 de
984 463 1037 523 ba'c
1050 483 1081 522 re
1092 467 1254 524 emenoni
1272 467 1509 538 precipientem,
1524 468 1572 523 sed
1595 473 1721 541 apostoli·

99 568 143 622 tim
157 563 340 635 proscriptos,
352 570 384 617 ut
395 561 540 620 manifeste
551 562 724 622 incestuosos
732 573 759 621 et
769 565 887 621 conduc
936 574 997 615 eam
1018 558 1110 615 sedem
1122 559 1330 624 consulendam,
1345 567 1437 616 utrum
1451 560 1609 632 prescripta
1621 564 1727 620 condu-

99 655 168 712 titlos
180 653 276 732 assde
287 652 440 724 apostolica
453 667 509 709 non
522 653 608 710 semei
618 654 787 712 interdictos.
800 653 886 712 Porro
936 650 1037 707 ationis
1059 650 1150 721 pactio
1173 650 1217 706 rel
1234 651 1306 708 aetio
1320 650 1478 708 simoniacae
1491 652 1577 723 pestis
1593 654 1727 712 rocabulo

99 745 277 802 conductores
286 757 395 808 eorum,
409 743 474 815 quia
488 752 514 800 et
528 743 580 816 ipsi
589 745 703 801 domum
714 744 886 802 baldemum
937 742 973 798 sit
985 742 1116 810 notanda,
1131 743 1174 800 rel
1188 743 1283 799 mitius
1291 743 1469 810 nominanda,
1479 759 1542 800 cum
1558 754 1648 803 umen
1657 748 1726 803 scri·

99 834 417 916 negotiationisfaciuot,
436 836 553 908 nosipsi
572 835 725 894 innomine
741 836 888 908 propbeta·
936 843 984 904 pta
1007 833 1080 890 beati
1103 833 1228 906 Gregorii
1249 849 1327 905 papae
1347 833 1492 905 diligenter
1512 835 1636 906 inspecta
1658 838 1727 894 satis

98 945 158 984 rum
175 937 241 985 sunt
258 928 420 1000 recipiendi,
434 928 483 986 sed
499 929 631 1001 arguendi
642 936 670 985 et
687 928 828 996 monendi,
842 939 885 986 at·
937 926 1085 984 ostendant
1103 940 1159 999 quo
1183 927 1293 983 nomine
1317 926 1387 984 tales
1401 927 1601 999 negotiationes
1618 929 1725 988 censeri

98 1022 182 1092 qussi
194 1020 334 1092 redarguti
348 1036 403 1076 non
418 1020 593 1092 resipuerint,
605 1035 695 1092 aeque
709 1036 739 1078 se
750 1022 887 1078 alienare-
936 1018 1062 1075 debeam.
1086 1017 1185 1074 Verum
1202 1034 1237 1074 ne
1251 1017 1394 1075 rideamus
1407 1018 1567 1089 praeiudicia
1581 1019 1671 1078 facere
1680 1022 1727 1092 iu·

98 1112 148 1167 rint
162 1112 199 1168 ab
219 1111 275 1167 boe
287 1109 481 1182 negotiationis
496 1108 641 1178 fermento,
660 1110 713 1181 ipsi
733 1110 887 1187 ¹conducto·
936 1110 1045 1167 dinibus
1059 1109 1197 1179 meusim,
1213 1125 1268 1166 nou
1280 1110 1410 1168 indecens
1423 1121 1491 1168 esta
1507 1127 1667 1170 successore
1678 1112 1728 1171 re-
1848 1138 1850 1142 ·

99 1219 137 1260 res
158 1218 225 1259 cum
246 1201 307 1258 suls
324 1200 499 1257 conductitiis
520 1202 579 1272 pari
601 1209 677 1259 sorte
698 1202 839 1269 censendi,
859 1211 888 1259 et
937 1200 973 1256 tri
987 1216 1069 1271 super
1084 1201 1185 1258 talibus
1198 1202 1726 1276 consiliumquaerereprimosineper·

97 1294 173 1365 quasi
188 1303 410 1366 transgressores
429 1307 568 1350 canonum
590 1293 695 1366 publici
717 1294 826 1366 publice
844 1309 888 1350 ar·
937 1307 1069 1349 sonarum
1086 1293 1252 1364 proditione,
1268 1301 1299 1349 ut
1309 1302 1438 1364 parcatur
1457 1309 1554 1352 eorum
1572 1294 1663 1363 fama,
1678 1299 1727 1357 sed

97 1386 193 1460 mendi
207 1395 236 1443 et
248 1386 374 1443 carendi.
936 1384 1098 1441 consulatur
1115 1384 1240 1452 cautela,
1256 1384 1280 1440 si
1298 1383 1369 1441 ferte
1383 1385 1526 1464 audientes
1540 1387 1605 1444 talia
1618 1389 1646 1445 iu
1662 1389 1729 1446 sedo

125 1476 220 1535 cuti.
238 1476 327 1533 vern
346 1476 393 1533 bic
405 1477 663 1556 essecommonitos
681 1477 815 1549 eumdem
828 1480 887 1551 cpi·
937 1476 1088 1550 apostolica
1101 1477 1261 1548 improbari,
1279 1485 1307 1534 et
1318 1479 1441 1536 cauterio
1459 1479 1617 1538 simoniace
1635 1483 1728 1554 prari·

95 1583 192 1640 scopos
202 1577 231 1624 et
244 1567 368 1636 abbates,
378 1568 426 1638 qui
440 1568 492 1625 sub
504 1568 616 1627 nomine
627 1568 807 1641 plebanorum
824 1569 886 1640 pal·
936 1568 1002 1624 tatis
1019 1568 1119 1636 notari,
1137 1569 1265 1625 studeant
1279 1570 1315 1626 ab
1334 1570 1378 1628 bis
1397 1578 1461 1628 ante
1474 1572 1655 1644 proditionem
1670 1589 1729 1632 suae

95 1660 158 1716 liant
170 1658 326 1718 redimam
338 1659 570 1718 eotrductitiorum
590 1675 717 1718 suorum.
733 1659 886 1717 Conducti·
936 1667 1063 1732 personas
1076 1662 1132 1717 cito
1139 1662 1279 1718 emendari
1293 1681 1300 1717 ε
1316 1663 1369 1720 boc
1379 1663 1498 1720 scientes
1511 1664 1586 1735 quod
1599 1647 1728 1725 heretica

94 1753 145 1810 tius
155 1753 236 1810 euim
247 1763 290 1810 est
300 1761 463 1825 procurator
475 1753 563 1825 piebis
576 1753 620 1810 rel
635 1753 760 1810 minister
778 1753 884 1821 altaris,
900 1750 922 1806 tt
936 1761 1002 1810 nola
1014 1751 1145 1811 Simonias
1158 1753 1274 1810 forsitan
1292 1754 1436 1823 carebunt,
1451 1755 1474 1812 si
1489 1771 1633 1827 perperam
1650 1767 1727 1830 gesta

94 1843 137 1913 qsi
160 1840 301 1900 anonim
323 1843 450 1914 portione
473 1843 568 1900 minus
591 1843 768 1915 accipiendo,
792 1841 885 1913 subje-
936 1841 1045 1899 malunt
1060 1833 1262 1914 poerritcndo'in
1276 1851 1418 1915 posterum
1442 1860 1561 1916 cavere,
1581 1862 1665 1920 quam
1680 1850 1726 1910 de·

93 1933 184 1995 ellone
204 1933 326 1992 indebita
341 1921 446 1994 munus
457 1933 493 1994 ab
506 1934 642 2005 obsequio
656 1949 708 1991 suo
724 1934 885 1992 corrduetori
936 1933 1072 1992 fendendo
1089 1952 1211 2009 suosque
1232 1939 1382 1996 monitores
1402 1942 1593 2012 persequendo
1614 1958 1727 2016 augere.

93 2026 235 2098 persolvit
249 2024 338 2096 Quam
360 2026 478 2100 speeiem
490 2025 615 2083 maroniae
629 2026 725 2084 beatus
742 2042 812 2100 papa
821 2025 887 2099 (ire
937 2022 1016 2081 Sicut
1027 2026 1100 2081 enirn
1114 2026 1210 2084 beatus
1219 2026 1318 2085 Petrus
1332 2043 1387 2084 non
1400 2038 1474 2088 recte
1486 2031 1618 2090 incedens
1631 2033 1667 2089 ad
1679 2049 1727 2090 re·

92 2119 188 2190 gorius
208 2118 322 2174 damnat
339 2128 435 2190 aperte
453 2120 538 2176 simul
553 2135 617 2176 cnm
634 2133 682 2186 ea,
709 2120 818 2192 qualit
836 2135 886 2192 per
936 2117 1045 2176 ritatem
1059 2117 1210 2193 Evangelii,
1224 2120 1399 2180 simulatione
1408 2137 1458 2180 sua
1474 2125 1610 2196 quosdam
1624 2141 1727 2199 cogens

93 2223 227 2266 murm-a
239 2225 344 2280 mauu,
357 2210 402 2267 rcl
417 2225 465 2283 per
479 2227 582 2270 munus
599 2225 615 2268 a
632 2211 736 2284 lingua.
756 2210 835 2280 Quod
860 2213 886 2269 si
934 2207 1161 2279 luculentarum
1176 2222 1338 2283 argueretur
1351 2229 1434 2286 super
1446 2216 1499 2274 boc
1513 2218 1652 2278 aminimo
1662 2235 1728 2295 apo·

91 2298 175 2355 abbas
195 2298 504 2374 episcopoconeedeute
519 2316 616 2356 curam
629 2301 686 2372 agit
702 2300 885 2373 alicujusee·
936 2301 1088 2374 stolorum,
1113 2303 1179 2374 quia
1202 2305 1321 2377 benigne
1344 2308 1447 2380 recepit
1463 2307 1679 2370 admonitionem
1700 2323 1729 2372 ct

91 2394 202 2459 derb,
220 2401 313 2464 potest
325 2393 383 2452 illie
396 2409 483 2452 unum
497 2394 531 2449 de
546 2394 605 2450 suis
619 2392 751 2451 iratribus
771 2408 884 2465 ponere,
935 2393 1167 2464 emendationem,
1190 2395 1292 2467 dignus
1313 2397 1394 2456 laude
1412 2400 1564 2471 judicatur,
1587 2419 1676 2478 neque
1691 2406 1729 2462 ob

90 2487 134 2545 cni
145 2499 286 2558 tanquam
299 2485 458 2543 coenobitali
472 2484 604 2558 reiigione
622 2484 746 2555 astricto,
766 2486 841 2543 nulla
856 2487 886 2544 in
936 2487 1020 2542 talem
1033 2500 1178 2544 excessum
1194 2488 1357 2559 reprobatur
1370 2490 1431 2561 cius
1443 2493 1594 2552 auctoritas
1606 2513 1614 2562 ;
1631 2496 1668 2552 ita
1682 2498 1725 2553 ni-

90 2578 209 2634 deeimls
227 2587 257 2633 et
268 2575 453 2632 oblationibus
466 2576 623 2646 assignetur
633 2575 724 2646 portio
739 2576 884 2642 canonica,
935 2576 1037 2634 mirum
1051 2578 1075 2636 si
1089 2579 1282 2654 episcoporum
1295 2582 1359 2654 quis
1380 2584 1529 2644 exceditis
1542 2586 1586 2644 bis
1604 2604 1666 2659 qum
1687 2591 1727 2647 si·

94 2671 140 2728 aed
155 2671 210 2727 illa
221 2670 296 2727 circa
310 2684 374 2726 eum
386 2675 511 2725 serretur
530 2666 700 2737 dispensatio
722 2667 884 2739 apostoliea,
938 2669 1062 2725 moniace
1074 2668 1131 2729 ieri
1146 2685 1201 2727 nun
1215 2671 1341 2738 attendit,
1355 2680 1383 2728 et
1394 2673 1557 2746 redargutus
1568 2688 1727 2750 arguentem

90 2763 372 2838 quadistribucbatur
383 2755 615 2831 urrtcntque'sieut
628 2759 806 2832 cuiqueopus
815 2769 884 2818 erat.
939 2757 1036 2829 diligit,
1050 2774 1166 2831 seseque
1179 2759 1208 2816 in
1220 2762 1323 2831 quibus
1332 2761 1414 2819 debet
1426 2764 1539 2836 corrigit
1552 2783 1559 2833 ;
1576 2777 1643 2836 puto
1655 2768 1729 2826 liuns

91 2852 141 2920 ont
155 2869 227 2911 vero
243 2853 305 2910 siue
323 2853 381 2922 lege
400 2851 540 2908 claustrali
560 2852 613 2909 sub
630 2851 690 2924 lege
712 2861 777 2909 suut
799 2866 886 2909 cano·
936 2864 993 2905 nou
1006 2850 1118 2906 inimico
1132 2852 1237 2907 leontini
1252 2852 1356 2908 titania
1373 2856 1605 2925 superseminanti
1617 2874 1729 2933 compa.

93 2962 169 3015 num,
186 2945 249 3002 sire
266 2944 456 3016 abepiscopo,
472 2943 530 3000 sire
549 2944 585 3002 ab
599 2943 709 3009 abbate,
726 2944 767 2999 sel
780 2959 884 3015 praepo
929 2941 1054 3044 'mudum
1071 2942 1115 2999 uel
1126 2958 1190 3000 curn
1208 2943 1255 2999 illo
1269 2943 1473 3013 damnandum,
1497 2948 1545 3004 sed
1560 2949 1633 3006 iuter
1656 2952 1729 3024 agri-

91 3039 142 3095 aite
160 3036 493 3110 menciesiisplebalibus
506 3045 665 3107 ponantur;
680 3036 885 3093 secundumca·
936 3032 1012 3089 colas
1027 3033 1259 3103 computandum,
1281 3049 1370 3106 neque
1385 3050 1449 3092 cum
1470 3038 1551 3094 malis
1575 3041 1647 3096 male
1666 3058 1726 3113 per·

91 3144 177 3186 „aaa
205 3127 309 3185 ibidem
330 3126 515 3199 stipendiarent
535 3134 620 3194 sunt,
643 3126 709 3198 quia
726 3126 825 3199 dignus
842 3099 920 3183 estc
936 3122 1067 3191 dandum,
1082 3123 1213 3180 sil'ilium
1222 3122 1271 3182 liei
1283 3140 1338 3185 non
1350 3129 1561 3199 persequiturin
1575 3131 1725 3194 enisurum.

91 3222 238 3293 operarius
249 3221 314 3276 cibe
334 3230 362 3276 et
375 3220 500 3277 mercede
511 3235 562 3277 sua
574 3237 582 3275 ι
596 3234 679 3292 quam
694 3219 718 3276 si
734 3221 890 3280 ordinatori*
935 3214 1006 3282 bris,
1030 3225 1058 3275 et
1072 3216 1224 3288 acquiescit
1237 3216 1314 3273 sarria
1329 3219 1460 3288 monitis,
1484 3221 1628 3300 diligitque
1642 3241 1728 3299 grana

91 3330 141 3371 nno
160 3312 201 3371 ad
223 3313 280 3368 boc
299 3310 435 3378 remittit,
453 3319 482 3366 ut
494 3310 554 3383 ipsc
572 3310 800 3385 qualitercunque
819 3326 885 3369 ores
934 3320 1012 3375 roro,
1026 3314 1053 3362 et
1065 3306 1183 3362 sustinet
1203 3307 1327 3374 zizania,
1341 3323 1396 3380 qno
1411 3319 1506 3367 contra
1521 3314 1587 3372 maii
1601 3317 1730 3387 agricolao

92 3419 144 3462 nou
158 3411 222 3461 tam
233 3410 332 3474 pascat
343 3417 427 3474 quam
441 3401 548 3462 furetur
566 3412 594 3460 et
607 3409 708 3461 mactet
726 3412 754 3460 et
771 3404 884 3476 perdat;
935 3398 1054 3472 diligunt
1078 3415 1112 3457 ac
1134 3399 1229 3457 forent
1254 3401 1376 3471 zizania,
1388 3412 1429 3461 -ct
1450 3406 1569 3476 grauiter
1591 3409 1730 3467 sustinent

92 3497 155 3567 quia
166 3498 207 3554 de
223 3495 299 3571 turpi
320 3495 463 3554 lucrosus
478 3497 566 3570 magis
578 3511 662 3569 quam
675 3496 710 3553 de
725 3497 823 3554 oribus
837 3512 887 3553 eu·
936 3507 1031 3564 grana.

92 3599 144 3656 rat,
170 3597 290 3645 nonest
308 3589 412 3645 mirum
433 3589 458 3646 si
474 3605 540 3646 ores
555 3589 634 3645 illum
648 3605 703 3646 non
722 3597 885 3661 sequuntur,
933 3603 939 3626 ·
971 3582 1087 3644 ctvtll.
1113 3582 1187 3644 Sanc
1215 3585 1262 3644 bic
1286 3599 1342 3644 nou
1367 3586 1552 3647 omittendum
1577 3599 1646 3661 puto
1667 3607 1727 3653 eam

91 3680 138 3738 sed
155 3679 196 3736 ab
210 3694 246 3735 eo
262 3677 389 3750 fugiunt,
405 3677 471 3749 qnia
485 3694 541 3735 uon
556 3688 693 3740 noverunt
711 3694 805 3736 rocem
819 3678 887 3738 alie·
937 3676 1166 3734 consuetudinem
1180 3677 1248 3734 satis
1264 3691 1327 3734 esse
1340 3677 1522 3748 tolerabilem,
1541 3696 1596 3753 qua
1616 3683 1729 3753 quidam

93 3785 204 3826 norum.
218 3766 317 3839 Neque
331 3782 397 3824 rere
418 3768 503 3840 hujus
518 3766 694 3840 perfectionis
708 3769 737 3826 in
752 3784 782 3825 se
792 3767 887 3839 aliquo
936 3768 1060 3841 religiosi
1075 3768 1188 3824 abbates
1198 3776 1227 3825 et
1239 3769 1378 3840 praepusiti
1389 3770 1568 3830 ecclesiarum
1580 3773 1727 3845 plebalium

91 3863 174 3920 nnio
185 3860 364 3932 suspicanda
373 3860 515 3917 materiam
529 3861 662 3935 praebent,
677 3861 799 3932 quaslue
811 3875 888 3918 sum·
904 3864 906 3868 ’
937 3860 972 3915 ad
995 3876 1047 3917 sua
1063 3861 1190 3919 coenobia
1204 3861 1402 3932 pertinentium
1418 3878 1502 3922 curas
1516 3875 1602 3936 agunt
1619 3882 1667 3938 per
1682 3882 1728 3924 se·

92 3961 139 4026 ptn
152 3952 339 4023 Evangeliunr
350 3950 502 4027 praedicans
511 3950 661 4021 apostotus
674 3949 768 4008 multis
784 3959 826 4006 est
836 3942 891 4006 mil
939 3953 1025 4023 ipsos,
1040 3968 1129 4025 neque
1142 3964 1289 4011 assumunt
1306 3955 1358 4012 sibi
1371 3955 1406 4015 ad
1422 3956 1476 4013 boc
1486 3958 1672 4020 ministerium
1685 3977 1728 4018 eo·

92 4043 199 4101 modus
210 4051 241 4098 ct
258 4042 355 4116 paucis
369 4041 531 4112 imitandus,
546 4041 667 4099 maxime
678 4038 737 4110 jam
754 4038 888 4096 ordinatis
939 4045 1079 4115 adjutores
1092 4045 1171 4113 alios,
1184 4045 1236 4104 nisi
1251 4057 1301 4104 aut
1313 4046 1413 4107 fratres
1426 4064 1493 4106 suos
1512 4051 1675 4121 regulariter
1687 4054 1729 4108 in·

91 4138 219 4194 eoelesiis
233 4145 265 4193 et
275 4135 470 4195 seetestmrtee
482 4135 587 4192 militia
605 4135 762 4207 stipendiis,
786 4135 888 4207 quibus
932 4136 1061 4207 stitutus,
1078 4144 1128 4198 aut
1141 4137 1257 4195 ciericos
1276 4138 1412 4196 litteratos
1424 4141 1575 4200 secundum
1591 4158 1728 4202 carrorum

90 4227 246 4300 Apesmlos
257 4227 364 4299 absque
375 4236 486 4298 sumptu
501 4227 654 4300 praedicans
670 4227 829 4284 intendebat
842 4243 890 4292 or-,
939 4211 1036 4284 saltem
1060 4225 1232 4298 disciplinam
1246 4227 1300 4288 sibi
1322 4243 1370 4298 pcr
1383 4228 1567 4289 obedientiam
1592 4231 1727 4303 alligatos,

91 4320 235 4379 dnndm.
244 4317 365 4376 Proinde
376 4318 533 4376 inordinata
539 4319 687 4380 conductio
701 4319 888 4394 potiusquam
940 4327 970 4381 ut
982 4333 1037 4377 non
1051 4318 1088 4380 sit
1103 4318 1145 4378 eis
1158 4318 1273 4379 liiterum
1296 4320 1340 4378 rel
1354 4320 1443 4378 abeis
1462 4321 1598 4390 recedere,
1621 4325 1662 4380 rol
1676 4326 1728 4386 sub

89 4415 223 4470 ordinata
242 4411 382 4470 institutio
406 4412 575 4468 nominanda
590 4420 633 4468 est
649 4412 810 4481 hujusmodi
831 4408 926 4492 cle-'0
939 4408 981 4465 cis
996 4407 1129 4466 dissolute
1142 4414 1238 4465 contra
1256 4408 1402 4482 synodales
1420 4410 1531 4481 regulas
1545 4410 1646 4470 risere.
1675 4412 1729 4484 Qui

91 4507 218 4563 maurum
233 4505 371 4576 subiectio
381 4504 513 4571 indebita,
532 4502 648 4575 questui
659 4503 749 4564 alieno
761 4502 889 4560 laboran·
939 4498 1071 4554 nimirum
1087 4498 1177 4555 taliter
1191 4499 1295 4555 astricti
1307 4514 1363 4557 non
1382 4499 1490 4558 dicendi
1505 4511 1571 4558 suut
1585 4504 1729 4562 conducti-

90 4597 173 4668 iium,
185 4607 215 4656 ct
227 4598 265 4656 de
276 4598 396 4671 bocipso
407 4596 554 4669 aliquoties
561 4592 805 4658 murmurantium,
813 4590 888 4663 quod
938 4592 980 4659 tii,
992 4590 1041 4648 sed
1053 4590 1194 4662 adjutores
1206 4590 1306 4646 altario
1319 4591 1471 4648 servientes
1485 4601 1512 4650 ct
1526 4594 1561 4649 de
1574 4594 1672 4652 altario
1687 4596 1729 4652 ri·

91 4690 165 4761 stipe
177 4705 232 4747 suo
248 4689 338 4746 labori
352 4689 443 4746 debita
457 4688 640 4745 fraudantur:
653 4687 687 4743 de
701 4701 755 4757 qua
767 4684 835 4756 ipsis
847 4682 889 4738 ri·
939 4690 1044 4747 rentes,
1059 4679 1212 4754 jugumque
1233 4679 1286 4736 etsi
1301 4681 1487 4751 emnobitalis,
1502 4692 1594 4742 mosen
1609 4689 1727 4766 synoda
1746 4723 1750 4731 «

89 4780 224 4839 mribus
236 4790 269 4839 et
288 4781 475 4840 inridentibus
496 4781 542 4837 alii
557 4795 652 4851 parum
668 4779 712 4840 rel
726 4777 795 4840 nibil
809 4775 887 4836 labo·
937 4773 973 4832 lis
996 4771 1158 4832 obedientie
1172 4771 1224 4830 sub
1240 4771 1372 4843 magistre
1393 4775 1531 4845 probabili
1551 4780 1729 4850 probabiliter

89 4883 191 4944 raam
201 4873 384 4932 moneantur
397 4884 425 4930 et
437 4873 568 4932 ditantur.
938 4866 1067 4923 ferentes.
1082 4863 1115 4919 lii
1129 4862 1260 4924 nimirum
1274 4866 1298 4922 si
1310 4866 1443 4927 babentes
1457 4870 1492 4925 de
1504 4886 1557 4928 suo
1572 4872 1727 4931 urinisterio

124 4963 234 5022 clvii.
249 4965 411 5041 mquidem
430 4965 514 5025 nimis
528 4967 687 5027 danstanus
702 4974 745 5022 est
760 4965 819 5038 jam
837 4979 888 5021 no·
938 4959 1041 5015 rictum
1052 4965 1079 5014 et
1092 4953 1222 5012 verutum
1236 4955 1281 5013 nis
1296 4959 1416 5017 annunti
1427 4970 1518 5028 erunt.
1532 4976 1586 5024 non
1602 4977 1724 5034 quercu—

88 5068 147 5117 tata
159 5055 298 5117 Simonis
313 5059 455 5136 speeiesin
470 5058 646 5118 inferioribus
660 5057 795 5131 personis,
809 5067 888 5128 utpo-
939 5060 980 5109 tes
992 5067 1054 5124 que
1064 5067 1114 5112 sua
1131 5062 1206 5120 sunt,
1221 5052 1268 5111 sed
1283 5067 1345 5123 quse
1365 5050 1430 5110 lesu
1445 5053 1560 5122 Cirristi,
1577 5055 1643 5115 ditm
1671 5069 1726 5114 non

89 5159 118 5208 te
127 5165 187 5210 stra
199 5151 312 5223 propria
319 5136 496 5212 daurnatione
505 5150 651 5210 corrteutis.
663 5147 764 5206 Verum
773 5149 802 5204 in
815 5148 889 5220 epis·
938 5144 1055 5205 adalind
1067 5143 1122 5202 nisi
1133 5144 1234 5216 adejus
1246 5145 1409 5216 obsequium
1421 5144 1728 5203 rebusEeclesircutun·

87 5245 173 5314 copis
186 5244 354 5302 Moerum
365 5242 574 5298 ordinatoribus
589 5241 691 5312 grande
706 5241 888 5311 imminetpe-
938 5248 994 5305 tur,
1007 5237 1079 5294 inter
1090 5236 1180 5294 bonos
1192 5237 1328 5309 agricolas
1344 5237 1498 5311 computari
1513 5245 1659 5308 poterunt,
1674 5234 1727 5296 etsi

87 5333 216 5393 mium
226 5328 887 5404 nnuemtbmtuia,tudterntepapadicatio,
938 5345 994 5388 rron
1010 5331 1038 5385 in
1059 5330 1155 5388 ordine
1170 5331 1359 5403 apostolorum
1380 5345 1431 5388 sua
1453 5329 1545 5386 omnia
1567 5328 1727 5399 relinquen„

86 5436 120 5484 st
142 5427 313 5500 quicunque
328 5442 360 5484 sc
381 5425 505 5486 ordinari
525 5415 682 5497 permiserit
700 5424 736 5480 ab
749 5437 783 5479 eo
804 5438 887 5494 quem
939 5421 1019 5487 tium,
1038 5429 1129 5477 tamen
1144 5420 1172 5476 in
1190 5421 1287 5477 ordine
1300 5418 1523 5490 imperfectorum
1541 5418 1727 5490 perfectisad-

87 5516 289 5580 macen
299 5533 362 5575 esse
374 5510 430 5576 aon
447 5517 565 5584 dubitat,
580 5531 635 5573 una
651 5531 714 5572 cum
729 5514 889 5571 ordinatore
939 5511 1111 5576 herennium,
1125 5510 1248 5582 ipsisque
1264 5517 1404 5580 umunque
1422 5508 1620 5577 obedientium,
1632 5518 1660 5567 ct
1678 5525 1726 5566 cos

86 5625 142 5668 ran
157 5626 220 5668 non
239 5610 379 5680 disparem
399 5608 585 5670 damnationis
599 5607 762 5666 sententiam
781 5606 887 5674 subeat,
939 5604 1128 5675 adjurantium
1149 5603 1183 5660 ad
1199 5618 1296 5674 agrum
1319 5600 1428 5657 Domini
1439 5603 1632 5659 excolendum.
1654 5601 1724 5659 Vera

86 5715 118 5766 aa
131 5703 411 5775 merquedepositns
423 5702 611 5773 paenitentiam
627 5710 699 5774 agat,
721 5706 748 5755 et
765 5699 889 5775 priuatus
939 5696 1074 5774 siquidem
1096 5712 1180 5774 grana
1202 5712 1237 5756 ex
1259 5693 1434 5756 distinctione
1454 5694 1594 5756 fruetuum
1610 5711 1726 5756 suerunt

233 5783 381 5860 'Panem
404 5794 537 5861 extit.
1528 5789 1546 5855 i
