3892 6067
144 3 215 62 ltus
625 1 789 65 tttstottts
808 0 997 61 leEhldCCl
1016 1 1080 59 Sl.
1100 31 1135 42 -
1155 1 1220 58 stu.
1240 1 1283 57 ll.
1706 7 1777 68 tuto

142 123 307 193 rustimhat,
326 133 429 196 quanto
452 123 570 197 nequius
581 124 658 180 mala
670 124 724 182 sibi
745 123 860 197 irrogari
872 137 935 196 per·
949 127 972 185 Α
987 118 1090 176 laceret
1102 134 1166 175 cum
1178 117 1286 186 abbate,
1302 131 1337 174 ne
1350 115 1481 174 ricarium
1494 117 1596 177 Christi
1608 135 1776 195 persequen-
1793 163 1797 196 :

140 213 287 285 pendebat.
984 209 1022 266 do
1038 218 1066 266 et
1078 208 1170 278 Petri,
1192 208 1249 265 lieo
1272 207 1409 264 inimicari
1432 208 1654 278 convinceretur,
1680 227 1713 269 ac
1729 229 1778 285 per

177 305 292 361 [ebibet
306 306 411 361 abietis
429 308 483 378 reqi
497 307 636 379 privilegia
657 306 741 362 vizel.
758 306 933 378 cinewiss-
984 299 1039 357 hnc
1062 299 1245 371 persecutoris
1268 297 1400 355 Ecclesitc
1423 298 1499 355 Sauli
1526 299 1626 358 similis
1636 304 1777 362 existeret,

141 397 229 467 ptores
252 399 371 452 tutelam.
387 397 571 455 Considerans
582 398 674 470 itaque
686 398 783 466 abbas,
796 397 870 468 quod
883 414 935 453 un·
983 391 1152 460 Quinetiam
1171 393 1195 450 si
1209 393 1367 461 uostri,ait,
1377 401 1550 464 contemptor
1562 396 1712 464 exstiteris,
1726 412 1779 453 nec

141 487 226 555 dique
240 486 313 542 mala
326 486 592 557 multiplicarentur,
603 488 678 543 venit
691 486 726 541 ad
740 502 830 560 regem
855 489 934 544 auxi·
983 477 1066 540 ctiam
1091 483 1167 541 Sauli
1191 483 1315 540 imitator
1342 485 1442 556 dignus
1459 484 1625 552 inveniaris,
1645 487 1794 557 quoniam.

141 576 209 632 liunt
225 586 321 647 petens
345 578 380 634 ab
402 594 436 634 co
450 579 583 634 aduersus
601 578 741 634 comitem.
753 577 933 646 Quirocatus
984 575 1044 646 ipse
1056 582 1087 631 ut
1099 576 1293 650 corripientem
1309 584 1440 646 expertus
1459 584 1510 643 est,
1531 577 1657 647 protinus
1672 578 1777 649 magis·

141 681 234 738 aroge
258 668 505 738 steenstraten
524 668 738 726 successorem
762 684 820 727 suas
840 669 935 728 tutuo·
983 674 1057 722 trum
1078 675 1256 724 secutusest·
1272 665 1403 724 seucum
1423 682 1517 724 comes
1531 668 1576 739 pta
1591 669 1694 724 monita
1710 684 1778 728 con-

140 773 204 813 nem
220 760 380 816 monasterii
395 758 480 816 vizel.
497 775 560 815 cum
575 760 799 832 contingentibus
812 762 865 818 sibi
879 763 934 820 usi·
983 757 1130 814 temnendo
1142 756 1340 827 dissimularet,
1350 759 1415 830 quia
1434 773 1559 830 inmuta
1573 745 1711 817 Viseliec'n
1725 774 1778 830 pu-

139 849 203 917 bus,
220 849 257 920 pii
278 851 365 920 patris
377 850 461 907 restri
477 865 510 906 ac
522 860 621 908 restrae
632 852 809 910 concessione
826 854 932 911 sereni·
983 845 1086 903 blitum
1122 858 1305 904 commilitii
1332 848 1377 904 vel
1409 862 1550 905 amisum
1583 849 1775 922 ltl⁰l¹il>¹¹0lilis

140 939 349 1009 tatisctgratia
369 939 503 996 hactenus
521 956 537 996 a
556 942 681 1011 patribus
698 942 849 1013 etproavis
864 943 933 1000 meis
986 936 1084 1005 petivit
1109 938 1145 993 al)
1168 952 1203 994 0⁰
1225 938 1374 996 cardinalis
1408 939 1555 1008 induciet,
1584 946 1721 1012 quamnus
1742 940 1775 998 Β.

138 1028 201 1100 iure
215 1029 382 1087 maumonii
394 1031 498 1102 absque
509 1031 595 1087 ultius
609 1032 932 1091 reclamationisconna·
987 1026 1081 1084 llarie
1093 1027 1259 1101 llagdatenae
1274 1031 1409 1087 solemnia
1429 1030 1526 1089 lestiro
1539 1032 1615 1089 cultu
1629 1041 1712 1104 atquc
1726 1047 1779 1103 pu·

140 1120 260 1177 dictione
282 1137 371 1192 usque
395 1122 642 1193 impresentiarum
658 1132 736 1181 teneo
750 1126 930 1196 acpossidco.
981 1119 1054 1177 blico
1066 1134 1205 1178 concursu
1230 1136 1307 1177 more
1328 1122 1421 1178 debito
1446 1125 1661 1191 celebrarentur,
1676 1126 1777 1196 quibus

140 1210 201 1279 Qua
215 1227 281 1269 vero
297 1214 458 1286 rationejus
472 1223 550 1270 tanto
564 1225 711 1287 tempores
726 1217 849 1287 patribus
863 1217 933 1274 meis
980 1211 1025 1267 uix
1044 1212 1079 1267 ad
1101 1223 1213 1269 octavas
1226 1227 1315 1284 usque
1328 1213 1493 1285 impetratis,
1508 1212 1677 1272 vizeliacum
1692 1231 1777 1272 tenc·

140 1301 331 1359 haereditatum
355 1304 423 1360 milri
451 1305 645 1375 calumnietur,
660 1323 774 1379 prorsus
795 1309 929 1379 ignoro.»
982 1302 1777 1378 runtcardinalisloauncsetabbasPontius,reoieusque

141 1390 321 1464 Respondens
345 1395 431 1452 abbas
454 1396 523 1452 dixit
539 1415 546 1452 ε
563 1416 573 1449 ι
592 1396 712 1455 Ecclesia
733 1398 932 1456 vezeliacensis
981 1393 1118 1451 iordnnus
1132 1394 1280 1451 cardinalis
1294 1394 1446 1452 Galliarum
1457 1396 1574 1467 legatus,
1595 1397 1697 1468 pariter
1711 1412 1776 1454 cum

141 1485 176 1541 ah
188 1486 289 1558 inclyto
299 1486 423 1544 Gerardo
442 1488 543 1544 comite
560 1489 688 1546 trnlriliter
709 1490 834 1558 lundata,
851 1489 931 1545 nobi·
945 1471 967 1526 Β
981 1485 1023 1541 eis
1037 1485 1097 1540 dies
1110 1493 1223 1542 sanctos
1237 1486 1352 1557 peregit.

141 1576 195 1632 lius
220 1577 255 1632 ah
279 1579 374 1634 eodem
394 1580 529 1635 attitulata
550 1579 602 1636 BB.
621 1580 693 1636 Petri
711 1592 739 1638 et
759 1581 837 1638 Pauli
864 1597 930 1651 apo·
1016 1575 1109 1633 Comes
1127 1585 1244 1632 cratere
1263 1587 1376 1632 constan
1398 1577 1518 1633 subditas
1543 1576 1627 1634 visci.
1651 1596 1669 1633 o
1687 1581 1777 1651 robie-

141 1669 274 1724 stolorom
304 1671 409 1726 nomini
444 1673 575 1742 ascripta,
606 1673 661 1744 juri
684 1673 833 1746 assignata,
858 1674 931 1746 regi·
980 1669 1075 1724 ctione.
1091 1666 1196 1723 interea
1216 1683 1309 1724 0⁰l¹l0⁸
1323 1683 1493 1740 regressusa
1507 1683 1583 1740 ‘0802
1597 1669 1777 1728 descenditet

139 1759 207 1814 mirri
225 1761 338 1830 credita,
353 1764 517 1833 protectioni
529 1764 694 1833 commissa;
711 1764 771 1836 ipso
785 1766 867 1821 etiarn
883 1765 930 1836 pio
980 1758 1104 1816 consedit
1130 1759 1162 1815 in
1183 1758 1245 1815 loco
1282 1760 1441 1830 campestri,
1467 1760 1515 1816 uhi
1546 1775 1594 1815 rex
1622 1761 1777 1832 peregrina·

139 1849 241 1905 comite
255 1849 376 1907 Gerar-do
389 1852 595 1921 interveniente,
611 1834 780 1911 Francorum
793 1856 930 1912 excellen·
979 1862 1060 1908 turus
1086 1851 1179 1907 crucis
1203 1850 1307 1907 Christi
1330 1850 1484 1921 tropheum
1511 1851 1671 1919 sustulerat,
1693 1861 1777 1923 atque

139 1939 309 1997 tissimorum
322 1957 416 2014 regom
432 1945 479 1999 tali
494 1946 595 2001 meruit
608 1945 704 2002 donari
715 1947 849 2018 privilegii
860 1963 930 2018 prae-
979 1939 1099 1996 adunald
1123 1941 1223 2010 ti0li0ti
1237 1950 1315 2011 psile
1334 1941 1479 1997 homiuum
1494 1939 1732 2009 Vitelidcantittm
1748 1951 1777 1999 et

140 2031 311 2100 mgatira,ut
321 2034 761 2107 omnihusremissisqnaecnnque
771 2036 929 2109 jesregtnm
979 2030 1101 2103 prolusit
1114 2031 1231 2102 impuris
1245 2031 1374 2103 lacrymis
1396 2032 1431 2088 ah
1447 2033 1538 2088 oculis
1556 2032 1715 2104 cupiditatis
1731 2033 1773 2088 si·

139 2120 175 2175 ab
187 2122 341 2194 antiquitus
356 2124 457 2181 ibidem
480 2126 629 2195 obtinebat,
646 2127 714 2182 nnttt
736 2129 866 2199 potestati
880 2144 928 2185 seu
983 2124 1087 2179 mulcta
1095 2123 1407 2195 conpassioneexactts‚
1418 2123 1459 2181 sic
1470 2123 1595 2196 prolator
1602 2124 1636 2180 ad
1649 2140 1717 2181 eos:
1733 2123 1777 2181 «0

138 2227 264 2283 personae
277 2215 431 2289 cuicunque
445 2227 551 2288 pateret
564 2219 681 2277 incultas
701 2221 847 2291 cujuslibet
857 2221 930 2291 iuris
981 2215 1032 2271 viri
1056 2214 1237 2273 illustrissimi
1259 2215 1401 2286 multaque
1423 2217 1568 2287 llvdeflffi
1582 2217 1774 2282 l³¹i¹0⁸ltii¹¹lis

139 2313 187 2360 aut
198 2307 419 2375 consuetudinis,
435 2323 485 2377 pru
499 2309 621 2379 qualibet
638 2310 748 2381 pietatis
773 2311 930 2366 munerisve
979 2321 1013 2363 ac
1033 2305 1192 2363 fortitudine
1216 2306 1414 2372 strenuissimi,
1436 2306 1526 2362 sedet
1547 2307 1656 2376 propria
1671 2308 1774 2363 virtute

139 2398 234 2468 specie
259 2413 307 2453 sen
330 2399 478 2454 occasione
492 2401 628 2472 erigendi,
644 2403 691 2458 sed
707 2403 741 2458 ab
754 2403 829 2459 omni
843 2403 930 2459 serri-
980 2398 1123 2468 acquisitis
1137 2397 1237 2467 opibus
1264 2397 1483 2467 locupletissimi,
1500 2397 1581 2452 doleo
1596 2397 1664 2453 satis
1678 2396 1773 2453 adino-

138 2488 205 2544 tutis
223 2487 380 2548 conditione
407 2490 503 2558 libera,
527 2492 760 2565 exhibitionisque
786 2494 930 2551 exactione
979 2491 1046 2546 dum
1069 2490 1255 2547 miserrimam
1279 2489 1466 2545 conditionem
1492 2496 1581 2545 status
1594 2489 1689 2558 nestri,
1704 2505 1774 2562 qoo-

138 2578 307 2649 persisteret.
324 2577 403 2646 Quod
418 2580 455 2635 ita
470 2582 581 2651 essepii
594 2583 928 2653 proarirestrihudorici
979 2582 1053 2637 niam
1077 2582 1226 2638 multarum
1240 2595 1333 2637 rcrum
1350 2596 1524 2652 possessores
1545 2581 1655 2652 quidem
1667 2584 1772 2653 specie,

137 2670 405 2742 ptit·ilcgium,quod
422 2680 521 2741 presto
535 2672 678 2741 habemus,
692 2674 715 2731 si
730 2683 822 2730 restra
834 2675 930 2747 digne·
979 2688 1075 2730 reuera
1090 2681 1181 2728 autem
1205 2673 1344 2728 nullarum
1368 2673 1473 2728 domini
1497 2672 1585 2729 effecti
1608 2674 1686 2743 estis,
1704 2675 1774 2745 quin

138 2767 184 2812 tur
200 2760 297 2815 audire
311 2761 454 2826 serenitas,
463 2763 660 2833 comprobarit.
677 2783 688 2817 r
704 2764 827 2821 Perlectn
841 2766 928 2836 priri·
943 2809 965 2866 C
981 2780 1031 2820 nec
1042 2765 1100 2834 ipss
1113 2773 1203 2819 restra
1218 2762 1338 2834 ingenita
1350 2763 1473 2819 libertate
1485 2771 1625 2834 utcunque
1635 2764 1771 2822 lruimlni.

137 2848 209 2920 legio
218 2852 357 2921 quaerebat
366 2867 414 2907 rex
423 2853 458 2907 ab
467 2852 674 2919 abhate,utrum
687 2871 747 2912 sese
756 2857 930 2914 committeus
982 2853 1084 2912 vident
1096 2854 1214 2925 denique
1226 2855 1330 2925 optima
1341 2853 1454 2924 praedia,
1469 2854 1563 2911 vineta
1574 2856 1773 2926 pulcherrima,

137 2941 213 3011 regio
240 2941 378 3011 examini,
403 2943 567 3000 sententiam
593 2961 675 3018 snper
710 2947 763 3002 hac
792 2947 930 3005 calumnia
981 2945 1093 3016 copiosa
1116 2945 1240 3013 flumina,
1264 2960 1365 3016 pascua
1389 2944 1538 3013 uberrima,
1554 2944 1658 3003 fertiles
1679 2962 1773 3020 agros,

138 3034 340 3105 promulgatam
358 3045 581 3107 prosequeretur.
595 3036 770 3109 Perpendens
780 3039 872 3110 itaque
881 3041 930 3095 ab·
981 3052 1095 3093 nemora
1107 3038 1257 3105 condensa,
1272 3038 1405 3108 pomifera
1421 3037 1550 3107 virgulta,
1562 3039 1634 3095 tedes
1659 3040 1773 3111 conspi-

136 3122 187 3179 bas
199 3123 335 3182 infensam
351 3128 405 3184 sibi
422 3128 528 3183 curiam
541 3129 667 3199 partibus
684 3130 777 3187 lavere
794 3131 928 3199 adversis,
980 3140 1058 3192 euos,
1077 3142 1139 3197 quae
1153 3127 1214 3197 ipso
1238 3127 1293 3183 situ
1318 3143 1371 3183 sno
1400 3127 1427 3181 in
1450 3127 1567 3183 circuitu
1592 3136 1685 3184 restro
1707 3138 1773 3185 sunt

139 3214 231 3271 timuit
255 3233 317 3274 sese
340 3219 512 3276 committere
528 3221 612 3277 dubio
634 3219 748 3290 judicio,
772 3206 930 3293 tte'praeju·

136 3304 239 3361 dicium
261 3317 402 3378 pateretur
415 3308 549 3379 Ecclesia,
565 3327 628 3382 quae
648 3312 708 3368 solo
726 3312 819 3381 judice
835 3312 928 3380 Petro,

138 3398 228 3455 adhuc
253 3400 394 3471 paululum
420 3401 585 3471 respirabat.
600 3401 796 3459 eelsitudinem
812 3404 930 3475 denique

137 3491 241 3561 regiam
255 3492 388 3559 exoravit,
404 3500 435 3548 ut
449 3501 595 3564 tyrannum
611 3493 646 3548 ab
658 3492 833 3549 intestatione
846 3493 928 3551 vine·

138 3582 267 3639 iiacensis
286 3583 446 3639 monasterii
460 3584 593 3640 desistere
605 3583 724 3654 inheret,
745 3594 773 3640 ct
786 3585 928 3656 jusJudicil

137 3691 186 3746 per
200 3691 313 3730 manunt
326 3676 484 3746 apostolice
496 3676 569 3731 sedis
584 3676 681 3748 legati,
701 3677 743 3731 tel
756 3692 851 3732 eorum
867 3678 929 3748 quti-

137 3766 190 3822 hus
205 3781 220 3819 a
235 3766 347 3820 domiuo
362 3781 431 3837 papa
449 3767 626 3822 commissum
646 3765 745 3833 luerat,
766 3765 926 3836 susciperet.

137 3856 204 3926 oure
228 3867 327 3914 cuncta
350 3860 451 3914 comite
466 3874 528 3915 cum
549 3858 765 3915 subsannatione
785 3867 927 3928 renuente,

980 3219 1084 3287 omnia,
1097 3234 1148 3275 nec
1161 3227 1253 3275 tamen
1270 3219 1376 3275 fruendi
1391 3218 1434 3274 cis
1446 3218 1526 3274 vobis
1538 3222 1699 3277 conceditur
1717 3222 1773 3277 ulla

981 3309 1119 3368 iacttltas:
1137 3311 1205 3378 haec,
1222 3310 1348 3382 inquam,
1363 3314 1544 3385 prospiciens,
1559 3330 1614 3370 nou
1638 3314 1771 3370 metliocri

980 3402 1078 3459 allecto
1090 3403 1170 3460 tobis
1182 3404 1344 3474 compatior.
1356 3403 1570 3464 democratem
1582 3407 1663 3464 ualde
1673 3416 1773 3478 stupeo

982 3494 1029 3550 ubi
1048 3494 1094 3561 sit,
1111 3494 1154 3548 rei
1176 3493 1211 3549 ad
1227 3504 1358 3565 quantam
1388 3498 1523 3566 ignaviam
1543 3499 1683 3555 detenet-it
1705 3499 1773 3555 olitu

980 3581 1172 3652 opinatissima
1187 3583 1276 3639 rirtus
1290 3595 1392 3653 restra,
1407 3602 1461 3657 qua
1483 3587 1728 3657 prudentissimum
1745 3599 1773 3644 ct

980 3673 1047 3729 satis
1074 3673 1298 3730 liberalissimum
1319 3674 1445 3731 abbatem
1467 3675 1622 3743 llrtaldum,
1642 3677 1678 3733 ob
1702 3677 1773 3735 duas

979 3775 1086 3823 tantum
1097 3768 1242 3824 domorum
1256 3768 1389 3825 stationes
1405 3768 1602 3836 interfecistis3
1618 3769 1693 3826 hunc
1707 3784 1772 3825 rero

978 3857 1159 3927 alienigenam
1178 3856 1380 3915 decernensem
1409 3860 1468 3930 ipsa
1491 3860 1534 3916 sui
1549 3860 1695 3930 presentia
1710 3868 1771 3914 tru-

136 3948 304 4005 tateiaciens
326 3950 412 4006 altbas
433 3951 490 4022 regi
511 3951 545 4007 ad
567 3950 764 4007 monasterium
781 3965 863 4006 sunm
885 3965 929 4007 re·
979 3960 1050 4014 cem,
1063 3947 1186 4003 absentia
1201 3948 1351 4016 crudelem,
1367 3963 1495 4006 sermone
1509 3958 1698 4019 arrogantem,
1712 3964 1772 4004 mn-

136 4057 233 4099 rcrsus
251 4050 303 4099 est.
319 4042 353 4099 llt
367 4059 429 4099 curn
446 4042 569 4101 audisset
581 4044 655 4115 quod
666 4041 786 4099 ioannes
798 4042 928 4098 Rotnanae
978 4038 1057 4095 ribos
1079 4038 1227 4109 plebeium,
1246 4055 1298 4096 nec
1324 4039 1413 4096 solum
1439 4048 1595 4096 vestrorum
1622 4039 1769 4108 bonorum,

136 4131 267 4189 Ecclesiae
286 4134 428 4207 presbyter
450 4134 606 4204 cardinalis,
623 4135 667 4192 cui
684 4135 851 4206 apostolicus
861 4150 927 4191 cau·
942 4169 965 4227 0
979 4129 1026 4184 sed
1041 4128 1124 4185 ctiam
1137 4129 1225 4201 ipsius
1242 4131 1305 4187 ritae
1316 4139 1415 4187 rmtrae
1426 4143 1583 4188 exactorem
1597 4141 1672 4188 tanta
1687 4131 1771 4188 susti·

137 4239 196 4280 sam
211 4226 406 4283 cotttroversiae
421 4224 613 4283 vizeliacensis
624 4236 651 4284 et
662 4225 840 4283 Nirernensis
851 4241 927 4283 com·
978 4220 1049 4276 netis
1061 4220 1173 4291 ineptia,
1187 4231 1218 4277 ut
1225 4224 1284 4293 jam
1297 4231 1370 4279 recte
1382 4223 1469 4280 brutis
1481 4223 1646 4280 animalibus
1659 4239 1771 4294 compa·

136 4317 258 4385 miserat,
282 4318 389 4389 expleta
413 4319 547 4390 legatione
565 4319 600 4375 ab
614 4318 703 4390 anglia
719 4319 829 4387 rediret,
852 4319 928 4377 misit
978 4313 1088 4371 remini.
1101 4312 1224 4384 lienique
1244 4316 1279 4370 ad
1293 4314 1494 4372 incrementum
1504 4324 1534 4371 et
1545 4316 1768 4372 consummatio·

978 4420 1040 4461 nem
1067 4405 1195 4462 interitus
1215 4406 1319 4477 uestri,
1344 4408 1490 4479 preripere
1517 4415 1546 4462 et
1569 4406 1678 4463 auterre
1700 4407 1769 4464 tuihi

978 4498 1090 4554 molitur
1112 4499 1241 4556 dominus
1258 4507 1349 4556 tester
1363 4501 1450 4556 abbas
1471 4500 1519 4570 jus
1544 4500 1671 4572 legitimae
1685 4501 1769 4558 advo-

978 4590 1106 4658 cationis,
1128 4606 1183 4662 qua
1205 4605 1255 4646 vos
1276 4592 1359 4659 tueri,
1383 4600 1411 4646 et
1437 4606 1488 4662 pro
1503 4592 1582 4650 tobis
1605 4594 1770 4664 respondere

136 4411 164 4468 in
177 4428 324 4469 occursum
339 4413 424 4480 illius,
446 4429 547 4484 rogans
569 4421 600 4468 ut
621 4414 786 4483 quantocius
807 4415 926 4482 reniret,

136 4505 268 4574 quoniam
285 4502 480 4561 vizeliacensis
493 4504 613 4561 Ecclesia
631 4505 706 4561 omni
724 4505 827 4561 auxilio
841 4506 928 4561 desti·

136 4601 207 4658 tuta,
231 4593 288 4663 jam
314 4608 399 4663 prope
417 4592 595 4648 solitudinem
618 4592 785 4649 minabatur.
806 4592 857 4660 Qut
882 4607 927 4648 ac·

135 4695 215 4756 cepto
231 4684 329 4740 nuntio
352 4684 488 4740 accelerat
509 4690 618 4755 pedem,
633 4692 660 4740 et
675 4684 785 4754 utrique
804 4686 926 4753 mandat,
978 4681 1077 4749 habeo,
1092 4690 1123 4737 ut
1137 4682 1276 4739 destitutis
1298 4682 1377 4739 vobis
1391 4682 1505 4738 liberius
1517 4691 1600 4754 queat
1614 4686 1769 4741 exactorias

135 4779 241 4836 scilicet
263 4779 355 4835 abbati
368 4787 396 4834 ct
411 4779 516 4847 comiti,
526 4785 556 4834 ut
570 4778 622 4835 sibi
636 4789 785 4838 occurrant
800 4782 928 4840 ditissio-
978 4775 1191 4831 consuetudines
1219 4776 1368 4845 imponere·
1408 4772 1569 4845 llapropter,
1601 4775 1768 4842 charissimi,

135 4871 214 4927 doro.
242 4872 365 4927 Audiens
377 4883 468 4927 auteur
485 4872 530 4927 illc
544 4870 675 4938 loannes,
691 4873 764 4944 quod
790 4872 928 4932 Jordanns
978 4871 1081 4927 suadeo
1093 4869 1245 4941 prudentie
1264 4877 1292 4924 et
1310 4869 1529 4940 magnanimitati
1544 4877 1653 4937 semeae,
1670 4879 1768 4939 quate·

134 4961 284 5018 cardinatis
303 4964 384 5018 datus
399 4973 472 5018 esset
486 4962 635 5019 Gallicanis
654 4965 772 5035 legatus,
796 4965 892 5022 scribit
902 4968 928 5022 ci
978 4977 1031 5019 uus
1046 4963 1158 5018 instanti
1184 4961 1339 5019 necessitati
1354 4961 1449 5018 ieratis
1463 4961 1632 5029 consultum,
1644 4970 1670 5016 et
1684 4961 1769 5018 dccli-

135 5063 166 5110 ut
192 5052 322 5109 festinato
336 5052 502 5109 vizeliacum
519 5055 621 5120 teniat,
646 5063 673 5110 et
696 5053 797 5111 icstum
820 5056 928 5114 ittstans
979 5055 1051 5111 netis
1068 5055 1102 5110 ab
1113 5054 1224 5110 homine
1238 5055 1285 5110 iiio
1298 5056 1346 5125 qui
1358 5062 1433 5110 tanta
1448 5052 1633 5110 debacchatur
1647 5052 1675 5108 in
1690 5053 1768 5110 vohis

134 5144 166 5200 B.
204 5143 297 5200 llariae
329 5144 496 5216 ilagdalenae
531 5145 634 5217 pariter
668 5145 769 5202 ibidem
801 5149 927 5205 concele·
978 5146 1132 5219 tyrannide,
1156 5146 1275 5203 scientes
1298 5146 1372 5218 quod
1396 5145 1475 5202 robis
1498 5159 1542 5201 me
1558 5143 1677 5215 propitio
1693 5143 1768 5201 nulla

134 5238 225 5292 beent.
236 5235 269 5292 lit
283 5252 347 5293 cum
359 5238 543 5295 ditissiodoro
555 5248 671 5309 uterque
685 5248 818 5309 presente
830 5240 929 5299 abbate
979 5240 1119 5310 contingat
1137 5237 1266 5305 delectio,
1289 5238 1370 5295 sicuti
1389 5252 1406 5293 e
1427 5237 1536 5294 diverso
1550 5237 1672 5308 ‹quaudiu
1687 5237 1768 5294 iidem

134 5342 162 5389 ct
189 5332 291 5388 comite
313 5331 470 5400 adsisteret,
490 5331 654 5388 hortabatur
668 5332 819 5389 clementer
841 5331 928 5391 comi-
978 5328 1143 5401 praestabitis
1153 5328 1323 5396 adversario,
1338 5327 1413 5383 nulla
1427 5326 1505 5383 robis
1517 5325 1570 5382 erit
1581 5325 1720 5382 salutatio.
1733 5326 1769 5381 nt

136 5432 189 5479 tout
203 5432 230 5480 ct
245 5421 390 5479 aiitbilitcr
402 5423 520 5496 legatus,
536 5432 564 5480 ot
577 5422 666 5495 sopita
679 5422 817 5479 calumnia
831 5438 927 5496 pacem
978 5436 1045 5478 tero
1066 5421 1089 5478 si
1105 5431 1229 5478 mutuam
1247 5419 1510 5477 confederationem
1532 5418 1568 5476 ad
1588 5418 1704 5477 iuticcut
1721 5417 1768 5489 ju·
