3892 6067
123 346 173 403 ibi
377 346 550 406 cubum.
570 350 603 406 tu
622 349 791 409 Psltltos.
808 351 951 408 -rsus
969 353 1014 420 ih,
1034 352 1313 411 EX110NOR10.-·
1331 353 1428 410 PShL.
1446 352 1549 412 cxlii.
1705 352 1758 410 stt

124 458 247 515 Doruirm
258 457 385 526 reddidit,
396 477 459 517 cum
470 477 584 520 munera
597 465 631 521 ad
642 463 792 521 iaciendum
804 466 915 522 domum
931 485 955 542 g
1004 466 1087 523 trus.
1104 467 1133 522 2.
1153 466 1286 534 Quoniam
1304 467 1461 539 confirmato
1480 478 1521 524 ost
1538 484 1617 539 super
1631 483 1678 523 nos
1692 483 1755 525 crs·

124 549 238 606 bomini
254 549 282 605 iu
297 549 449 609 Jerusalem
463 553 572 612 obtulit.
585 555 619 612 Et
634 558 771 628 signiticat
784 559 915 629 pnpnhnn
967 555 1063 613 dcntes
1081 558 1265 614 misericordia
1286 560 1355 629 cius,
1369 574 1424 630 qua
1445 567 1533 615 nostrl
1558 559 1689 616 misertus
1704 574 1756 615 uos

7 729 9 734 Α
126 642 261 708 bdelium,
276 642 324 713 qui
339 641 456 699 Dounion
470 653 534 701 vota
553 645 581 702 in
599 647 762 719 baptismate
781 648 917 719 promissa
966 650 1003 706 ab
1016 651 1169 707 idololatria
1182 651 1317 718 lihersvit;
1330 667 1391 723 guae
1402 651 1589 708 misericordia
1602 651 1680 707 tirma
1691 652 1755 715 erit,

124 734 268 806 persolvit.
967 743 1033 814 quia
1047 743 1169 814 quotidie
1183 741 1380 813 poeniteutihos
1394 751 1506 814 peccata
1519 741 1633 799 dimittit
1647 762 1655 798 :
1673 757 1755 813 quern

161 823 232 882 Nota
253 845 261 883 ε
283 824 312 882 in
334 828 440 898 psaltim
456 828 607 900 confitebor
621 829 764 887 admonuit
781 830 917 902 Propheta
968 836 1058 891 lorum
1072 833 1161 891 Lucas
1176 821 1280 905 pingit,'
1298 835 1345 905 quvi
1356 835 1452 890 scribit
1465 833 1538 905 quod
1549 832 1678 890 Christus
1693 850 1757 905 pec·

128 917 467 991 ddelesexemplosui;in
479 921 577 978 Brutus
587 922 773 995 uir‚eremplo
785 924 916 993 allorum3
968 935 1077 980 catores
1097 931 1125 978 et
1142 923 1305 994 publicanos
1323 922 1439 993 recepit,
1461 921 1504 978 vel
1526 920 1599 991 quod
1624 920 1756 992 Spiritum

129 1007 158 1061 in
178 1005 309 1074 taloan,
333 1009 421 1079 puori,
440 1009 533 1067 liliolus
551 1011 585 1067 de
605 1013 731 1083 gentihus
746 1021 851 1070 tantum
870 1030 919 1086 per
968 1025 1094 1071 sanctum
1116 1013 1351 1071 inremissionem
1373 1022 1546 1086 peccatorum
1567 1012 1703 1070 offuderit
1724 1012 1759 1069 Et

128 1097 280 1152 sccurrdam
292 1112 456 1169 personam;
479 1100 507 1155 in
519 1098 602 1156 Erite
619 1099 716 1169 israel,
732 1102 854 1161 iulideies
870 1120 919 1175 per
968 1123 1034 1175 vos,
1047 1105 1144 1176 todaei,
1162 1107 1225 1163 inde
1247 1106 1367 1175 laudate,
1380 1105 1512 1178 quoniam
1527 1106 1625 1162 teritos
1638 1103 1757 1170 Domini,

126 1190 339 1246 eorrversionem
355 1192 484 1258 aliorum,
502 1193 545 1249 vel
561 1193 622 1250 illos
640 1192 733 1252 ddeles
746 1198 792 1267 qni
807 1198 919 1253 iuuerunt
970 1198 997 1255 id
1011 1206 1054 1254 est
1066 1198 1213 1270 completio
1239 1197 1430 1268 promissionis
1456 1198 1523 1269 ujus·
1544 1198 1572 1254 hr
1597 1212 1657 1254 nos
1670 1207 1758 1253 mosot

126 1288 252 1350 tempore
269 1279 365 1351 pacis:
381 1282 408 1336 iu
425 1280 516 1338 Dileoi
534 1284 731 1356 admonetjam
746 1286 775 1342 in
788 1286 840 1343 inde
855 1304 920 1359 pro-
968 1289 998 1343 in
1009 1298 1147 1344 oeternum
1165 1287 1214 1344 Vel
1236 1289 1334 1344 coritas
1358 1287 1385 1343 in
1409 1288 1539 1359 hisquae
1552 1287 1692 1359 prouida
1704 1289 1758 1359 piis

124 1379 222 1427 vectos
243 1372 277 1427 ad
298 1371 447 1442 perfectam
467 1373 657 1445 dilectioncnr;
676 1377 703 1432 iu
721 1374 830 1433 Credidi
845 1394 920 1433 mar·
968 1387 1112 1451 permanet
1126 1380 1154 1435 in
1176 1387 1320 1446 aeternum,
1340 1394 1403 1434 cum
1427 1378 1456 1434 in
1477 1378 1590 1434 ooetesti
1605 1376 1758 1435 ierusalem

125 1470 204 1534 tyros
214 1459 363 1519 hortantur
375 1465 444 1521 alios
456 1480 508 1522 suo
519 1467 645 1539 exemplo
655 1468 689 1523 ad
704 1467 919 1539 martyriunr.1n
969 1470 1049 1528 eiecti
1060 1470 1164 1541 lapides
1179 1468 1422 1526 coaedidcabuotur
1438 1487 1446 1524 z
1460 1468 1502 1525 vel
1517 1469 1546 1525 in
1563 1469 1618 1535 his,
1633 1484 1695 1541 qvae
1706 1471 1760 1525 inr-

125 1551 183 1608 hoe
196 1553 302 1622 psairno
323 1554 453 1611 admonet
469 1556 602 1627 Propheta
622 1574 718 1617 omues
729 1568 757 1616 et
771 1559 880 1617 iudaeos
892 1569 920 1617 et
969 1563 1024 1634 piis
1044 1564 1228 1619 comminatus
1245 1572 1309 1629 est,
1333 1576 1398 1618 cum
1419 1560 1475 1633 igni
1495 1560 1713 1633 inexstinguibili
1732 1573 1761 1618 et

125 1644 245 1712 gentiles
260 1645 293 1701 ad
318 1645 427 1702 laudem
450 1647 508 1716 liei,
522 1665 554 1705 er
569 1650 670 1720 quihus
689 1652 839 1709 mlidcotur
850 1653 919 1708 civi·
969 1654 1111 1711 vermibus
1123 1654 1325 1711 immortalibus
1343 1654 1495 1718 tradentur,
1511 1661 1542 1709 ut
1562 1652 1672 1711 Marcus
1691 1653 1763 1718 seri<

126 1743 174 1788 tas
187 1731 268 1806 Regis
281 1736 384 1808 magni,
396 1737 424 1792 in
435 1752 489 1808 qua
500 1738 567 1793 uiiril
582 1739 656 1798 aliud
668 1741 767 1813 agitur,
783 1741 838 1797 uisi
852 1757 919 1798 con·
970 1743 1011 1803 hit
1032 1763 1040 1802 ι
1062 1764 1072 1799 ι
1095 1742 1168 1818 iguis
1189 1761 1285 1801 eorum
1307 1762 1362 1801 non
1382 1745 1584 1817 exstinguetur,
1601 1754 1629 1802 et
1654 1761 1760 1803 vermes

126 1824 203 1880 ditor
217 1840 233 1879 a
246 1824 370 1893 civibus,
388 1843 437 1883 rex
455 1844 471 1884 a
494 1830 627 1888 militibus
644 1831 783 1889 laudatur.
797 1831 860 1889 ideo
876 1833 921 1890 hic
935 1826 958 1884 Β
970 1853 1067 1894 eorum
1089 1852 1145 1894 uon
1165 1840 1319 1895 morientur
1344 1839 1444 1908 (liare.
1460 1858 1499 1909 rx,
1514 1842 1572 1914 ts).
1589 1861 1599 1896 r
1618 1842 1668 1900 ilie
1687 1844 1761 1914 psal-

127 1916 254 1989 pschnus
265 1917 374 1975 duobus
386 1919 513 1978 versibus
528 1923 669 1992 scribitur,
681 1925 747 1996 quia
759 1924 804 1983 illa
817 1924 921 1984 labrire
970 1944 1034 1986 mus
1063 1929 1165 1985 dicitur
1195 1939 1300 1989 atomus
1328 1932 1510 2003 psalmomm,
1542 1932 1637 2004 puncti
1662 1932 1761 2004 prele-

127 2009 238 2065 duubus
266 2010 416 2081 parietibus
440 2013 591 2085 perileitur,
613 2015 723 2072 duobus
750 2017 921 2076 testamentis
970 2035 1036 2076 rens
1058 2019 1235 2093 dignitatem,
1266 2022 1338 2078 unde
1365 2022 1438 2079 linea
1461 2024 1569 2090 oritur,
1597 2034 1631 2080 ct·
1646 2023 1762 2081 divers-a

127 2099 351 2172 compaginatur,
369 2102 479 2161 duobus
497 2105 639 2177 praeceptis
654 2107 798 2164 charitatis
813 2109 921 2181 colligi·
970 2112 1143 2169 schematum
1164 2114 1461 2186 speciesductissima
1482 2118 1614 2176 varietate
1636 2116 1761 2176 forman.-

128 2197 187 2246 tur,
201 2187 328 2247 Psalmns
341 2199 460 2276 quatuor
480 2195 612 2251 memhris
626 2196 814 2267 distinguitur,
827 2207 855 2253 et
869 2198 922 2256 boe
971 2213 1027 2261 tur.
1679 2244 1684 2254 ·

129 2280 277 2338 aedilicium
297 2293 417 2354 quatuor
435 2286 594 2355 virmtibus,
611 2298 733 2360 quatuor
755 2287 921 2362 Evangeliis,
1007 2295 1144 2365 Qarmrrtur
1167 2316 1217 2358 cur
1241 2302 1294 2358 iste
1317 2303 1441 2374 psalmus
1455 2313 1562 2362 tantum
1581 2305 1653 2364 duos
1665 2320 1763 2364 rervm

128 2378 252 2451 quartuor
264 2373 441 2481 evangelistis
455 2375 622 2448 depingitur.
637 2375 696 2436 Vox
718 2387 779 2435 rota
794 2379 821 2436 lu
842 2378 923 2438 ieru-
971 2390 1119 2458 continent,
1132 2408 1196 2449 cnm
1208 2394 1331 2465 psalmus
1347 2413 1354 2449 :
1372 2395 1451 2452 Bruti
1469 2397 1637 2453 imrnorotmi
1650 2408 1762 2455 centurn

129 2463 218 2520 ”iem
230 2465 401 2522 reddentium
417 2487 425 2524 τ
972 2481 1144 2553 septuagints
1155 2491 1183 2540 et
1195 2499 1241 2540 sex
1258 2500 1356 2543 versus
1373 2487 1492 2543 babeatl
1512 2486 1569 2544 lloc
1588 2488 1650 2545 ideo
1664 2497 1717 2554 est,
1733 2501 1766 2544 ur
1837 2509 1842 2518 ·

169 2553 252 2611 Vsus.
268 2555 295 2611 l.
312 2555 432 2614 Laudato
450 2558 605 2631 Dominum,
627 2575 832 2637 antuerpenses,
848 2565 923 2621 scili·
972 2570 1044 2628 sicut
1056 2571 1208 2644 harmonia,
1219 2576 1246 2634 id
1256 2584 1298 2633 est
1308 2577 1542 2648 pulchramusicae
1550 2577 1659 2633 virtutis
1670 2577 1767 2634 noum

130 2655 176 2702 eet
200 2661 273 2752 ore..
284 2648 367 2704 corde
389 2658 417 2705 et
436 2666 528 2722 opere,
544 2669 618 2725 qun,
638 2655 741 2712 relictis
754 2657 921 2725 simulacris,
972 2664 1040 2720 latio
1056 2681 1090 2722 ex
1103 2666 1221 2725 diversis
1235 2670 1312 2726 sonis
1325 2679 1408 2742 atque
1428 2670 1588 2726 accentibus
1601 2683 1684 2726 unam
1698 2683 1764 2740 pcr-

131 2747 290 2797 accessrsus
299 2739 333 2795 ad
344 2755 408 2797 eum
419 2756 467 2813 per
480 2742 570 2801 tidem.
584 2743 664 2802 lione
677 2748 767 2803 locum
779 2747 923 2806 ilatthaeus
972 2755 1074 2812 tectam
1096 2756 1163 2814 lacit
1177 2759 1342 2817 motilenam
1365 2760 1427 2817 :sic
1440 2761 1539 2831 psalmi
1554 2760 1635 2817 modo
1653 2759 1768 2828 breves,

131 2829 230 2901 pingit,
244 2829 291 2901 qui
306 2831 402 2888 scribit
415 2833 488 2904 quud
511 2845 566 2891 tres
588 2838 661 2908 magi
676 2853 790 2894 nrunera
805 2837 923 2895 Domino
973 2845 1056 2903 modo
1069 2847 1232 2914 mediocres,
1256 2848 1339 2904 modo
1360 2849 1434 2922 longi
1449 2851 1477 2906 in
1497 2866 1582 2906 onum
1598 2858 1777 2907 concentum·

130 2921 362 2995 subterraneum
380 2939 478 2982 omnes
493 2935 588 2998 gentes
601 2944 651 2984 sna
666 2928 719 2985 iidc
733 2930 922 3000 praetulerunt.
974 2937 1109 2994 suavitate
1129 2937 1292 2996 dulcissima
1318 2940 1487 3013 redigantur.
1510 2939 1559 2997 Vei
1581 2941 1655 3012 qnod
1671 2941 1781 3013 plurem

132 3009 338 3079 inuolaturum,
359 3031 448 3072 omues
461 3017 553 3089 popuii
572 3015 729 3074 ludaeorum
750 3018 876 3075 conversi
888 3019 923 3075 ad
973 3029 1078 3099 dispari
1104 3029 1187 3085 mods
1209 3045 1260 3102 pro
1283 3045 1375 3087 rerum
1400 3033 1531 3105 qualitate
1555 3031 1665 3088 formati
1687 3043 1762 3096 sunt,

132 3097 372 3173 ilegemnostrum
388 3105 415 3159 in
431 3105 484 3161 tide
501 3113 529 3162 et
546 3105 701 3164 dilectione.
729 3107 807 3164 lluno
831 3109 923 3165 locum
936 3158 958 3218 c
975 3118 1112 3191 signidem
1139 3118 1263 3176 loturum
1289 3133 1420 3193 reguum,
1453 3120 1500 3177 ubi
1533 3119 1642 3178 diuersa
1666 3120 1765 3177 metita

132 3187 255 3249 ioannes
269 3193 366 3266 pingit,
382 3195 429 3267 qui
444 3198 540 3254 scribit
553 3200 626 3271 quod
646 3199 741 3257 titulus
755 3209 829 3257 osset
848 3199 923 3258 cruci
973 3217 1131 3265 sanctornm
1156 3224 1207 3279 pro
1230 3218 1343 3265 actuum
1367 3209 1499 3281 qualitate
1524 3207 1680 3281 fulgebunt.
1699 3223 1775 3266 catut·

133 3283 291 3356 impositus,
314 3284 421 3357 loquo
445 3297 504 3344 erat
517 3287 661 3358 hebraice,
676 3289 769 3347 Grues
787 3289 924 3347 cibatiue
974 3306 1066 3355 tameo
1088 3298 1218 3357 omnibus
1241 3311 1296 3355 una
1319 3298 1461 3357 beatitudo
1474 3308 1503 3357 et
1527 3300 1765 3357 suavitasrrteroa

132 3377 269 3524 ⁸ssstiieppum
291 3395 299 3436 ;
323 3375 380 3433 Res
399 3377 568 3437 iudeorum.
584 3379 640 3439 Vos
655 3375 749 3458 gentes
777 3382 840 3440 inde
862 3382 923 3439 lau·
975 3398 1129 3462 praestetur.

706 3866 970 3957 PSthl'US
1008 3868 1204 3960 cxvii..
1267 3873 1270 3878 ’

720 4187 769 4249 lie
779 4183 975 4265 jubilatione
990 4190 1181 4266 martyrum

173 4379 774 4452 Cmfitcminidomino,quoniornionur,eto.
789 4375 840 4433 llis
853 4377 926 4448 psol·
941 4378 963 4433 ll
979 4372 1097 4431 miseris·
1122 4369 1241 4429 redusit
1261 4385 1310 4428 vos
1332 4372 1360 4427 in
1380 4386 1495 4446 regnum
1519 4371 1622 4444 glorie.
1653 4369 1766 4432 llatcrla

136 4490 201 4530 mus
225 4473 374 4531 centesimo
385 4469 622 4544 septimodecimo
642 4472 704 4528 loco
726 4469 866 4536 scribitur,
876 4469 924 4539 qui
978 4475 1044 4523 sunt
1057 4463 1220 4522 eontheutes
1241 4463 1338 4520 ileum.
1353 4460 1472 4520 intentio
1486 4478 1538 4520 nus
1561 4463 1708 4518 admonere
1731 4462 1765 4518 al

136 4581 271 4624 numerus
294 4566 321 4621 in
351 4564 522 4636 septuaginta
545 4574 572 4619 et
591 4563 772 4634 quandraginta
783 4569 810 4616 et
823 4570 926 4631 septem
979 4555 1303 4621 laudisconlcssiouem,
1318 4566 1347 4612 nt
1363 4553 1555 4627 perveniamus
1578 4551 1613 4610 ad
1636 4564 1766 4609 aetornam

137 4659 267 4732 partitur.
296 4657 349 4715 Per
373 4656 545 4730 septuaginta
566 4653 692 4710 innuitur
716 4669 797 4709 omno
820 4662 927 4722 tempus
978 4647 1201 4705 exsultationem.
1215 4644 1303 4702 verua
1318 4654 1428 4716 sumpta
1450 4653 1515 4700 sunt
1534 4643 1568 4700 de
1587 4644 1649 4714 ipso
1669 4641 1766 4709 David,

137 4758 241 4809 austrae
254 4748 483 4823 peregrinationis
498 4748 524 4803 in
541 4748 593 4803 hoc
606 4746 728 4813 mu11d03
744 4745 809 4815 quia
836 4752 928 4814 patros
978 4739 1026 4809 oui
1048 4737 1257 4795 tabernaculum
1272 4733 1390 4789 hirmino
1404 4733 1478 4802 iecit,
1499 4734 1527 4789 in
1550 4749 1607 4805 quo
1633 4742 1694 4790 vota
1716 4747 1766 4791 sua

136 4841 204 4900 olim
217 4840 330 4904 luerunt
339 4841 508 4913 septuaginta
520 4852 608 4895 annos
618 4837 717 4908 captivi
728 4835 755 4891 in
768 4834 926 4907 lisbplonia..
978 4830 1096 4887 Ilomino
1121 4827 1249 4895 reddidit,
1273 4825 1382 4882 laudern
1404 4825 1535 4891 cantavit,
1551 4826 1631 4897 cujus
1655 4823 1766 4882 dextera

136 4931 191 4989 l‘er
204 4931 389 5008 quadraginta
404 4931 557 4988 ostenditur
571 4938 668 4985 nostra
689 4926 811 4984 reversio
832 4926 865 4982 ad
879 4942 928 4997 pn·
978 4922 1192 4980 eumexaitavitr
1218 4917 1361 4990 Siguldcat
1383 4927 1474 4974 antem
1497 4917 1603 4975 fidelem
1623 4918 1767 4990 populum,

136 5024 231 5092 uiam,
246 5024 312 5097 quia
327 5031 421 5095 patres
431 5022 497 5078 oiim
509 5038 558 5094 per
572 5019 753 5092 qnadraginta
777 5033 867 5074 aurius
882 5035 928 5076 re·
979 5014 1027 5085 nni
1046 5013 1209 5069 catholicam
1242 5007 1399 5067 Ecclesiam·
1416 5010 1624 5067 tabernaculum
1650 5006 1769 5063 Domino

136 5116 212 5174 versi
224 5125 291 5174 snm
313 5116 347 5173 de
370 5109 489 5189 AEgypto
510 5115 542 5169 ad
570 5123 671 5169 terram
693 5111 926 5181 repromissionis.
980 5104 1054 5172 lacit,
1066 5103 1093 5158 in
1107 5117 1164 5174 quo
1178 5111 1242 5157 vota
1261 5116 1312 5157 sua
1326 5100 1428 5169 reddit,
1439 5098 1548 5155 laudern
1570 5096 1687 5152 Domino
1700 5110 1767 5152 eart-

136 5209 192 5265 Per
206 5217 310 5281 septem
335 5208 435 5265 future
455 5206 563 5277 requies
579 5203 756 5275 intelligiurr;
774 5202 837 5274 noris
855 5201 929 5258 heus
979 5205 1032 5265 tat,
1041 5196 1122 5267 cujus
1134 5195 1246 5251 lettera
1258 5209 1321 5250 eum
1332 5191 1460 5264 ingloria
1476 5189 1616 5247 exaltabit.
1732 5217 1742 5232 ι

137 5297 274 5368 requierit
287 5299 406 5370 septimo
419 5296 466 5354 die
479 5296 515 5350 ah
527 5293 657 5364 operibus
677 5291 782 5348 mtrndi.
798 5290 930 5361 designat
1016 5286 1066 5344 liic
1080 5286 1203 5359 psalmus
1216 5287 1244 5341 in
1263 5292 1383 5356 quatuor
1395 5291 1488 5353 partes
1502 5276 1768 5348 secatur,qnia1ic·

138 5405 208 5461 ergo
224 5389 272 5447 hic·
282 5404 428 5455 uumerus,
451 5378 526 5459 nivosi
543 5401 591 5456 per
605 5385 707 5441 Christi
725 5382 928 5440 cordossionem
980 5380 1064 5436 clesia
1076 5380 1110 5435 de
1122 5387 1244 5450 quatuor
1258 5375 1383 5447 partibus
1394 5372 1490 5428 mundi
1505 5372 1538 5427 ad
1558 5369 1682 5427 coelestia
1698 5383 1767 5426 eurr·

137 5483 174 5539 de
190 5481 411 5554 peregrinatione
422 5489 591 5537 revertemur
609 5480 643 5532 ad
657 5476 777 5549 paradisi
794 5474 929 5546 requiem.
980 5480 1118 5543 gregatur.
1139 5470 1230 5525 Prima
1252 5477 1315 5524 est:
1337 5466 1505 5536 Confitrmiui
1526 5464 1652 5532 domino,
1667 5463 1695 5518 ln
1713 5477 1767 5533 qrra

137 5572 248 5632 tuctus
262 5582 323 5630 est:
980 5575 1115 5635 martyres
1128 5562 1330 5631 triumphantes
1352 5557 1437 5614 mum
1468 5557 1589 5612 laudant.
1616 5553 1740 5611 seconm
1759 5574 1766 5609 :

464 5677 605 5718 nonnum.
980 5654 1084 5708 Burrum
1096 5662 1135 5707 cst
1146 5651 1276 5722 confidere
1286 5651 1315 5704 iu
1327 5647 1451 5714 Domino,
1467 5648 1494 5702 in
1508 5661 1562 5719 grta
1576 5661 1642 5704 suas
1656 5644 1769 5702 calami-

138 5755 199 5816 Boc
210 5765 257 5817 dil
266 5777 277 5816 ι’
286 5755 407 5814 hanimo
421 5755 564 5816 Domitium
582 5755 615 5812 dc
631 5754 697 5832 llud,
709 5752 774 5830 qlil'a
788 5751 821 5809 ild
832 5749 929 5808 exsilio
982 5758 1096 5808 {hibisci
1116 5746 1166 5803 [idi
1188 5744 1316 5800 bonosula
1340 5751 1511 5799 optinuerant,
1531 5739 1621 5800 Tertia
1640 5739 1769 5813 :Apstiiv
