3892 6067
195 165 268 236 areo
853 172 955 232 rsuuc
974 172 1019 230 os
1039 173 1173 230 arctus
1763 171 1844 226 rann

197 290 275 349 odire
286 292 383 363 possit,
396 305 429 348 ac
442 289 599 347 desiderare
610 287 755 360 justitiam,
772 297 802 345 ut
811 304 925 360 peecare
938 304 990 344 no·
1004 295 1028 352 A
1041 290 1162 361 platinae
1185 288 1341 360 tranquilia
1366 287 1489 360 sophim
1512 285 1559 344 sed
1586 285 1747 342 sollicitudo
1775 303 1847 343 oar-

153 444 163 453 „
197 382 231 439 lit
239 392 271 439 ἐι
281 382 414 453 poenitere
426 382 500 438 relit.
515 380 706 437 Couilteantur
719 396 785 453 erqo
802 379 920 437 Domino
937 381 989 436 mi·
1040 382 1089 440 nis.
1098 381 1235 451 timorque
1246 381 1343 436 matris
1357 380 1431 436 circa
1443 379 1527 435 liliam
1538 378 1585 443 sit,
1602 393 1637 434 ne
1651 379 1740 434 tantis
1755 380 1848 433 malis

199 475 356 535 sericordiae
375 475 446 544 eius,
468 484 496 529 et
509 474 643 529 mirabilia
666 473 727 544 ejus
748 473 812 529 tiliis
834 473 989 542 hominum,
1040 474 1173 541 tabescat,
1186 483 1327 544 materque
1347 489 1403 529 una
1417 472 1536 537 delicias,
1548 481 1576 527 et
1593 473 1680 526 ambre
1693 473 1846 543 perditum

199 567 330 635 quoniam
343 564 390 635 qui
401 566 486 636 gratis
498 565 526 620 iu
540 574 632 635 partes
644 564 709 635 Tyri
728 580 761 620 ac
775 563 887 621 Sidonis
899 566 975 621 mani
980 595 990 608 ·
1040 573 1114 621 caut.
1128 565 1151 621 0
1164 564 1278 620 Domine
1292 563 1370 633 iesu,
1391 581 1407 620 a
1428 563 1499 620 lacie
1513 562 1622 633 trigoris
1641 564 1679 617 tui
1697 563 1767 633 quis
1793 580 1849 619 su·

200 654 270 712 leste
283 657 409 720 secessit,
429 658 476 713 ubi
498 659 598 713 mulier
612 674 757 716 oerurrere
771 667 887 731 poterat,
904 660 990 731 qratia
1041 656 1173 713 stinebitl
1192 654 1283 723 Quare
1301 656 1345 711 rel
1366 655 1456 711 otiosa
1476 652 1599 711 incursio
1621 654 1716 721 fatigat
1743 655 1848 710 bomi-

199 748 233 803 dc
257 747 363 802 intiruis
382 747 441 803 suis
463 748 616 811 mulierem,
638 759 669 804 nt
693 757 860 811 occurreret.
884 748 992 804 occulte
1041 760 1116 812 nem,
1138 746 1186 816 qui
1212 747 1284 802 seria
1314 746 1374 801 sola
1398 754 1425 800 et
1447 753 1547 801 eterna
1576 744 1647 799 bona
1671 745 1848 799 desiderat:

199 838 423 906 extr-arit,quam
436 837 524 892 Filius
542 839 609 894 iuris
626 838 769 896 manifeste
786 838 991 910 suscepitllu·
1041 853 1128 910 quare
1143 838 1285 894 immunda
1306 837 1402 893 mundi
1417 838 1549 892 memoria
1573 852 1694 907 unquam
1718 838 1850 892 retrahit
1919 886 1920 907 ,

200 930 250 985 ter
263 945 329 1000 erqo
343 932 395 985 ista
410 928 560 985 Ecclesiam
580 930 615 984 ab
637 940 740 986 aterno
758 930 991 1001 praedestinatam,
1041 938 1171 998 ruentem,
1188 946 1271 1001 quam
1285 944 1365 985 amor
1376 930 1465 986 cmlia
1484 929 1588 984 mundo
1599 929 1683 986 semel
1699 931 1850 985 extraxit?

201 1023 228 1077 ia
244 1032 367 1091 tempore
387 1032 510 1078 rocatam
533 1038 566 1077 ac
583 1022 774 1093 justillcatam,
787 1032 850 1093 post
869 1033 991 1092 tempora
1041 1022 1133 1091 Quare
1144 1038 1199 1078 nou
1213 1023 1286 1090 licet,
1298 1030 1330 1079 ut
1340 1023 1416 1089 libet,
1431 1022 1517 1077 libere
1528 1032 1554 1077 te
1565 1023 1653 1091 sequi,
1665 1022 1690 1075 ci
1705 1023 1759 1092 qui
1772 1021 1849 1076 nihil

202 1112 442 1182 magnificandam,
458 1113 604 1183 significat,
617 1129 679 1182 quae
695 1129 746 1183 pro
756 1114 811 1168 illia
825 1127 886 1179 sua,
908 1113 935 1167 id
950 1124 993 1168 est
1040 1117 1149 1189 qoaerit,
1166 1117 1220 1173 uisi
1234 1116 1280 1171 tel
1296 1114 1456 1181 Olinminc,
1471 1116 1576 1171 salvum
1591 1129 1635 1169 me
1653 1113 1698 1170 iac
1715 1130 1734 1169 a
1749 1116 1848 1186 pusil-

200 1204 318 1277 siugulis
333 1206 428 1261 electis
444 1206 546 1274 jugiter
561 1214 641 1259 orat:
657 1221 720 1275 quae
733 1215 822 1261 tamen
838 1220 889 1260 nec
901 1203 990 1272 laeile,
1042 1209 1195 1266 lauimitate
1220 1208 1333 1278 spiritus
1359 1217 1386 1262 et
1407 1214 1578 1276 tempestate,
1599 1206 1625 1261 id
1649 1214 1691 1261 cst
1704 1204 1847 1276 vpropriis
1919 1248 1920 1255 ,

202 1310 251 1349 uec
274 1297 366 1349 statim
383 1296 539 1359 exauditur,
560 1309 611 1349 nee
630 1297 665 1348 ab
685 1295 861 1351 exauditione
881 1296 1002 1350 dentum·
1042 1302 1127 1357 eremi
1143 1298 1297 1356 daemuqtiq
1312 1296 1408 1353 Timeo
1428 1298 1513 1361 enirn,
1530 1311 1567 1351 qq
1584 1311 1633 1365 per
1648 1296 1847 1365 pusjnmjuq.

202 1401 286 1440 raeua
309 1387 458 1456 repellitur.
483 1384 582 1441 Omnia
605 1395 714 1454 tempus
738 1386 849 1453 babent,
871 1390 899 1440 ct
915 1385 992 1440 orili-
1042 1401 1127 1447 tatem
1150 1391 1255 1448 recidat
1272 1389 1412 1455 voluutas,
1431 1387 1483 1442 nisi
1504 1403 1520 1442 a
1541 1387 1710 1443 difficultatis
1734 1397 1847 1458 tempe

198 1491 275 1543 nent,
289 1475 438 1547 quaudoet
452 1478 564 1533 modum
581 1490 637 1547 quo
650 1477 778 1532 ercniaut
788 1478 990 1548 praestolantur.
1042 1490 1113 1537 state
1135 1480 1267 1536 liberetur
1292 1478 1419 1535 facultas.
1443 1478 1466 1534 0
1486 1478 1612 1544 Dontine,
1636 1493 1720 1533 mauu
1746 1477 1844 1541 fortis,

190 1565 267 1641 fied,
286 1579 314 1624 ut
325 1569 415 1636 rideo,
437 1570 570 1625 moralem
591 1569 791 1639 expositionem
811 1571 898 1637 ruaqis
912 1586 992 1625 aecc-
1043 1575 1216 1646 omnipotens
1225 1573 1302 1639 Jestr,
1317 1572 1364 1642 qui
1375 1572 1509 1628 rationem
1521 1586 1611 1627 meam
1626 1572 1661 1627 ab
1672 1573 1845 1643 ignorantia

202 1660 295 1729 pratis,
309 1672 336 1716 et
351 1662 417 1732 quid
429 1662 570 1717 moraliter
580 1661 634 1715 dici
649 1662 746 1716 debeat
760 1661 859 1716 mulier
872 1663 935 1726 ista,
950 1663 992 1717 rel
1007 1636 1029 1691 B
1044 1668 1169 1722 daemoue
1192 1664 1310 1731 soluisti,
1331 1671 1359 1719 ct
1378 1665 1547 1720 voluntatem
1571 1678 1587 1719 a
1607 1664 1844 1734 concupiscentia
1919 1690 1920 1727 3

199 1751 261 1817 eius
273 1752 339 1816 lilia,
354 1754 419 1808 olim
431 1755 606 1824 exspectatis.
1045 1766 1121 1827 peste
1138 1755 1251 1821 eruisti,
1273 1770 1288 1809 a
1311 1753 1469 1811 difficultate
1493 1755 1544 1811 bae
1570 1755 1656 1811 libera
1677 1754 1841 1812 laenitatem
1919 1782 1920 1821 q

236 1840 334 1897 bluliet·
353 1844 434 1914 igitur
456 1845 586 1913 quaelibct
604 1845 695 1899 anima
720 1845 880 1917 intelligitur
898 1861 914 1900 a
937 1844 992 1900 beo
1046 1863 1146 1913 meam,
1160 1855 1191 1901 ut
1210 1859 1274 1900 eunt
1292 1844 1395 1901 sanetis
1417 1843 1600 1916 angelistuis,
1618 1843 1721 1913 quibus
1744 1844 1842 1907 subest

200 1943 349 2003 praesenta,
369 1943 400 1990 ut
425 1944 566 2005 peecatum
578 1936 665 2004 odiat,
679 1936 816 1992 desideret
833 1937 990 2008 Jusutiam:
1045 1955 1137 2011 posse,
1158 1952 1221 1993 cum
1236 1936 1330 2004 uelint,
1345 1943 1470 2006 potentes
1492 1934 1580 1991 simus
1594 1934 1707 2001 rirtutc,
1726 1935 1780 2005 qni
1793 1934 1841 1989 de·

200 2028 244 2082 eui
269 2037 359 2081 tamen
382 2027 459 2081 deest
478 2028 605 2091 incultas,
628 2036 659 2083 ut
676 2044 731 2083 uou
756 2030 782 2085 id
805 2045 837 2084 ca
862 2030 993 2085 facilitate
1045 2031 1100 2085 ruti
1126 2043 1224 2084 sumus
1240 2028 1391 2092 roluutate,
1413 2025 1545 2083 iacientes
1569 2025 1686 2081 verbum
1708 2035 1789 2082 tuum
1803 2024 1839 2081 ad

199 2118 299 2189 possit,
319 2133 373 2188 qua
394 2118 526 2173 facilitate
539 2119 695 2189 eupitzcui
710 2120 779 2175 velle
798 2121 901 2177 tronum
915 2121 993 2191 adia·
1045 2120 1208 2178 audiendam
1222 2132 1318 2175 rocem
1332 2133 1492 2174 sermonum
1505 2127 1626 2173 tuorum.
1641 2114 1838 2174 Verumtamen
1919 2166 1920 2179 ,

201 2219 256 2276 εει,
272 2224 352 2281 posse
371 2220 463 2267 autem
487 2209 618 2281 perlicere
639 2228 693 2268 non
709 2212 835 2281 inrenit3
860 2229 992 2284 quaeuou
1043 2212 1176 2285 quoniam
1201 2211 1324 2267 laborari
1346 2211 1485 2277 clamans,
1512 2218 1542 2265 ut
1566 2224 1658 2265 raucae
1681 2209 1764 2266 lactae
1783 2212 1839 2266 sint

201 2303 304 2360 bouum
320 2304 393 2374 quod
412 2303 497 2374 cupit,
511 2304 558 2359 sed
571 2305 674 2360 malum
689 2305 763 2375 quod
781 2305 849 2372 odit,
870 2305 936 2363 illud
951 2307 993 2362 la·
1045 2305 1140 2362 lauces
1163 2319 1240 2372 mese,
1255 2312 1283 2359 et
1299 2305 1358 2374 ipse
1381 2317 1437 2358 uon
1459 2302 1602 2373 respondit
1617 2302 1686 2357 mibi
1702 2303 1838 2368 rerbum3

200 2400 248 2454 cit.
261 2396 379 2467 ideoque
399 2412 448 2467 pro
461 2397 515 2451 iilia
527 2414 576 2453 sua
591 2407 680 2468 rorat,
696 2399 723 2453 id
738 2407 781 2455 est
799 2400 923 2456 libertate
942 2417 993 2456 na·
1044 2412 1095 2455 ros
1110 2396 1210 2454 iratres
1225 2396 1263 2467 pii
1276 2404 1303 2451 ct
1315 2396 1415 2459 sancti,
1431 2410 1463 2452 ac
1473 2394 1651 2450 exauditione
1661 2393 1735 2466 digni
1748 2394 1839 2448 disei-
1919 2418 1920 2481 3

201 2487 295 2555 turali,
316 2503 379 2558 quae
393 2487 552 2545 difficultate
573 2491 747 2560 opprimitur.
764 2491 889 2563 Cumqre
911 2493 992 2564 quasi
1044 2489 1103 2561 pull
1117 2488 1189 2560 ejus,
1206 2487 1288 2544 laeite
1300 2503 1351 2559 pro
1366 2502 1411 2542 me
1432 2485 1519 2543 Verbo
1532 2487 1658 2550 uerbum,
1684 2484 1731 2556 qui
1746 2485 1837 2539 clamo

201 2594 268 2634 sana
290 2595 344 2650 qua
358 2581 460 2635 bonum
473 2590 501 2635 et
511 2581 618 2650 justum
632 2591 716 2649 amat,
731 2585 769 2638 sit
787 2585 927 2653 voluntas,
944 2601 992 2641 ca·
1045 2583 1128 2639 etiam
1149 2589 1212 2653 post
1227 2594 1290 2647 ros,
1309 2586 1337 2634 et
1354 2594 1402 2650 por
1419 2592 1470 2634 ros
1489 2576 1644 2647 adipsum,
1660 2592 1676 2630 a
1696 2590 1753 2648 quo
1775 2577 1836 2630 sola

200 2671 274 2741 ptira
287 2679 379 2727 mmcn
403 2673 456 2727 sub
474 2682 597 2742 peccato,
618 2689 653 2731 oe
673 2675 700 2730 id
714 2677 813 2747 possit,
827 2686 935 2734 tenetur
950 2678 992 2734 ia·
1044 2676 1139 2735 uenire
1161 2683 1249 2747 potest
1269 2672 1402 2729 auxilium
1415 2690 1422 2727 :
1437 2671 1485 2744 qui
1506 2685 1569 2727 cum
1591 2668 1671 2724 Patre
1689 2679 1717 2724 ct
1732 2669 1834 2738 Spiritu

201 2760 300 2817 cultas.
315 2759 392 2817 Unde
403 2772 431 2818 et
443 2764 523 2834 quasi
533 2765 568 2819 ab
580 2767 712 2837 Apostolo
723 2768 817 2824 edocta
835 2771 989 2826 exclamat:
1042 2776 1142 2827 sarneio
1153 2767 1221 2823 tirit
1235 2775 1263 2823 et
1275 2773 1371 2835 reqrrat
1386 2763 1458 2819 Deus
1472 2772 1536 2819 ante
1554 2762 1664 2829 saculq
1675 2770 1705 2817 et
1719 2777 1792 2817 nnnc
1808 2772 1835 2816 ει

200 2851 296 2908 lulelir
311 2868 362 2924 eqo
377 2855 486 2922 mulier,
502 2855 565 2928 quis
577 2857 705 2914 liberabit
718 2860 789 2915 banc
803 2860 886 2916 ssliam
900 2876 990 2918 meam
1045 2875 1163 2931 semper.
1176 2860 1273 2915 Amen.

201 2943 236 3000 de
247 2959 364 3016 corpore
377 2950 473 3003 mortis
494 2947 589 3019 buius,
602 2950 629 3005 id
643 2960 687 3006 est
700 2951 734 3006 de
749 2954 927 3023 oppressione
939 2954 992 3010 dae-
1311 2944 1428 3003 SERHO
1445 2944 1568 3001 XXXIV·

201 3037 293 3090 monis
307 3037 409 3109 huiusi
429 3037 503 3094 lstud
525 3041 598 3095 euim
620 3050 662 3097 est
682 3043 861 3110 daemouiuzu,
884 3046 992 3117 dequo
1292 3056 1319 3096 ru
1337 3054 1427 3096 sones
1446 3045 1532 3095 resto
1556 3054 1583 3093 tt.

200 3127 240 3180 ait
251 3127 401 3197 Apostolus
415 3148 423 3184 ι
438 3131 501 3186 Seio
522 3132 593 3202 quod
604 3149 657 3187 eon
669 3133 772 3189 dabitat
785 3137 814 3189 iu
829 3152 879 3204 me,
891 3138 939 3191 boc
953 3147 993 3193 est
1080 3136 1178 3191 Dicunt
1201 3150 1225 3190 er
1250 3132 1376 3203 discipali
1396 3148 1405 3186 :
1429 3132 1542 3187 Dimitte
1564 3146 1633 3196 eom,
1655 3131 1720 3201 quie
1737 3129 1832 3184 clomm
1919 3148 1920 3169 ³

199 3217 227 3272 ire
242 3236 321 3275 cartre
332 3238 402 3288 nter,
416 3222 610 3295 bonum(llotn.
622 3227 682 3299 ru).
699 3226 803 3283 Volouti
818 3231 892 3285 euim
905 3229 994 3287 lacero
1043 3237 1102 3298 port
1114 3243 1162 3283 nor
1182 3225 1293 3298 (lloltlr.
1313 3226 1371 3297 xri.
1390 3223 1451 3288 Eia,
1473 3224 1584 3290 sibim,
1608 3221 1713 3293 sssilbilfi
1738 3238 1832 3277 ⁸⁰³¹OE

200 3312 302 3368 bouum
319 3317 421 3371 malurn
433 3317 549 3388 adjacet,
566 3320 732 3375 daeuroniuru
745 3322 872 3378 videlicet
891 3324 992 3379 durum
1044 3332 1127 3388 opere
1140 3330 1296 3372 marinum:
1319 3315 1366 3372 sed
1380 3328 1528 3385 pausemus
1544 3313 1698 3379 modicum,
1708 3313 1772 3367 dem
1787 3327 1833 3367 re·

199 3416 233 3456 ac
245 3402 337 3458 dirum
355 3424 361 3459 :
379 3420 394 3460 a
410 3422 465 3475 quo
478 3408 535 3461 illia
547 3409 671 3463 mulieris
684 3410 766 3478 liujus
781 3412 852 3465 male
866 3423 992 3474 uexatur.
1044 3407 1193 3479 spondeam
1217 3405 1363 3477 quaestioni
1382 3403 1475 3461 fratris
1491 3404 1585 3474 hujus,
1606 3404 1642 3460 de
1656 3405 1711 3459 titre
1730 3418 1834 3460 serm

200 3492 254 3547 Sed
277 3497 342 3565 quia
367 3496 434 3551 nibil
452 3507 504 3565 est,
520 3500 594 3567 quorl
615 3514 675 3553 eam
692 3502 798 3556 saltare
821 3504 918 3572 possit,
937 3507 992 3562 nisi
1043 3499 1088 3556 nis
1101 3497 1233 3566 hesterni,
1249 3497 1324 3568 quod
1334 3494 1469 3553 Dominus
1485 3497 1552 3552 dare.
1564 3496 1731 3567 dignabitur.
1754 3495 1834 3549 Hira·

199 3583 360 3664 gratissimi,
375 3595 402 3641 et
420 3588 472 3645 lruc
494 3605 542 3660 per
556 3589 650 3647 iesum
673 3592 825 3663 Christum,
847 3598 908 3656 ideo
922 3614 991 3656 con.
1043 3601 1089 3647 tur
1101 3592 1174 3647 enirn
1190 3590 1256 3661 quid
1271 3590 1325 3645 silti
1336 3589 1402 3646 velit
1415 3588 1499 3659 quod,
1517 3587 1635 3643 Domino
1650 3604 1704 3643 uon
1719 3604 1834 3658 respon*

199 3685 305 3735 stanter
328 3680 452 3736 clamat:
480 3681 544 3737 lesa
571 3682 628 3738 Fili
652 3685 756 3754 Dauid,
789 3691 912 3747 miserm
939 3695 992 3748 mei
1042 3684 1123 3740 dente
1140 3684 1260 3751 mulieri,
1284 3682 1412 3753 discipuli
1435 3682 1535 3752 pictate
1553 3682 1620 3737 moti
1638 3682 1764 3754 rogarint
1783 3698 1832 3753 pro

199 3768 311 3840 (llettlr.
328 3773 484 3843 artoarto
499 3776 572 3831 euim
587 3794 667 3832 morra
689 3781 769 3850 [ortis
783 3781 989 3853 iuterpretatur.
1042 3795 1086 3847 ea,
1101 3780 1181 3852 quasi
1207 3778 1295 3851 magis
1317 3780 1374 3835 sint
1393 3778 1432 3850 pii
1457 3788 1485 3833 et
1505 3778 1698 3834 misericordes
1716 3777 1831 3835 ltomiuo

199 3860 275 3920 Forti
286 3866 360 3920 enim
371 3866 475 3923 auxilio
485 3883 555 3939 opus
565 3878 618 3935 cst,
633 3879 663 3926 ut
674 3881 729 3927 tam
744 3871 815 3929 sorte
824 3875 991 3931 daemonium
1041 3886 1104 3938 suo,
1124 3872 1172 3942 qui
1193 3870 1256 3926 lons
1269 3871 1380 3942 pictatis
1394 3882 1447 3938 est,
1462 3879 1490 3926 et
1510 3869 1636 3926 sufficere
1649 3869 1730 3926 debet
1749 3871 1831 3928 disci·

199 3955 364 4025 expellatur.
375 3955 444 4027 Ego,
454 3959 636 4029 dilectissimi,
646 3978 734 4019 meam
746 3979 804 4020 rem
815 3965 910 4038 laicaqi
921 3982 991 4038 prae-
1041 3964 1117 4035 pulo,
1138 3963 1163 4020 si
1179 3964 1216 4019 sit
1231 3964 1302 4020 sieut
1315 3963 1446 4034 magister
1459 3963 1531 4032 eius.
1548 3960 1601 4016 Sed
1612 3961 1678 4032 quid
1694 3963 1762 4025 sris,
1778 3962 1830 4018 ira·

200 4046 290 4113 rideo,
301 4063 389 4118 neque
398 4049 482 4104 aliam
492 4052 615 4108 inreuire
626 4054 693 4109 mibi
705 4054 784 4112 laeile
794 4067 846 4121 est,
858 4073 920 4130 quar
929 4072 989 4115 mea
1041 4064 1093 4123 ter,
1108 4066 1199 4111 utrum
1211 4057 1313 4127 pietate
1324 4055 1442 4127 permoti
1452 4071 1488 4110 au
1500 4055 1580 4110 tedio
1590 4054 1665 4123 victi,
1678 4055 1707 4109 id
1717 4060 1828 4126 egerint,
1919 4124 1920 4127 Ἴ

199 4139 289 4209 magis
304 4139 422 4195 intersit.
434 4139 592 4199 Praereutus
604 4145 678 4200 euim
695 4149 781 4217 gratis
798 4150 913 4221 agraria
929 4149 988 4217 Dei,
1040 4164 1159 4220 quorum
1180 4150 1239 4206 lucc
1252 4149 1335 4206 rerba
1356 4156 1530 4204 noscuntur:
1555 4146 1665 4201 Dimitte
1678 4163 1746 4214 eost,
1767 4148 1828 4218 qaia
1919 4152 1920 4155 ’

199 4245 254 4285 nou
268 4232 358 4286 sulum
376 4234 535 4303 aper-catis,
548 4247 576 4292 et
591 4237 667 4292 omni
684 4240 831 4297 occasione
847 4243 988 4312 peccandi,
1041 4241 1142 4298 elamet
1155 4251 1215 4312 post
1227 4242 1298 4296 nori
1313 4240 1365 4296 Sed
1376 4250 1446 4307 esto,
1455 4238 1639 4310 speremusde
1650 4239 1826 4311 eismelera,

199 4324 401 4390 verumetiam,
417 4334 573 4382 utceruere
587 4337 640 4395 est,
656 4329 776 4387 abomui
793 4334 879 4389 lerme
897 4335 989 4390 bomi·
1005 4343 1069 4403 oet
1083 4333 1216 4390 riciulora
1238 4333 1343 4404 pietati.
1363 4330 1431 4399 Quis
1451 4339 1542 4388 tamcn
1563 4342 1687 4388 nostrum
1707 4338 1760 4395 est,
1781 4332 1826 4401 qui

198 4429 264 4470 num
279 4418 411 4474 societate
430 4433 463 4474 ac
479 4421 583 4477 rutundo
604 4425 756 4494 communi,
770 4426 798 4480 in
816 4426 889 4483 bane
909 4427 989 4482 abdi·
1040 4441 1096 4482 non
1118 4426 1183 4482 relit
1209 4439 1319 4480 omnem
1338 4423 1477 4480 bominem
1502 4424 1618 4491 salrari,
1639 4433 1666 4480 et
1693 4423 1825 4478 neminem

198 4517 267 4575 um,
295 4510 458 4582 aridamque
483 4526 606 4568 eremum
631 4518 751 4574 contrito
773 4520 856 4575 corde
876 4520 989 4589 secessi,
1041 4518 1154 4573 omuino
1175 4515 1203 4570 iu
1219 4514 1328 4570 interno
1340 4514 1529 4570 darnuarilbt
1549 4513 1661 4585 quidem
1677 4513 1757 4579 neus,
1772 4527 1826 4583 quo

198 4611 336 4671 quatenus
359 4602 510 4673 preteritas
533 4605 738 4677 delectationes,
755 4627 839 4668 ranas
863 4611 990 4670 lrirolas-
1041 4612 1136 4683 utique
1149 4608 1278 4664 meliores
1291 4622 1346 4662 nou
1361 4622 1469 4673 sumus,
1484 4605 1511 4661 id
1524 4620 1557 4662 ea
1567 4605 1700 4662 facilitate
1712 4620 1767 4677 qna
1777 4619 1826 4660 ro-

199 4710 253 4764 que
280 4699 464 4771 curiositates,
488 4705 671 4775 presentibus
685 4704 713 4759 in
737 4721 781 4760 me
804 4705 988 4773 ariditatibus,
1039 4705 1145 4761 luntate
1159 4711 1262 4775 posset,
1278 4703 1300 4758 si
1312 4686 1403 4756 vellet.
1418 4697 1496 4765 item,
1512 4713 1576 4755 cum
1588 4696 1713 4755 ridemus
1726 4712 1824 4769 paupe·

198 4784 299 4841 inediis
312 4797 340 4842 et
352 4789 568 4849 desolationibus
586 4793 709 4863 puniam,
722 4807 755 4847 ao
765 4792 799 4847 de
810 4800 910 4849 caetcro
924 4794 991 4850 sub·
1039 4815 1097 4856 rem
1109 4800 1200 4869 algere
1219 4797 1320 4862 bieme,
1346 4794 1389 4851 rel
1409 4794 1500 4850 esurie
1516 4792 1656 4849 tabescere
1667 4800 1771 4859 aestate,
1784 4790 1824 4846 ri·

198 4876 281 4933 dueta
296 4882 410 4935 materie
424 4891 453 4938 et
466 4886 613 4940 occasione
632 4885 776 4953 similium,
792 4884 901 4942 facilius
914 4898 942 4943 et
957 4887 991 4943 ii·
1040 4890 1164 4948 sceribus
1178 4889 1288 4959 quidem
1310 4886 1419 4957 pietatis
1432 4884 1644 4951 amelmasser
1656 4898 1711 4938 non
1729 4882 1824 4937 babes>

198 4968 293 5027 berica
313 4987 375 5042 quae
395 4984 470 5031 retro
483 4987 548 5032 suut
569 4978 735 5035 obliviscens
749 4981 777 5035 iu
792 4982 929 5037 anteriora
945 4996 990 5037 me
1040 4988 1082 5038 tes
1101 4981 1174 5036 uude
1193 4979 1268 5035 iilius
1289 4979 1409 5049 inopiam
1435 4976 1638 5048 propulsemus,
1654 4973 1748 5031 saltmu
1762 4988 1825 5044 pro·

197 5063 355 5119 estendam.
376 5065 502 5122 Attamen
518 5069 572 5124 lilia
588 5069 647 5125 bec
659 5086 719 5125 mea
735 5080 790 5125 tam
804 5072 876 5127 male
889 5073 924 5128 ab
937 5073 990 5129 boc
1041 5072 1125 5129 lunde
1138 5074 1275 5144 gemimus
1287 5087 1295 5126 ι
1309 5069 1382 5125 brus
1398 5078 1501 5135 autem,
1517 5067 1652 5139 quidires
1670 5074 1713 5120 est
1728 5065 1758 5119 in
1769 5079 1826 5119 om·

197 5151 336 5211 demonio
350 5167 478 5228 vexatur,
499 5168 526 5215 et
547 5159 665 5217 taculum
687 5162 853 5234 adimplendi
873 5164 988 5229 Mutum,
1039 5164 1164 5230 nibus,si
1183 5163 1305 5234 piusest,
1316 5160 1455 5232 quomodo
1466 5160 1591 5231 negligit,
1606 5167 1635 5215 et
1647 5158 1695 5230 qui
1706 5157 1742 5213 de
1755 5156 1825 5213 tadu

197 5247 272 5316 quod
286 5246 355 5305 irene
374 5251 447 5321 volo,
460 5252 534 5325 quod
550 5253 689 5320 desidero,
703 5253 776 5325 quod
793 5256 936 5328 proposui,
953 5256 991 5312 ob
1040 5260 1140 5329 potest,
1153 5271 1241 5329 quare
1252 5270 1309 5313 uon
1328 5254 1475 5311 subrenitl
1490 5252 1571 5309 Nulla
1585 5260 1628 5309 est
1647 5260 1781 5309 creature
1792 5250 1825 5308 atl

198 5340 272 5409 (1111)(1
287 5340 356 5414 filil»
370 5352 399 5400 ⁰²
413 5345 539 5419 *longavi
554 5363 598 5403 ¹¹10
609 5348 645 5403 ab
658 5347 826 5415 hominibus,
848 5359 923 5403 ldnld
936 5347 991 5403 dil·
1039 5353 1195 5411 Creatorem
1207 5351 1388 5421 comparatio,
1404 5349 1478 5405 nulla
1490 5357 1532 5405 est
1547 5356 1649 5407 nostra
1660 5347 1827 5419 pictatium
1919 5406 1920 5415 ,

198 5434 318 5491 llesimte
332 5439 476 5509 premitur,
490 5452 520 5497 ut
534 5457 585 5498 nee
598 5450 696 5510 mater,
711 5451 774 5514 qua
787 5456 854 5497 sana
869 5457 930 5499 esse
949 5441 990 5497 rl·
1039 5443 1189 5501 voluntatis
1204 5443 1275 5499 ratio
1289 5442 1324 5497 ad
1339 5440 1472 5498 diuinam.
1493 5436 1571 5511 Smpe
1584 5439 1658 5495 cuim
1682 5436 1750 5494 iacit
1762 5448 1824 5494 saca
1919 5432 1920 5435 ’

198 5526 326 5598 rimatur,
340 5533 432 5602 possit
447 5550 509 5591 csse
522 5536 616 5607 quieta
629 5535 673 5592 rel
692 5550 805 5601 secura;
821 5550 873 5591 nec
884 5535 912 5590 in
927 5546 988 5591 erut
1038 5537 1083 5609 pie
1095 5536 1174 5604 relle,
1188 5535 1261 5607 quod
1274 5535 1333 5606 ipse
1344 5532 1433 5606 magis
1448 5534 1492 5604 pie
1506 5548 1560 5589 uon
1572 5532 1642 5589 vult.
1657 5529 1823 5604 &mern

198 5614 351 5689 intendere,
362 5639 423 5693 qua
439 5626 499 5683 sani
513 5628 640 5684 desiderii
655 5637 708 5697 cst,
724 5627 750 5683 ld
766 5636 808 5684 est
821 5629 848 5684 in
866 5637 989 5685 contem·
1037 5628 1173 5699 permittit
1185 5644 1239 5685 uon
1251 5643 1318 5686 suos
1331 5628 1414 5700 impie
1428 5624 1507 5693 selle,
1519 5624 1594 5697 quod
1608 5626 1652 5697 ple
1665 5624 1745 5693 vulta
1757 5618 1825 5695 snb
