3892 6067
216 57 281 117 f5flf
845 49 997 108 nunonis
1016 51 1186 110 Pietatis!
1352 45 1357 52 ’
1770 61 1841 118 159,

215 177 302 249 ipsam
327 171 485 243 dignitatem
520 165 686 222 conditionis
713 166 868 226 sinceritate
882 169 954 238 fidei,
975 178 1003 224 et
1016 171 1039 230 d
1052 170 1229 241 suppleantur
1242 171 1334 228 itidem
1349 187 1391 239 ca,
1405 187 1467 242 que
1486 173 1527 228 uei
1547 182 1668 230 nostrum
1683 178 1840 244 praeteriere

213 266 324 339 pietatis
349 262 424 319 cultu
451 258 584 315 excolere.
602 257 673 325 Quia
698 257 781 330 igitur
804 260 899 331 primae
931 262 1001 332 parsi
1052 263 1188 329 notitiam,
1202 263 1245 318 sci
1257 261 1318 335 styli
1342 278 1396 317 nors
1410 262 1522 319 admisit
1534 264 1738 336 compendium.
1755 265 1839 323 litto·

214 355 365 427 specierum
379 349 582 422 predictarum,
599 346 651 403 hoc
663 354 705 404 est
722 349 852 416 scientie,
869 350 1001 421 supponi·
1051 351 1134 422 bique
1153 367 1219 408 sane
1233 353 1382 423 simplicem
1405 353 1609 424 interpellamus
1630 354 1768 424 aflectum,
1783 371 1841 427 quo

214 442 342 514 mequod
359 439 537 504 intendimus,
550 438 584 492 de
598 436 729 508 dignitate
744 438 936 497 vizeliacensis
946 457 1002 512 quo
1051 452 1078 497 et
1092 449 1279 506 nostrumnon
1293 443 1452 500 erubuimus
1475 444 1629 513 penuriam,
1647 455 1674 502 et
1685 447 1754 502 tanti
1772 461 1841 504 oue·

212 535 353 605 potuimus
373 528 537 599 compendio
547 527 646 599 partim
662 527 689 583 in
704 531 845 599 superiora
859 530 930 587 libro
941 533 1001 603 egi·
1050 534 1090 591 ris
1104 549 1159 588 non
1178 533 1346 606 negleximus
1364 535 1495 591 lahorem.

213 641 297 681 mus:
321 624 347 677 in
362 620 503 692 qno,dum
524 619 771 676 rescommendare
795 629 823 677 et
849 637 903 679 non
919 621 1001 678 uerba
1088 622 1345 680 Drimmsnisuteuc
1367 625 1504 680 soliditate
1530 623 1715 682 vizeliacensis
1736 626 1839 682 Eccles.

210 716 337 787 factitare
360 711 529 777 studuimus,
552 710 632 780 quasi
659 711 758 781 placidi
783 714 902 780 aquosis
926 723 1001 785 terga
1053 712 1135 783 Oripo
1157 714 1288 769 libertatis
1311 714 1393 772 Visef.
1415 714 1485 770 cum
1500 713 1691 772 vizeliacensis
1714 715 1840 774 Ecclesia

212 805 350 863 sulcantes
368 800 584 873 enavigavimus,
598 800 716 858 scientes
733 803 807 873 pium
823 804 950 860 lectorem
967 820 1001 860 ex
1051 819 1085 858 ex
1096 804 1170 860 dono
1183 804 1336 861 fundatoris
1347 812 1375 860 et
1387 819 1421 860 ea
1434 805 1566 876 dignitate
1599 804 1731 863 ilomaute
1741 816 1841 863 aucto-

212 894 358 966 snperficie
372 891 517 947 verborum
542 889 649 958 modus
673 891 775 963 negotii
801 894 999 963 conjecturum.
1051 894 1141 951 ritatis
1165 896 1344 966 praerogatiua
1368 895 1502 952 libertatis
1529 898 1701 968 policrates
1724 899 1842 955 oracula

212 985 325 1053 ilerum,
340 982 470 1055 quoniam
481 979 617 1050 praedicta
632 980 765 1038 libertatis
789 984 846 1039 sire
861 984 1002 1054 dignitatis
1051 985 1138 1041 tensa
1150 985 1296 1042 dilectricis
1318 996 1399 1057 atque
1413 987 1593 1046 famulatricis
1606 989 1654 1045 ilci
1669 990 1761 1046 hieriae
1782 991 1843 1047 hia·

211 1090 314 1146 uestes,
337 1078 440 1134 scilicet
456 1073 586 1131 Ecclesia
600 1074 802 1143 possessiones,
818 1076 929 1146 quidam
953 1091 1003 1133 ore
1052 1075 1183 1146 gdalenre,
1209 1092 1270 1145 quse
1280 1078 1379 1133 ibidem
1393 1080 1502 1136 condita
1516 1089 1573 1136 toto
1593 1082 1659 1136 orbe
1675 1083 1843 1152 praenimsur

211 1172 311 1229 canino
321 1171 452 1235 lacerare,
465 1167 507 1223 rei
517 1168 585 1238 pecie
598 1167 718 1223 belluino
740 1167 904 1238 discerpere,
918 1166 1003 1222 auda·
1051 1175 1078 1224 et
1090 1166 1220 1223 adoratur
1238 1168 1387 1226 fortissima
1400 1172 1542 1238 emineret,
1558 1174 1652 1230 multis
1668 1192 1699 1230 ex
1714 1177 1842 1244 partibus

212 1266 254 1320 cia
265 1263 318 1328 fisi,
336 1278 390 1317 non
401 1260 501 1315 virtuto
519 1260 593 1327 freti,
607 1260 699 1315 conati
711 1269 794 1326 sunt;
813 1258 917 1329 placuit
929 1271 1003 1314 sere-
1053 1258 1086 1315 ad
1113 1274 1173 1314 earn
1197 1259 1289 1331 piures
1307 1262 1527 1326 convolaverunt,
1552 1270 1580 1320 et
1608 1273 1664 1319 snm
1686 1267 1729 1320 sui
1758 1268 1843 1338 copia
1916 1243 1917 1324 ι

211 1353 329 1410 nissimo
347 1360 429 1422 atque
443 1348 637 1407 strenuissimo
655 1348 730 1405 Patri
744 1358 838 1406 nostro
854 1347 1002 1405 venerabili
1052 1365 1135 1420 quam
1149 1365 1242 1406 rarum
1255 1350 1392 1407 alluentia
1413 1352 1481 1408 iliud
1505 1354 1635 1424 oppidum
1650 1356 1758 1410 illustre
1769 1372 1841 1412 con·

211 1443 309 1501 Pontio
321 1443 411 1500 airbati
431 1458 480 1513 per
503 1442 563 1497 haec
578 1441 679 1512 scripta
696 1439 827 1496 mandare
838 1440 919 1512 longe
941 1448 1004 1511 post
1053 1441 1234 1512 spicuumque
1256 1442 1441 1499 reddiderunt.
1461 1443 1567 1500 ursata
1580 1461 1690 1516 quoque
1702 1454 1733 1501 ut
1759 1459 1843 1504 erant

211 1537 322 1602 futuris,
349 1535 467 1607 qualiter
490 1542 518 1590 et
535 1534 676 1605 quomodo
690 1548 739 1604 per
770 1533 890 1589 diuinam
909 1531 1002 1603 prosi·
1017 1510 1220 1603 Bamplissima
1231 1542 1257 1589 et
1283 1532 1335 1587 sibi
1349 1534 1488 1605 oruntigua,
1499 1535 1592 1591 locutu
1612 1536 1701 1607 ipsunt
1716 1552 1769 1596 suo
1784 1537 1841 1594 situ

211 1630 333 1686 dentiam
354 1635 382 1683 et
396 1634 512 1682 conatus
537 1625 628 1681 emuli
649 1624 821 1690 evanuerint,
839 1634 867 1679 et
880 1622 1001 1680 Ecclesia
1051 1624 1250 1691 delectabilem,
1277 1625 1515 1695 opulentissimum
1543 1626 1612 1682 adeo
1625 1627 1787 1694 effecerunt,
1810 1637 1841 1685 ut

212 1720 270 1777 suis
286 1718 354 1788 ipsis
377 1716 488 1773 casibus
502 1715 641 1772 enituerit.
667 1713 723 1771 Nec
744 1729 810 1770 uero
831 1714 891 1771 istis
921 1713 1001 1784 quasi
1051 1715 1254 1786 spectabilitati
1268 1730 1357 1786 usque
1373 1716 1441 1772 fines
1455 1724 1534 1773 terrae
1553 1718 1680 1786 clareret,
1693 1729 1722 1775 et
1736 1720 1836 1790 glorio

210 1809 350 1882 proprium
368 1816 526 1865 exercentes
551 1806 692 1877 ingenium
707 1805 789 1860 otiosi
803 1803 1000 1870 incumbimus,
1051 1821 1100 1865 sus
1121 1807 1148 1863 iu
1170 1806 1300 1864 uniuerso
1322 1807 1389 1862 orbe
1402 1808 1545 1866 emineret.
1566 1808 1655 1881 huius
1667 1811 1721 1865 loci
1737 1826 1840 1883 corpus

210 1901 311 1973 quibus
324 1900 380 1955 uoti
398 1907 471 1956 esset
493 1897 713 1970 propriapotius
734 1894 1001 1967 quamalienaeeru·
1052 1905 1129 1953 tanta
1146 1906 1174 1954 et
1190 1905 1245 1952 tarn
1270 1897 1381 1968 speciali
1402 1899 1536 1955 charitate
1563 1899 1739 1970 proprietarii
1767 1901 1840 1970 juris

210 1996 307 2052 ditioni
320 2009 428 2050 uacare.
446 1992 498 2050 Sed
511 2006 654 2047 moremur
668 1990 762 2060 utiquc
772 1997 829 2044 turn
845 2002 1001 2044 coaeroruuu
1050 1988 1132 2057 capiti
1144 2002 1195 2044 suo
1211 1986 1338 2043 Ecclesia
1353 1986 1460 2043 unitum
1473 1996 1500 2045 et
1514 1997 1685 2059 compactum
1705 1988 1841 2061 iungeba-

210 2089 362 2160 probitate,
383 2096 447 2142 tum·
474 2083 678 2143 succedentium
707 2081 832 2146 utilitate,
866 2089 924 2136 turn
948 2078 1002 2135 Ee·
1052 2086 1106 2149 tur,
1120 2080 1193 2151 quod
1208 2078 1236 2134 in
1258 2079 1379 2150 qualibet
1399 2088 1476 2150 parte
1489 2079 1532 2136 sui
1551 2081 1714 2151 cujusquam
1728 2082 1841 2151 parad·

210 2181 300 2237 ciesiae
325 2179 420 2235 matris
440 2177 581 2248 dignitate
610 2174 750 2231 blovemur
779 2186 866 2228 necne
897 2171 1000 2241 irrepu-
1049 2170 1125 2242 pium
1137 2168 1250 2225 dominii
1266 2169 1309 2226 rei
1320 2168 1459 2225 sodeuris
1469 2168 1615 2226 admittere
1627 2177 1837 2240 tanquampra-

209 2269 311 2343 gnabiii
325 2269 383 2340 janu
398 2267 463 2323 dicti
475 2265 564 2322 Patris
582 2264 708 2336 imperio,
719 2261 766 2334 qul
777 2277 828 2334 pro
841 2261 893 2318 hac
904 2261 1000 2318 eadem
1049 2261 1143 2317 fanum
1153 2269 1234 2331 atque
1245 2258 1396 2316 insolentiae
1402 2259 1567 2316 incentivum
1574 2260 1744 2328 abhorreret,
1756 2270 1838 2320 etss·

209 2359 371 2418 hbcrmtect
387 2358 517 2429 dignitate
538 2356 572 2412 ad
591 2354 751 2427 sanguinem
766 2368 854 2424 usque
877 2352 1000 2409 decerta·
1050 2356 1111 2427 ipso
1121 2369 1171 2426 per
1181 2353 1361 2425 apostolicam
1388 2353 1505 2424 gratiam
1527 2352 1555 2408 iu
1571 2353 1674 2410 allodio
1698 2356 1839 2412 testatoris

209 2452 258 2518 ris,
279 2450 343 2508 licet
367 2458 459 2505 uotum
475 2447 587 2504 sceleris
611 2459 758 2517 percussor
770 2458 827 2499 nou
840 2442 999 2509 obtinuerit,
1049 2456 1190 2514 constans,
1204 2445 1306 2501 nemini
1325 2452 1467 2501 contractu
1483 2445 1601 2515 alicujus
1615 2444 1767 2513 seruitutis,
1785 2446 1839 2503 uisi

209 2541 279 2596 nibil
303 2541 432 2596 tamenin
453 2555 487 2597 eo
497 2537 584 2596 defuit
595 2538 662 2609 quin
684 2536 741 2593 fere
752 2546 840 2593 totum
853 2550 882 2591 se
897 2536 1000 2590 immu-
1049 2547 1155 2595 tanatum
1172 2538 1322 2607 apostolico
1336 2536 1468 2608 pontifici,
1496 2537 1631 2593 cersiacus
1648 2536 1781 2595 maura.
1796 2537 1838 2593 dd

210 2630 289 2687 nitati
300 2628 428 2686 Ecclesiae
437 2628 614 2699 impenderet,
628 2636 656 2683 et
669 2642 747 2683 suam
762 2641 812 2697 pro
826 2624 899 2680 illius
911 2625 1000 2680 saluta
1049 2630 1129 2702 sulus
1156 2631 1268 2702 integre
1294 2629 1426 2687 libertatis
1456 2630 1582 2686 notitiam
1609 2629 1715 2701 siquis
1740 2630 1839 2687 miss

210 2722 369 2793 negligeret.
395 2719 480 2791 Cujus
505 2720 631 2776 uidelicet
656 2717 785 2775 Ecclesia
810 2732 919 2788 sponsae
942 2732 1000 2773 sua
1049 2728 1141 2772 castos
1157 2716 1282 2787 ingenua
1291 2716 1475 2787 simplicitatis
1485 2717 1621 2784 intendat,
1636 2705 1758 2788 perlecto
1775 2717 1839 2774 fua·

210 2823 286 2868 casto
298 2811 416 2883 flagrans
429 2824 533 2877 amore,
557 2822 620 2865 cunr
633 2808 696 2880 Jurs
721 2806 794 2863 iilius
821 2821 870 2877 per
894 2804 1033 2900 aliquotc
1049 2807 1155 2864 datoris
1181 2814 1344 2863 neumenia
1359 2806 1470 2880 relegat,
1486 2818 1515 2865 et
1538 2809 1736 2880 primordialis,
1755 2820 1839 2880 atque

209 2915 297 2956 annos
308 2909 335 2956 et
349 2898 548 2955 officiosissime
569 2897 734 2969 disponeret,
760 2905 787 2952 et
806 2897 997 2953 strenuissime
1049 2898 1167 2969 antiquae
1179 2898 1350 2955 auctoritatis
1364 2897 1550 2956 Romanorum
1568 2901 1727 2972 pontificum
1753 2901 1838 2971 priti-

209 2993 422 3059 adnainistraret,
438 2992 576 3047 inridente
589 2988 710 3055 fortuna,
730 3004 807 3045 naen
821 3003 882 3044 eam
907 3003 998 3058 praua
1049 2988 1130 3058 legia,
1152 2988 1300 3044 uenerandi
1314 2988 1419 3045 seilicet
1439 2987 1542 3046 iiicoisi
1555 2991 1738 3060 etutriusque
1751 2988 1838 3047 iosu-

210 3083 410 3140 commistionis
437 3081 609 3153 constuprari
625 3081 769 3152 persensit.
791 3079 861 3135 'f'um
887 3080 933 3135 ille
953 3094 999 3134 ae·
1051 3079 1105 3144 nis,
1131 3076 1270 3134 Benedicti
1296 3093 1415 3151 quoque,
1441 3095 1527 3137 necne
1548 3081 1660 3139 alterius
1686 3080 1837 3143 Benediui.

209 3175 293 3241 latus,
313 3182 340 3229 et
363 3184 439 3230 stans
460 3189 493 3228 ex
513 3171 628 3228 adverso
650 3184 701 3240 pro
719 3169 801 3226 domo
816 3169 916 3236 israel,
937 3184 998 3225 sese
1049 3167 1241 3224 Leonisetiara
1254 3178 1282 3224 et
1299 3168 1438 3242 Sergii,et
1460 3170 1643 3242 stephanici
1655 3170 1766 3238 ilarioi,
1789 3172 1837 3227 sed

210 3265 316 3320 obicem
336 3262 498 3319 adulterinis
510 3261 651 3316 obtutibus
663 3259 789 3330 prebuit,
808 3268 836 3314 et
848 3274 897 3329 per
917 3259 997 3331 plura
1047 3268 1075 3315 ct
1086 3259 1156 3316 diste
1170 3259 1366 3319 recordatiouis
1375 3260 1488 3332 Urbani,
1497 3263 1545 3336 qui
1558 3263 1593 3321 de
1602 3263 1725 3319 Cluuiaci
1738 3278 1837 3320 meua·

208 3359 271 3412 vitre
296 3370 353 3412 suae
388 3354 506 3425 pericula
533 3352 678 3409 clariorem
700 3362 728 3407 et
748 3352 997 3423 perspicabiliorem
1048 3351 1131 3409 sterio
1147 3353 1363 3425 adapostoiatus
1385 3355 1647 3411 administrationem
1665 3362 1834 3425 assumptus,

209 3445 344 3501 libertatis
359 3459 467 3517 sponse
481 3459 538 3499 suae
563 3441 709 3514 puritatem
725 3440 823 3508 effecit,
848 3442 928 3499 sicuti
948 3458 999 3498 no·
1048 3445 1281 3514 predecessorum
1295 3446 1436 3518 priuilegia
1455 3439 1504 3504 seu
1525 3447 1634 3503 decreta
1647 3461 1698 3518 pro
1710 3447 1835 3502 fibertate

209 3548 295 3596 stram
310 3536 494 3594 infirmitatem
521 3533 575 3588 beo
594 3534 718 3606 juruante,
731 3543 757 3591 et
771 3541 893 3590 nostram
905 3535 998 3604 parsi·
1046 3537 1185 3607 iamdicti
1205 3538 1324 3595 caenobii
1344 3535 1549 3606 vizeliacensis,
1577 3551 1633 3594 uon
1658 3537 1748 3593 solutu
1765 3539 1835 3594 inse·

209 3639 291 3685 tatem
318 3628 404 3699 ipsius
414 3625 503 3681 Patris
519 3625 680 3685 auctoritate
697 3625 901 3692 corroborante,
913 3626 940 3680 in
955 3639 999 3680 se·
1049 3639 1154 3685 merata
1176 3638 1203 3686 ct
1217 3637 1277 3686 rata
1301 3640 1382 3700 atque
1400 3631 1562 3686 inconcussa
1577 3630 1749 3694 assensium,
1779 3629 1834 3683 ime
1916 3659 1917 3674 .

208 3718 304 3790 quenti
317 3733 394 3773 moto
407 3728 502 3772 nostro
523 3724 659 3772 sectantes
673 3715 876 3786 compendium,
897 3730 999 3787 prona·
1048 3720 1129 3776 etiarn
1145 3729 1173 3777 et
1195 3737 1253 3778 suae
1266 3720 1436 3778 auctoritatis
1454 3721 1606 3777 munimine
1634 3720 1832 3776 corroborarit.
1916 3787 1917 3798 ρ

208 3814 266 3869 lare
281 3810 450 3875 curabimus,
466 3820 600 3880 qnatenus
615 3818 643 3865 et
655 3818 802 3879 presentes
814 3808 998 3880 habeantque
1048 3809 1105 3868 iliis
1124 3810 1243 3883 denique
1270 3812 1397 3868 omnihus
1416 3811 1560 3883 diiigenter
1583 3811 1744 3882 perspectis,
1759 3811 1833 3865 nulia

209 3902 349 3969 fruantur,
363 3909 391 3957 et
414 3900 501 3957 futuri
532 3900 598 3971 qnid
610 3900 781 3955 aemulentur.
795 3899 866 3966 Quia
897 3900 998 3956 etenim
1048 3912 1122 3960 certe
1134 3904 1282 3969 contraria,
1301 3904 1344 3959 rei
1357 3903 1535 3975 repugnantia
1552 3901 1682 3968 offendet,
1697 3917 1749 3958 nec
1762 3901 1832 3958 scu·

208 3994 317 4065 piorum
333 4001 375 4050 est
390 3992 529 4048 communi
551 3992 739 4061 potiusquam
766 3991 998 4061 priuataeutditati
1048 3995 1085 4051 tia
1097 4005 1124 4051 et
1142 3996 1302 4067 subreptitia
1329 4009 1391 4051 esse
1404 3995 1517 4050 omnino
1544 3994 1750 4065 comprobabit;
1769 4009 1833 4049 cusu

209 4085 364 4150 intendere;
388 4083 538 4153 sategimus
559 4090 586 4137 et
603 4097 655 4138 nos
680 4082 814 4155 profectui
841 4082 997 4140 futurorum
1047 4097 1186 4160 procerto
1209 4088 1323 4160 impium
1336 4095 1364 4143 et
1379 4087 1541 4159 sacrilegum
1561 4088 1597 4142 sit
1611 4087 1835 4157 sentiscapostu·

209 4175 364 4247 prouidere,
376 4184 403 4231 et
418 4173 559 4232 charitatis
570 4181 672 4229 uestem
685 4175 719 4229 ad
730 4174 814 4230 talum
833 4188 921 4246 usque
934 4188 998 4244 pru-
1013 4188 1036 4243 n
1049 4180 1118 4238 iicos
1132 4181 1208 4237 uiros
1228 4179 1365 4236 contraria
1390 4179 1442 4236 sibi
1474 4180 1630 4246 decernere,
1652 4187 1680 4234 et
1707 4178 1782 4248 quod
1798 4193 1833 4233 ex

209 4267 329 4325 tendere.
352 4265 428 4339 Opus
441 4281 508 4337 ergo
523 4265 599 4337 pium
621 4263 683 4335 pius
701 4263 787 4322 lector
800 4265 998 4337 pielegatrsu·
1049 4272 1173 4342 opposito
1196 4271 1307 4344 allegari
1334 4279 1433 4342 potest,
1461 4268 1638 4341 sibimetipsis
1668 4283 1833 4340 repugnare.

209 4371 290 4414 surra
301 4365 392 4413 autern
417 4356 600 4425 etssdetraesor
618 4353 713 4425 procui
737 4353 864 4412 absistat.
879 4354 929 4410 Cui
947 4370 999 4411 au·
1048 4363 1147 4421 Felicis
1163 4363 1263 4420 etenim
1286 4363 1425 4421 memoriae
1439 4361 1578 4419 Gerardus
1592 4362 1695 4427 camd,
1711 4377 1774 4416 cnm
1787 4360 1834 4431 pia

209 4457 372 4514 ‘emmila
386 4447 540 4518 illidimur
562 4444 800 4510 wlitliilieilssus,
814 4445 837 4502 tii
857 4454 947 4503 1²an
963 4448 997 4501 ll·
1048 4453 1165 4526 coniuge
1189 4451 1299 4519 liertha,
1315 4451 1351 4508 ob
1379 4453 1503 4508 timorem
1515 4431 1574 4517 ilci,
1596 4459 1624 4506 et
1637 4450 1679 4506 sui
1701 4462 1835 4504 suorum-

210 4539 240 4593 iii
259 4540 369 4595 nomiae
383 4539 482 4611 dignus
501 4538 595 4609 fixerit,
620 4548 668 4597 aut
695 4536 870 4605 vernaculus,
896 4538 997 4595 nedum
1048 4559 1102 4614 que
1127 4544 1251 4611 salutem,
1268 4541 1463 4599 monasterium
1478 4556 1559 4611 supra
1573 4540 1691 4597 choram
1706 4539 1834 4602 durium,

209 4628 998 4703 dimili:30010812inimitttreilititbliitt·Sienlmnlil-
1048 4637 1076 4692 in
1089 4636 1199 4707 proprio
1211 4645 1239 4691 et
1252 4633 1390 4690 liberrimo
1415 4632 1515 4688 allodio
1544 4647 1596 4688 suo
1610 4630 1775 4695 corrstruxis,
1805 4639 1836 4684 et

210 4722 268 4778 cuit
295 4720 416 4792 antiquis
439 4724 483 4780 sel
506 4724 592 4782 aniles
619 4723 738 4788 fabulas,
757 4723 800 4780 rel
821 4731 997 4780 monstruosa
1047 4729 1283 4803 congregationem
1309 4722 1473 4782 famularum
1487 4722 1535 4779 liei
1563 4723 1662 4780 ibidem
1678 4723 1834 4788 constituit,

210 4821 336 4885 portenta
362 4814 398 4873 ob
411 4813 498 4870 solam
519 4816 651 4887 elegantis
668 4815 771 4887 ingenii
785 4816 996 4872 ostentationem
1047 4812 1220 4895 quodetiam
1242 4815 1439 4874 monasterium
1463 4830 1527 4871 cum
1543 4815 1672 4870 omnibus
1697 4816 1782 4870 rebus
1794 4815 1835 4869 ihi

210 4911 317 4967 tradere
328 4908 478 4977 memoria,
489 4916 517 4963 et
531 4908 589 4964 baec
602 4909 686 4964 etiam
697 4908 802 4972 nostris
826 4909 997 4980 temporibus
1046 4909 1152 4966 cedatis
1175 4907 1339 4965 beatissimis
1351 4908 1535 4978 apostolorum
1550 4904 1731 4975 principibus,
1745 4915 1774 4961 et
1797 4906 1834 4962 il-

210 5002 443 5059 nuniufructuose
459 5000 759 5073 aliquartdobguntuu
774 5001 997 5072 muitoaceepta·
1046 5003 1134 5060 iorum
1149 5002 1177 5057 in
1198 4999 1321 5056 ilomana
1351 4999 1416 5056 sede
1439 5013 1488 5070 per
1507 4997 1606 5054 sarcula
1625 4998 1834 5057 successoribus

209 5092 303 5161 bilius,
316 5095 455 5166 mulsoque
473 5090 642 5150 fructuosius
659 5091 719 5149 fore
730 5091 831 5151 futuris
844 5093 994 5160 credimus,
1046 5096 1109 5152 dato
1126 5093 1330 5149 testamentario
1347 5088 1438 5146 libello
1449 5097 1585 5160 perpetua
1595 5090 1835 5160 pmsessiontsre-

209 5199 293 5242 nosse
305 5193 362 5241 tum
378 5197 516 5257 gestorum
539 5184 692 5253 ueritatem,
713 5193 771 5242 tum
785 5184 872 5256 ipsius
888 5183 996 5240 fructus
1046 5185 1162 5257 gendum
1177 5181 1428 5251 defensandumque
1438 5178 1612 5247 contradidit,
1625 5180 1729 5237 dimota
1746 5190 1774 5237 et
1786 5196 1835 5251 pe·

209 5276 379 5333 honestatem
404 5293 520 5349 :neque
541 5293 654 5350 pressus
682 5277 746 5335 talia
761 5278 878 5334 fatemur
915 5277 994 5348 quasi
1046 5279 1119 5333 nitus
1131 5276 1241 5333 exclusa
1256 5275 1332 5332 omni
1351 5274 1523 5331 beneficiaria
1541 5282 1675 5344 potestate
1702 5274 1834 5344 cuiquam

209 5365 337 5423 fraterne
357 5368 499 5424 charitatis
524 5383 641 5425 examen
661 5367 850 5440 dedignantes,
867 5366 933 5440 quin
946 5367 996 5421 dc·
1045 5366 1136 5431 dandi,
1151 5365 1450 5421 autmutandilicentia.
1463 5363 1515 5420 Sed
1529 5371 1710 5434 cumpropter
1721 5361 1836 5420 umbras

210 5464 359 5513 manturea
374 5474 434 5527 quse
455 5455 524 5513 forte
547 5472 596 5527 per
610 5473 751 5515 excessum
769 5458 941 5524 effluxerunt,
968 5466 996 5511 et
1047 5456 1211 5526 irruptiones
1237 5454 1434 5512 Saracenorum
1464 5449 1604 5523 praefatum
1633 5451 1834 5509 monasterium
