3892 6067
123 342 178 403 uus
431 334 708 398 cultltENTAttwtt
728 337 761 395 ts
780 334 949 397 essibus,
969 369 1004 383 -
1020 336 1112 395 PARS
1129 337 1162 393 X.
1173 368 1208 379 -·
1228 337 1327 397 PSAL.
1345 338 1450 396 cxlv.

123 459 194 514 alios
213 460 245 513 ιιι
257 451 374 526 perdidit
388 449 498 521 ludam,
515 464 545 509 ut
559 453 647 510 abiret
661 453 689 510 in
702 454 795 510 lorum
819 469 912 512 suum.
927 464 951 521 Α
965 466 1057 508 ιεεειε
1070 450 1244 507 annuntiabit
1255 452 1363 513 laudem
1379 461 1455 510 tuam
1474 452 1562 525 (Psoi.
1578 473 1604 521 ι,
1617 458 1672 530 tt).
1690 479 1699 513 ι
1720 462 1754 518 Er

123 547 174 604 Vel
188 545 321 617 disperdet
334 560 422 599 omnes
436 552 585 614 peccatores
601 544 628 600 iu
645 545 765 616 peccatis
788 560 913 617 persere·
964 542 1099 597 benedicat
1121 542 1207 597 omnir
1233 556 1297 598 caro
1322 545 1423 600 nomini
1445 557 1538 601 sancto
1563 547 1631 618 eires.
1662 550 1755 608 Onrrtir

121 649 228 698 rentes.
243 637 276 693 tu
291 638 344 693 boe
356 645 443 693 lotum
457 646 501 693 εει
513 637 706 708 opusjurtitia
719 637 778 695 liei.
791 638 913 710 AEquum
964 649 1038 702 raro,
1056 634 1083 690 id
1099 642 1143 690 est
1157 634 1243 689 omnir
1257 634 1335 690 bomo
1357 636 1462 693 babens
1480 653 1528 693 cer
1541 654 1685 710 earrreuur,
1701 660 1757 702 non

121 740 167 788 εει
189 729 275 797 enirn,
289 737 317 785 et
339 728 478 799 diliqentea
493 727 635 795 custodire,
650 738 677 785 et
690 740 838 799 peccatores
854 745 914 800 per-
963 726 1121 799 lapideum3
1138 726 1279 795 sensibile,
1292 742 1346 782 nun
1360 728 1530 786 insensibile..
1548 729 1608 802 lpse
1620 733 1755 790 urirabill-

120 820 195 875 dere.
222 817 360 890 Expositis
380 817 511 872 omnibus
523 817 580 887 jarn
606 818 733 889 superius
754 819 913 890 propositis,
964 818 1017 873 ints
1033 815 1081 872 Dei
1099 816 1282 875 consideratis
1303 816 1448 872 Benedicat
1467 820 1568 874 nomini
1584 833 1679 879 sanata
1698 825 1755 895 eires

121 924 242 983 quorum
270 908 397 964 ultimum
422 906 475 963 luit
493 908 619 978 justilia5
637 923 711 965 nune
732 909 805 964 eirea
831 909 914 966 linem
963 904 1133 961 interulam
1147 905 1465 973 etinsarulumsoeruli,
1490 909 1543 964 boe
1566 918 1609 965 est
1636 929 1705 968 nune
1730 926 1755 971 ει

121 998 222 1073 psalmi
244 997 385 1054 euidenter
395 996 588 1053 commendata
603 997 727 1068 sequitur
741 996 832 1054 breuis
845 1013 913 1054 eon·
962 1014 1065 1069 semper
1075 1008 1101 1054 el
1114 999 1143 1053 in
1156 1000 1256 1055 meula
1267 1000 1436 1056 toculorum.
1467 1010 1474 1024 ·

120 1090 221 1153 ειεεὶε,
233 1104 295 1159 quer.
306 1088 506 1159 complectitur,
518 1088 590 1159 qued
603 1087 735 1159 explicari
745 1103 799 1143 non
813 1098 912 1159 potest,
1000 1087 1092 1145 Gloria
1106 1088 1184 1146 Patri
1192 1090 1308 1148 Domino
1319 1092 1391 1148 lideli
1403 1092 1431 1151 in
1443 1093 1571 1150 omnibus
1583 1096 1673 1152 uerbis
1686 1098 1766 1161 suis„

120 1182 176 1238 boe
194 1180 295 1236 modo:
964 1178 1058 1237 Gloria
1077 1180 1163 1250 utero,
1174 1181 1221 1253 qui
1235 1192 1277 1239 est
1292 1200 1388 1239 manus
1409 1183 1509 1250 Patris,
1528 1201 1612 1256 quatu
1629 1189 1757 1258 aperiens

158 1271 242 1328 Vsus.
256 1270 302 1326 il.
317 1269 511 1325 Laudationem
527 1262 912 1341 vontiniloqueturosmeurn.
963 1272 1054 1343 impiet
1076 1288 1153 1329 amne
1180 1276 1283 1330 aniutal
1307 1275 1497 1333 benedictione.
1522 1277 1617 1334 Gloria
1642 1276 1756 1349 Spiritui

120 1365 162 1420 lle
187 1365 211 1420 si
235 1364 368 1421 dicatur:
389 1363 454 1434 quia
480 1363 584 1430 omnia,
608 1378 669 1433 quae
698 1372 912 1418 eorumemorata
963 1375 1065 1433 sancto,
1085 1365 1133 1437 qui
1157 1377 1200 1423 est
1222 1367 1377 1426 benedictio
1402 1370 1554 1441 procedens
1578 1385 1593 1426 a
1617 1369 1699 1427 i‘atre
1722 1386 1756 1428 ae

120 1463 197 1522 sulit,
211 1453 316 1511 seilicet
329 1469 418 1522 opera,
440 1452 568 1522 potentia,
587 1451 795 1523 maqnifirealia,
809 1454 912 1508 tancti·
963 1455 1044 1526 Filiu,
1059 1473 1112 1529 qua
1129 1458 1240 1530 impleta
1253 1470 1318 1517 sunt
1329 1462 1471 1528 animalia,
1489 1461 1524 1519 de
1537 1463 1638 1534 quibus
1650 1465 1754 1520 dietum

120 1545 334 1614 inimitabilia,
357 1545 452 1611 uirtus,
470 1543 611 1611 terribilia,
626 1543 793 1615 propellerem,
815 1560 911 1600 mente
962 1558 1005 1605 εει
1022 1569 1029 1605 :
1046 1548 1148 1621 liepieti
1165 1561 1227 1606 sunt
1241 1569 1330 1610 omtret
1352 1553 1456 1625 Spiritu
1471 1567 1574 1612 saneto.
1591 1555 1684 1612 Gloria
1707 1556 1754 1611 uni

119 1639 174 1703 ¹5⁰,
188 1638 299 1709 ιἰιιιὶιὶα
314 1635 478 1692 laudabilem
495 1636 644 1691 0⁸l⁸ssdl¹¹li
655 1650 729 1701 eum,
743 1648 759 1689 ³
774 1650 830 1705 (11¹0
848 1643 913 1690 sulti
963 1655 997 1696 ae
1010 1641 1086 1697 trino
1105 1640 1162 1698 lieo
1179 1661 1188 1694 r
1204 1646 1373 1702 voluntatem
1397 1647 1552 1704 timentium
1575 1664 1605 1705 se
1631 1647 1753 1715 facienti,

117 1737 147 1782 el
165 1728 192 1782 iu
217 1742 273 1798 que
295 1734 360 1784 suut
377 1746 384 1782 :
401 1724 596 1781 laudationem
619 1724 727 1781 liamini
747 1724 911 1797 loquelares
963 1738 992 1787 ει
1009 1746 1104 1788 omnes
1126 1732 1270 1806 diligentes
1292 1751 1323 1793 εε
1344 1738 1510 1795 custodienti
1525 1739 1597 1809 (Act.
1623 1757 1654 1807 ιι,
1679 1740 1718 1810 l).
1741 1759 1751 1792 ι

118 1834 219 1887 mam,
230 1818 275 1876 eui
288 1818 372 1875 dieo:
391 1837 401 1870 r
417 1816 541 1886 Dourine,
559 1818 629 1873 labia
645 1831 705 1873 tues
721 1818 827 1887 aperies
837 1826 865 1874 et
879 1833 911 1876 εε
927 1814 949 1869 Β
963 1821 1061 1878 Amen.

1203 2024 1748 2054 Μαι-

691 2151 956 2243 PSALMUS
1007 2149 1182 2249 CXLV.

154 2499 261 2566 lauda,
274 2503 364 2553 auirrra
382 2515 451 2562 inea,
466 2497 619 2555 llonriuarn.
635 2497 765 2556 Titulus:
961 2505 1083 2575 quandiu
1111 2516 1218 2564 terrena
1242 2508 1376 2567 habitatio
1391 2510 1519 2583 deprimit
1532 2530 1644 2571 serrsum
1668 2519 1753 2574 inulta

153 2592 238 2649 ists.
256 2591 282 2646 l.
298 2592 446 2646 ditatura·
961 2597 1139 2668 cogitantem,
1165 2600 1285 2672 perlecta
1308 2600 1421 2658 laudare
1445 2618 1498 2659 uon
1512 2606 1588 2661 valea
1607 2607 1659 2663 etsi
1681 2609 1752 2673 reia,

153 2689 256 2754 innuit,
271 2697 376 2759 quiante
391 2686 500 2753 affeetu,
512 2696 617 2755 quante
632 2684 729 2747 laboro
740 2685 849 2742 laudem
866 2686 908 2742 in·
961 2687 1026 2757 quia
1042 2689 1148 2759 rapitur
1172 2690 1200 2745 in
1222 2691 1330 2748 diuersa
1348 2693 1459 2749 mobilis
1480 2706 1541 2747 meu
1565 2693 1706 2764 eoqitatio,
1724 2707 1753 2752 ει

113 2781 216 2841 tendit.
240 2780 395 2852 Alloquitur
410 2780 530 2835 animam
546 2794 624 2834 suant
647 2786 675 2833 ει
695 2777 763 2833 dicit
778 2794 786 2832 ε
802 2776 907 2845 Murio,
960 2780 1040 2849 quasi
1056 2780 1137 2836 toties
1148 2780 1276 2849 meritur,
1290 2783 1427 2852 quotiesa
1441 2790 1514 2839 statu
1527 2782 1554 2836 in
1570 2792 1683 2852 statum,
1696 2785 1705 2840 i
1718 2800 1753 2843 :u

50 2892 53 2897 >
113 2876 210 2930 ardmo
223 2871 460 2940 mea,llominum.
478 2870 511 2926 Et
533 2869 578 2926 illa
598 2869 764 2940 respondet:
780 2867 908 2925 laudale
960 2870 1107 2926 amotuin
1130 2879 1234 2926 tuntum
1256 2872 1389 2927 variatur.
1414 2870 1449 2928 Et
1472 2872 1534 2928 ideo
1551 2864 1707 2932 madianita
1723 2878 1752 2931 iu

114 2965 264 3023 Dominum
281 2966 310 3020 in
332 2965 386 3019 uita
407 2979 476 3031 meo,
492 2962 607 3034 psallam
632 2960 687 3017 ileo
711 2976 767 3015 meo
788 2959 908 3031 quandiu
957 2969 1050 3017 marte
1062 2976 1135 3029 sunt,
1149 2975 1200 3034 eqo
1211 2961 1301 3016 anima
1313 2961 1522 3034 interspiritum
1536 2969 1563 3017 ει
1576 2976 1677 3034 carpus
1691 2981 1751 3023 nte·

114 3062 204 3134 furo.
216 3057 294 3115 Unde
310 3057 439 3125 laudabo,
452 3056 524 3112 unde
535 3054 669 3127 psallaml
684 3051 862 3123 lispotentia,
873 3050 908 3108 de
957 3052 1005 3109 tlia
1024 3052 1088 3120 rita,
1113 3053 1205 3109 adhue
1231 3068 1286 3110 nen
1307 3053 1385 3110 iruor
1402 3070 1459 3109 mea
1476 3055 1541 3122 rita,
1566 3072 1628 3128 qua
1641 3069 1752 3114 nonest

113 3149 319 3214 misericordia,⁴
335 3149 368 3206 de
389 3146 516 3218 potentia,
532 3144 597 3217 quia
624 3140 687 3215 {ecit
703 3142 837 3210 amoenet
854 3151 904 3196 ter·
920 3112 942 3171 C
958 3144 1034 3201 aliud
1048 3160 1131 3216 quatu
1154 3144 1246 3202 divina
1271 3145 1401 3214 essentia,
1414 3146 1469 3202 rita
1480 3147 1586 3204 scilieet
1607 3149 1752 3206 lieatoruur

112 3260 189 3313 ruat,
201 3260 274 3299 mare
286 3252 311 3299 et
330 3246 420 3298 omitia
443 3258 503 3314 quae
522 3243 550 3296 in
567 3241 606 3296 eir
620 3249 696 3304 tunt,
712 3239 746 3295 de
759 3238 908 3293 misericor·
959 3236 1118 3307 spirituum,
1141 3251 1157 3291 a
1179 3252 1235 3308 qua
1252 3238 1413 3310 peregrinor
1434 3253 1486 3310 eqo
1511 3242 1612 3307 anima,
1632 3243 1752 3314 quotidie

104 3335 176 3401 ula,
197 3336 262 3406 quia
283 3335 362 3391 soluit
384 3334 556 3405 compeditos,
576 3332 714 3388 illuminat
735 3346 829 3397 cacas,
852 3339 906 3387 ete.
958 3343 1021 3386 suat
1037 3326 1065 3383 in
1079 3343 1196 3400 corpure
1208 3329 1331 3397 mortali,
1344 3331 1392 3386 sed
1403 3345 1467 3388 eum
1477 3346 1526 3388 ere
1537 3332 1565 3387 iu
1578 3334 1634 3388 uita
1644 3349 1702 3388 urea
1715 3336 1753 3388 ri·

113 3427 209 3498 Quaeri
221 3435 311 3493 potest
321 3427 375 3483 Ιιοε
389 3427 449 3483 ιεεε
463 3445 470 3481 :
484 3427 547 3498 quis
557 3424 601 3481 eui
617 3424 754 3487 corisulat.
764 3438 827 3480 euru
838 3422 907 3480 diei·
957 3421 1085 3477 rilleaale
1093 3436 1139 3476 rue
1155 3420 1273 3478 mediam
1283 3421 1367 3477 uitam
1379 3437 1489 3479 summa
1500 3424 1566 3492 uita,
1579 3435 1645 3481 tune
1656 3428 1684 3480 iu
1697 3427 1752 3482 rita

112 3518 303 3586 teutlando,
319 3519 411 3573 anima
432 3533 500 3583 mea,
516 3515 673 3583 Dominum,
688 3531 724 3570 au
740 3515 794 3572 boe
807 3513 907 3570 animae
958 3529 1017 3567 tttea
1038 3512 1154 3569 laudula
1169 3511 1313 3570 [lominum
1336 3513 1457 3587 perleele
1474 3531 1508 3572 ae
1526 3515 1616 3587 plene.
1638 3515 1751 3574 iuterim

115 3627 177 3668 sua
191 3609 318 3666 consulat
330 3623 407 3675 aare,
430 3623 464 3664 an
489 3607 549 3678 ipsa
569 3606 633 3663 sibi.
656 3606 691 3662 Et
706 3606 817 3674 dieitur,
832 3603 906 3676 quod
958 3618 1024 3660 raro
1043 3614 1248 3676 pronepotem,
1269 3606 1385 3677 psallam
1408 3607 1480 3663 bonu
1501 3609 1652 3680 operando,
1666 3626 1753 3682 quart-

113 3716 186 3759 earo
201 3716 255 3757 noo
273 3717 281 3757 ;
295 3714 311 3756 a
325 3698 484 3756 melioribus
495 3698 569 3754 enirn
580 3712 688 3768 semper
698 3705 828 3769 peluntur
841 3712 907 3752 εει·
958 3695 1006 3749 lta
1017 3695 1102 3762 suero,
1118 3696 1183 3767 quia
1196 3713 1284 3769 usque
1300 3699 1335 3754 ad
1350 3698 1433 3756 linem
1452 3701 1515 3756 rita
1527 3703 1670 3773 presentis
1682 3703 1751 3761 obe·

113 3793 191 3851 ailla.
220 3790 298 3848 Siout
326 3799 418 3846 aulem
439 3804 537 3845 aurum
561 3789 689 3858 quamuis
715 3804 771 3844 neu
795 3774 906 3859 purum,
956 3785 1039 3842 diens
1053 3799 1167 3858 erueqo
1183 3788 1283 3845 anima
1306 3789 1415 3861 spiritui
1433 3791 1570 3849 obedienti
1590 3809 1643 3851 suo
1670 3811 1752 3866 supe·

113 3895 211 3943 tumen
234 3883 334 3941 melius
355 3889 398 3938 est
411 3896 460 3952 per
473 3889 599 3939 saturam
614 3879 764 3951 purissimo
776 3879 905 3949 murrrbm
946 3877 1026 3961 ⁴riori
1043 3896 1050 3933 z
1066 3877 1199 3935 obediens
1213 3879 1296 3935 eliam
1314 3895 1363 3936 ero
1380 3889 1408 3937 et
1426 3882 1549 3953 subjecta
1561 3885 1637 3941 omni
1653 3886 1752 3943 buma-

112 3978 160 4035 sie
172 3985 201 4032 et
214 3975 310 4042 bomo,
325 3973 454 4047 quamuis
475 3971 623 4045 pessimus,
639 3969 736 4028 melior
756 3980 847 4027 tamen
864 3978 908 4025 εει
959 3984 1002 4025 aar
1016 3978 1150 4026 ereatura
1164 3979 1277 4043 propter
1295 3970 1392 4040 Denuo,
1409 3974 1466 4030 sire
1477 3977 1533 4047 regi
1549 3978 1627 4048 quasi
1639 3981 1752 4048 praeel-

114 4067 146 4123 itt
170 4080 223 4124 ιεε
245 4080 344 4137 qaaere
367 4063 569 4135 pretiosissimo
592 4076 676 4132 equo.
700 4059 740 4116 lta
764 4058 920 4116 ratiorralis·
959 4059 1038 4127 lenti,
1053 4060 1111 4117 siue
1124 4061 1241 4118 ducibus
1254 4070 1387 4135 uuquam
1408 4064 1489 4120 abeo
1504 4065 1598 4123 missis
1611 4068 1644 4123 ad
1660 4066 1751 4131 niudi-

113 4157 223 4226 atnirut,
234 4156 286 4214 etsi
301 4155 450 4227 peemtrix,
466 4169 515 4227 per
529 4160 656 4210 naturam
671 4151 826 4208 meliorest
845 4166 908 4207 εει·
957 4158 1031 4207 eum
1048 4149 1266 4216 malefactorum,
1284 4152 1392 4210 laudem
1418 4170 1483 4211 uero
1506 4156 1653 4227 benorum,
1674 4160 1751 4230 Quo-

112 4264 185 4323 poro
197 4264 258 4305 suo.
274 4247 328 4305 lies
338 4249 412 4305 enim
424 4246 557 4319 spiritalis
571 4255 613 4303 est
625 4245 729 4314 anima,
745 4244 834 4302 uicina
849 4244 907 4316 spi·
959 4247 1034 4299 ειειε
1054 4242 1108 4298 illis
1124 4242 1159 4299 ad
1177 4243 1231 4299 lule
1246 4252 1302 4298 lam
1313 4244 1420 4316 iustum
1439 4246 1560 4319 regimen
1580 4248 1694 4307 intentis
1703 4250 1749 4307 ia·

114 4341 185 4398 ritui
208 4353 328 4409 mortue,
343 4354 406 4411 quae
427 4353 528 4410 eorpus
542 4346 643 4406 ειειει,
663 4336 744 4410 regit,
756 4337 904 4393 sensilioat.
958 4332 1029 4389 velta
1053 4347 1104 4403 pre
1130 4349 1193 4391 meo
1218 4334 1341 4392 modulo.
1362 4334 1494 4393 Similiter
1512 4346 1541 4394 et
1560 4339 1750 4414 multomagis

114 4432 204 4505 lqitar
219 4446 295 4498 earo,
309 4431 360 4487 elsi
385 4430 487 4486 domita
511 4437 539 4486 ει
563 4439 672 4501 pacata,
688 4428 789 4509 animae
801 4437 905 4496 tamen,
922 4425 1153 4507 „obediemus
1184 4427 1306 4499 pandici
1329 4427 1455 4485 Romano
1481 4432 1562 4502 quasi
1585 4434 1750 4502 praarberrti

113 4538 181 4597 qua
201 4525 328 4594 superior
343 4531 396 4591 est,
413 4522 560 4579 eorrsilium
575 4523 642 4579 dare
663 4536 718 4577 non
733 4529 834 4591 potest.
857 4517 908 4575 llio
959 4518 1018 4574 sira
1042 4519 1198 4577 rectoribus
1214 4519 1288 4588 aliis,
1309 4520 1345 4577 ab
1365 4535 1410 4587 eo,
1427 4520 1510 4578 imoa
1525 4520 1581 4580 ileo
1601 4523 1705 4589 missis,
1721 4536 1751 4581 ut

114 4613 390 4673 animaduertendum
415 4613 488 4686 quod
504 4612 655 4684 Apostolus
673 4612 726 4667 tria
744 4613 771 4667 in
796 4611 908 4667 bomine
958 4611 1014 4680 ille,
1035 4612 1070 4668 de
1093 4627 1149 4684 quo
1166 4613 1290 4670 dieitur:
1309 4631 1319 4665 r
1343 4613 1406 4669 Fuit
1422 4614 1506 4671 bomo
1531 4615 1633 4673 missus
1655 4633 1671 4672 a
1695 4617 1751 4673 llea

36 4756 37 4765 ,
114 4714 325 4772 commemorat,
343 4705 461 4761 diceus:
482 4724 492 4757 r
510 4703 582 4761 Deus
598 4704 675 4776 pueis
688 4701 840 4759 sanetilieet
858 4716 908 4758 ros
958 4700 1051 4772 (ioan.
1066 4719 1087 4771 r,
1110 4704 1150 4775 li).
1167 4722 1178 4758 ι
1196 4704 1309 4762 Talibus
1330 4721 1347 4760 a
1370 4704 1425 4761 lieo
1441 4706 1535 4764 missis
1557 4707 1709 4767 obediontia
1722 4719 1751 4766 el

37 4840 38 4863 ,
115 4810 168 4869 per
183 4797 287 4865 amnia,
304 4804 335 4852 ut
357 4797 461 4869 integer
475 4796 591 4867 spiritus
604 4805 705 4862 uester,
720 4803 748 4852 et
765 4792 868 4860 anima,
881 4799 909 4848 ει
959 4793 1075 4852 lerendo
1089 4796 1205 4867 psallam
1220 4796 1274 4853 Deo
1289 4814 1357 4865 meo,
1370 4799 1645 4871 quindenoruilu
1661 4803 1706 4860 itia
1720 4804 1749 4861 iu

37 4876 39 4919 ³
115 4904 220 4962 usurpas
234 4890 294 4946 sine
309 4890 420 4961 querela
438 4891 466 4946 in
481 4891 599 4949 aduentu
615 4888 724 4944 bomini
740 4885 827 4942 nestri
841 4884 906 4941 lesu
959 4899 1047 4946 morte
1059 4889 1193 4965 petiliane
1205 4889 1291 4955 sedin
1303 4891 1358 4946 uita
1373 4906 1431 4946 maa
1441 4893 1604 4951 aurnaliler
1618 4910 1750 4951 mansura

115 4979 223 5039 clenti
236 4991 360 5037 ιειιειιιι
374 4979 402 5051 (Ι
419 4980 510 5037 Titets.
525 4995 553 5049 ι,
568 4979 626 5048 23).
647 4997 657 5031 ι
676 4978 750 5034 Ιειει
771 4990 833 5047 quar
856 4975 909 5033 tria
958 4979 1076 5035 laudabo
1096 4981 1215 5051 quandiu
1230 4981 1306 5051 [aare
1325 4982 1467 5053 :quandiu
1492 4983 1549 5040 illie
1571 4999 1630 5050 eru,
1654 4986 1750 5043 tandiu

40 5086 41 5111 ³
117 5072 233 5146 spiritus
245 5073 326 5130 altior
338 5073 446 5130 duobus
461 5073 551 5129 aalma
565 5072 690 5128 videlieet
701 5079 729 5127 ει
740 5082 856 5139 corpore
867 5067 908 5123 in·
959 5068 1087 5136 laudale,
1100 5069 1207 5127 scilieet
1221 5069 1249 5125 iu
1264 5080 1409 5127 aternum.
1422 5072 1463 5128 Ad
1482 5072 1609 5129 similiter
1619 5073 1747 5130 laudandi

40 5156 41 5183 ³
116 5158 283 5236 ielliqendus
296 5164 448 5219 estraines
460 5162 608 5220 eonsilium
622 5163 700 5227 dare,
714 5161 811 5217 diceus
828 5177 836 5215 s
958 5169 987 5216 ει
997 5160 1130 5231 psallendi
1141 5169 1266 5218 εεεειιιει
1278 5162 1447 5234 propositum
1461 5164 1617 5235 provocabo
1628 5174 1656 5219 ει
1667 5164 1747 5228 εΙίοε,

158 5250 274 5309 Vnam.
282 5252 388 5321 Lauda,
396 5255 486 5308 anima
497 5269 565 5317 mea,
576 5251 728 5308 Dominum.
737 5249 909 5319 Quareraqa·
959 5252 1061 5325 quibus
1073 5251 1135 5309 dieu
1148 5272 1157 5310 s

116 5344 159 5401 ris
168 5343 384 5403 inexterioriltus
394 5345 529 5401 etinimis
537 5345 639 5401 rebusl
649 5342 830 5399 Reraeuead
838 5341 908 5397 iate·
995 5345 1079 5404 Vens.
1094 5348 1121 5403 t.
1144 5346 1238 5405 Nolite
1257 5349 1390 5420 confidere
1403 5351 1432 5405 ia
1443 5348 1616 5421 principibus.
1631 5347 1687 5406 Vos
1699 5351 1748 5422 qui

116 5439 196 5495 riera
214 5446 242 5493 ει
260 5438 403 5509 superiora
418 5439 560 5511 sapienda,
578 5454 640 5510 quaa
651 5451 761 5495 sursum
775 5446 849 5501 suut,
863 5433 909 5490 ubi
959 5439 1072 5497 laudare
1085 5455 1118 5496 te
1139 5440 1257 5512 psallere
1280 5440 1439 5498 Deerultis.
1456 5440 1581 5509 expedite
1595 5456 1643 5497 ras
1657 5442 1747 5513 primo

116 5524 247 5587 cbristus
262 5539 305 5587 est
327 5530 355 5585 in
370 5530 481 5588 dentem
492 5529 540 5586 liei
553 5529 660 5587 sedens.
685 5526 840 5597 Respondet
850 5524 909 5581 ani·
960 5547 977 5589 ε
1002 5533 1180 5591 mamithus
1195 5533 1280 5600 curis,
1302 5534 1380 5604 qula,
1403 5531 1458 5591 nist
1478 5530 1619 5595 declinari.
1632 5547 1648 5587 a
1662 5535 1745 5596 mato,

118 5637 163 5676 trra
183 5639 190 5676 :
206 5619 334 5687 Laudabo
348 5621 491 5678 Domitium
511 5623 539 5677 in
555 5624 610 5678 eila
626 5638 694 5678 mea.
709 5619 835 5687 Quartdiu
847 5632 908 5676 sum
959 5639 1016 5681 non
1036 5623 1160 5695 poteritis
1172 5621 1262 5680 iacere
1285 5624 1398 5691 bonum,
1410 5632 1438 5679 el
1448 5621 1500 5680 soli
1519 5622 1700 5697 despicientes
1715 5639 1747 5681 ar

117 5688 281 5783 induruere
295 5713 476 5785 comuptibtli,
492 5714 706 5785 quadaqqrarat
722 5713 907 5780 meorumnam,
960 5726 1120 5805 respuentes
1148 5725 1254 5771 terrena
1274 5714 1457 5786 perducentur
1479 5714 1514 5770 ad
1538 5714 1670 5773 calestia.
1698 5714 1742 5774 list

117 5831 128 5855 ⁴
240 5811 377 5870 Parnot.
393 5807 529 5871 CXClV.
973 5812 980 5823 '
1004 5832 1009 5843 ·
1245 5842 1255 5861 ·
1549 5806 1585 5870 31

1529 6012 1711 6029 l———l-
