3892 6067
190 189 260 247 tasi
671 178 825 237 cunboni
844 177 1041 238 cambosio!
1058 177 1335 236 nutcusosssttti.
1760 180 1856 237 {288

225 302 293 372 Qua
302 312 345 360 cst
357 305 432 362 euim
445 301 505 360 bac
518 311 614 364 turris,
631 293 685 352 nisi
696 294 840 368 castigatio
853 308 983 366 corpora·
997 301 1022 360 Α
1069 291 1133 349 llaec
1143 293 1236 350 omnia
1257 299 1362 365 quanto
1374 288 1508 347 miraculo
1534 290 1607 348 laeta
1621 290 1687 359 sint,
1701 290 1754 363 qui
1772 293 1855 364 ple-

188 385 246 453 lisi
257 397 317 453 bico
330 404 373 452 est
386 393 472 451 turris
487 390 568 463 quasi
581 388 706 462 praebens
720 396 812 444 tutum
825 395 853 444 et
874 396 982 444 certum
1033 383 1097 441 nius
1114 399 1196 441 nosse
1206 384 1354 449 desiderat,
1372 391 1447 454 gesta
1468 383 1557 439 saneti
1572 380 1689 454 Remigii
1707 381 1853 455 diligen·

189 487 338 560 relugium,
354 486 378 544 si
389 485 502 558 quis·ad
514 498 576 539 eam
590 497 654 540 cum
669 498 718 555 spe
733 480 907 553 indulgentia
917 495 984 537 eon·
1034 483 1075 530 ter
1089 474 1220 546 perlegat.
1239 473 1330 529 Unum
1343 474 1396 529 iioe
1409 488 1460 530 nos
1478 463 1583 530 dixisse
1607 471 1738 542 sufficiat,
1755 473 1851 544 quod

188 577 291 650 ingerit
317 585 381 648 post
404 584 559 648 peccatum.
588 573 652 630 llaec
673 573 757 630 turris
778 571 888 643 ponitur
908 571 982 628 circa
1033 569 1182 639 episeopus
1195 576 1258 623 ante
1273 576 1375 639 septem
1387 583 1475 624 annos
1489 566 1516 622 io
1528 565 1690 637 punitentia
1702 566 1851 637 expletos

188 674 295 743 portam
309 677 441 739 veterem,
457 669 522 741 quia
546 664 690 737 castigatio
713 664 865 736 corporalis
883 663 982 720 obser·
1033 678 1089 717 non
1103 670 1146 717 est
1155 660 1271 717 eductus
1286 660 1320 717 de
1334 660 1483 732 ergastulo;
1497 675 1548 717 nee
1560 659 1692 731 petitione
1700 661 1845 732 propria,

188 764 277 820 sanda
290 773 332 821 εει
346 762 499 820 secundum
513 761 656 831 antiquam
682 757 832 829 poenitendi
856 756 983 813 traditio-
1032 755 1080 812 sed
1093 756 1282 812 admonitione
1294 753 1417 827 angelica
1433 754 1577 810 restitutus
1595 764 1637 810 est
1665 754 1694 809 iii
1713 756 1847 811 amissae

160 915 164 926 ,
188 873 264 927 nem,
276 872 330 913 non
342 855 494 913 secundum
515 868 627 924 prauam
653 851 847 907 modernorum
870 850 983 906 abusio·
1032 848 1173 919 digiiitatis
1185 846 1284 915 officio,
1298 847 1414 914 bocest,
1427 847 1455 903 in
1472 861 1528 918 quo
1542 846 1595 903 sibi
1606 845 1694 902 nostri
1719 855 1847 928 tempu·

188 946 305 1006 nemsi
332 947 406 1003 enim
436 962 484 1018 per
512 945 595 1001 istam
620 944 774 1015 corporalis
793 940 982 1012 castigationis
1032 940 1071 996 ris
1084 941 1206 1012 episcopi
1220 940 1291 996 male
1312 939 1495 1011 prospiciunt,
1513 939 1562 1010 qui
1588 940 1770 1012 presbyteros
1788 938 1844 995 vel

188 1040 286 1096 turrim
300 1038 437 1110 poeuiteiis
449 1053 505 1096 non
520 1036 672 1104 muniatur,
685 1034 755 1091 laisa
769 1033 888 1105 quadani
903 1047 983 1090 secu·
1031 1032 1163 1088 diacones
1178 1034 1206 1087 in
1217 1031 1296 1103 lapsu
1309 1031 1401 1088 earnis
1415 1030 1540 1103 proditos
1555 1030 1640 1088 nimis
1656 1029 1724 1100 cito,
1743 1031 1844 1088 nimis

187 1133 270 1190 ritate
282 1132 427 1203 deeeptus,
441 1145 506 1187 euin
518 1128 630 1194 dixerit,
642 1143 694 1200 pai
711 1134 739 1183 et
757 1123 902 1193 securitas,
916 1131 983 1181 tuuc
1032 1120 1123 1191 iacile,
1138 1121 1173 1178 ad
1187 1123 1305 1179 amissos
1319 1122 1420 1194 gradus
1434 1122 1594 1178 restituunt.
1612 1120 1676 1178 tum
1690 1124 1762 1179 tales
1778 1122 1843 1177 ali·

162 1235 168 1242 ·
186 1225 348 1296 repentinus
361 1221 534 1294 superveniet
550 1220 688 1289 insanitas,
705 1226 734 1275 et
758 1218 832 1275 sicut
853 1216 932 1273 dolor
952 1213 982 1272 iii
1031 1225 1084 1285 ter,
1099 1231 1182 1286 quam
1194 1223 1313 1285 oportet,
1329 1214 1448 1272 restituti
1458 1223 1487 1271 et
1500 1230 1602 1272 mensae
1614 1214 1769 1273 bominicae
1778 1233 1843 1274 su·

187 1325 282 1387 utero;
296 1313 525 1386 ctnoiieilugict.
1032 1308 1175 1379 perpositi,
1199 1309 1275 1364 velut
1297 1324 1383 1380 purnes
1408 1308 1488 1365 crudi
1512 1324 1545 1365 ac
1565 1324 1621 1366 nois
1643 1308 1713 1366 bene
1740 1312 1838 1378 cocti,

1032 1415 1163 1456 nauseam
1180 1398 1286 1456 iaciunt
1309 1415 1414 1471 sponso
1437 1409 1466 1457 et
1485 1416 1594 1472 sponsae
1620 1401 1837 1461 celebrantibus

159 1473 162 1480 ·
221 1449 305 1508 Recte
317 1448 401 1522 igitur
423 1445 567 1521 castigatio
592 1443 748 1517 corporalis
770 1441 872 1500 dicitur
898 1441 982 1498 turris
1104 1492 1138 1505 ,,
1272 1494 1279 1506 ,
1632 1495 1639 1508 .

185 1543 346 1610 furnorum,
360 1541 492 1613 quoniam
503 1540 618 1611 antiqua
646 1537 797 1610 poenitendi
821 1536 982 1602 constitutio
1031 1493 1341 1599 cff'ww'umfu'mnle‘
1361 1493 1427 1598 ΜΨ
1440 1510 1491 1548 ''⁰''
1505 1502 1545 1550 ⁶⁸⁸
1570 1504 1691 1565 ΜΨ
1706 1496 1751 1552 “²¹
1765 1513 1837 1567 *Ρ*

1032 1601 1105 1641 croso
1117 1584 1176 1641 loiri
1190 1603 1217 1640 m
1231 1598 1275 1640 ore
1288 1592 1434 1655 peccatoris
1447 1583 1543 1658 (Eucti.
1559 1600 1605 1653 xv,
1620 1585 1648 1650 bl
1662 1603 1670 1654 ;
1685 1586 1752 1642 dum
1768 1602 1833 1642 non

185 1636 268 1693 Mhe‘
280 1635 415 1708 q⁰⁰⁸d³¹¹¹
428 1632 526 1689 [ΨΜ
550 1632 584 1689 ²⁶
599 1640 757 1704 mmm
769 1629 939 1702 purgandoe'
952 1637 981 1685 ει
996 1643 1019 1704 ⁸
1032 1678 1102 1735 bene
1114 1678 1187 1750 sapit
1199 1677 1290 1750 panis,
1305 1693 1388 1748 quem
1415 1691 1473 1734 non
1497 1676 1643 1750 diligenter
1661 1676 1776 1734 excoxit
1797 1678 1831 1734 iii

185 1735 265 1833 caute
279 1724 506 1832 aediligenterin
529 1722 641 1778 domum
667 1721 747 1830 panis
765 1720 932 1793 coquendos.
948 1719 979 1776 ln
1032 1768 1290 1841 mmmmm
1305 1767 1442 1841 maianis,
1462 1768 1498 1823 de
1520 1783 1576 1839 quo
1601 1767 1735 1839 mmmm
1760 1777 1829 1825 αἱ,

184 1821 287 1893 quibus
301 1819 392 1876 lnims
407 1833 467 1891 ipse
479 1816 552 1874 Deus
563 1825 606 1874 est
621 1832 703 1889 quasi
720 1816 790 1887 ignit
815 1824 939 1870 comtum
954 1823 979 1870 et
1032 1861 1102 1919 Dm
1121 1874 1210 1919 mm
1221 1862 1290 1934 ⁵9¹⁸ss
1303 1876 1458 1917 mmmm
1470 1870 1520 1917 m·

185 1912 332 1967 eniundmis
349 1919 498 1983 argentum,
510 1918 536 1964 et
547 1906 672 1980 purgabit
684 1904 755 1977 iiiios
770 1903 834 1960 Leni
847 1903 979 1978 (Maloeis.
1066 1942 1189 2013 osmi
1211 1952 1317 2023 Pam,
1332 1952 1441 2010 odedi
1463 1953 1585 2010 coelems
1599 1954 1682 2010 cum
1701 1953 1827 2024 judita,

186 2018 230 2069 iii,
246 2002 352 2083 2),boc
371 2012 414 2057 est
427 2000 510 2056 ctiam
526 2013 575 2055 eos
589 1996 636 2069 qui
648 1997 718 2070 lapsi
730 1995 873 2054 luerintde
884 1997 980 2053 ordine
1069 2048 1095 2106 ‚d
1140 2048 1174 2105 od
1710 2046 1727 2101 ι,
1768 2048 1785 2101 ι,

184 2089 317 2158 Levitico,
334 2092 376 2147 rel
394 2091 478 2147 etiarn
504 2089 679 2157 sacerdotali,
700 2104 771 2160 quos
800 2087 980 2161 intelligimus
1030 2065 1077 2193 3:¹³¹
1095 2054 1829 2207 ἕὲὼῗἔοῗεὲἱᾘὲωἰηᾛυιζὲἱὲἓᾞ

184 2182 315 2255 Wfflioe
327 2181 406 2240 'Levi'
1030 2230 1195 2302 pceiiitentes
1218 2240 1383 2303 coquantur,
1404 2230 1480 2289 velut
1501 2231 1529 2286 in
1553 2231 1670 2303 quodam
1686 2231 1826 2300 iurno;si

220 2318 250 2375 lii
264 2318 314 2375 tali
334 2317 417 2375 iurno
440 2318 540 2376 beatus
566 2316 710 2389 llemigius
729 2315 805 2373 coxit
830 2316 980 2389 quemdam
1029 2321 1129 2380 vestris
1156 2322 1314 2380 constitutis
1338 2323 1418 2379 debet
1448 2321 1597 2394 praevatere
1623 2323 1825 2379 modernorum

184 2413 357 2483 episcopum.
374 2427 456 2468 suum
470 2409 685 2484 sutlmgancum,
700 2426 783 2484 quem
797 2410 825 2468 in
839 2410 980 2483 poentten·
1030 2417 1144 2474 attudot
1156 2415 1427 2484 beboettiontctds,
1438 2417 1482 2472 ret
1496 2416 1565 2472 alter
1577 2416 1605 2472 iu
1622 2416 1695 2471 bunc
1707 2415 1824 2471 nouom

183 2503 245 2561 titii
258 2503 397 2575 ergastulo
407 2517 457 2576 per
468 2512 572 2575 septem
584 2518 673 2563 annos
689 2504 848 2572 inclusum,
867 2503 978 2560 tandem
1030 2507 1196 2567 criminosos
1218 2522 1268 2579 per
1284 2516 1389 2579 septem
1404 2521 1494 2564 annos
1511 2506 1631 2580 legitime
1639 2508 1770 2579 castigari
1781 2516 1825 2565 tc·

185 2607 331 2671 purgatum
345 2605 373 2654 et
384 2597 454 2653 bene
463 2612 496 2653 ac
510 2597 656 2671 diligenter
673 2605 829 2666 excoctum,
848 2605 980 2654 moriente
1030 2600 1161 2658 stimonio
1171 2643 1174 2648 Δ
1183 2600 1291 2673 probati
1306 2600 1434 2669 senioris,
1450 2601 1603 2673 presbyteri
1617 2591 1743 2656 videlicet
1757 2614 1824 2670 pro·

183 2689 294 2761 angelo,
307 2688 428 2744 restituit
442 2687 470 2744 iii
482 2688 571 2745 sacris
593 2688 699 2746 ordinis
725 2687 825 2746 ollicio.
843 2686 904 2746 Nori
926 2688 979 2745 iste
1030 2696 1102 2752 baias
1128 2693 1290 2765 religionis:
1306 2693 1429 2767 quipost
1450 2706 1541 2750 annos
1554 2692 1721 2766 punitentia
1730 2693 1822 2748 enim.

184 2779 323 2852 prenitens
341 2779 477 2851 quesivit,
501 2789 550 2837 aot
573 2780 700 2849 ambivit,
716 2789 748 2838 ut
769 2780 798 2837 in
821 2780 979 2854 pontitleale
1029 2787 1119 2861 pictos
1139 2789 1270 2860 episcopo
1285 2786 1575 2858 illumpraesentaret,
1588 2795 1729 2843 testanset
1741 2801 1821 2842 rera-

184 2866 303 2938 olllciom
313 2881 523 2949 restitueretur;
537 2879 585 2937 sed
599 2895 663 2937 cuni
676 2880 733 2937 tllio
746 2880 859 2955 prodigo
872 2880 977 2938 dicens:
1029 2881 1099 2940 citer
1119 2881 1269 2950 affirmans,
1293 2881 1368 2953 qood
1391 2879 1512 2954 legitime
1533 2881 1720 2953 penitentiam
1732 2882 1821 2954 injuri-

183 2977 277 3048 Potsr,
290 2978 396 3050 pcccati
408 2976 545 3034 inceium
559 2988 585 3033 et
599 2993 690 3034 comm
715 2988 749 3046 te,
760 2979 821 3051 jam
845 2996 898 3036 oon
917 2997 1013 3058 sume
1030 2984 1104 3032 ctam
1124 2973 1284 3046 expleuerit,
1296 2972 1371 3028 nulla
1382 2972 1427 3028 die
1437 2973 1535 3031 laxans
1546 2972 1691 3045 ieiunium,
1702 2974 1755 3031 nlsi
1768 2989 1819 3046 pro

184 3069 280 3142 dignm
294 3071 385 3126 uocari
395 3071 470 3141 filim
487 3079 548 3126 tuos
573 3069 650 3144 (Lite.
665 3088 712 3139 xii,
725 3071 833 3145 tit-te),
849 3072 902 3129 lioc
927 3074 979 3128 bu·
1028 3068 1145 3125 consilio
1163 3068 1250 3139 ipsius
1270 3066 1388 3124 senioris
1399 3073 1501 3122 statuta
1511 3067 1748 3140 elecmosynarum
1761 3068 1817 3124 iar-

184 3161 300 3219 milltate
313 3177 364 3219 sua
376 3162 513 3219 obtinuit:
526 3173 557 3218 ut
567 3161 649 3220 Pater
662 3164 782 3220 cmiestis
793 3180 841 3236 per
850 3165 978 3237 angelum
1028 3159 1132 3232 gitione
1143 3168 1335 3230 compensaret
1349 3160 1440 3232 ipsum
1454 3160 1600 3232 ieiunium.
1617 3159 1677 3217 Tali
1695 3162 1815 3218 testium-

184 3253 330 3310 dieeretad
347 3268 457 3309 servum
475 3269 569 3320 suum,
585 3265 711 3311 sanctum
736 3254 862 3311 uidelicet
885 3254 980 3311 Remi·
1029 3253 1076 3308 nio
1095 3252 1206 3323 adjutus
1219 3253 1356 3322 poeoitens
1382 3263 1475 3324 posset
1489 3252 1618 3310 Ecclesia
1634 3254 1816 3322 reconciliari,

184 3344 281 3417 glum:
309 3342 370 3400 Cito
390 3344 601 3416 proserjstolom
626 3348 742 3416 odinum
757 3346 857 3418 (ibid),
879 3347 977 3403 stolam
1028 3351 1123 3416 posset
1146 3360 1233 3401 sacras
1247 3345 1451 3402 communionis
1472 3346 1609 3418 particeps
1625 3346 1700 3414 tlcri;
1725 3358 1817 3404 certus

186 3434 397 3503 sacerdotalem,
424 3446 451 3492 ct
477 3436 561 3492 liidne
586 3436 674 3505 illum,
699 3437 769 3494 dans
793 3437 926 3493 annulum
949 3438 978 3494 in
1028 3437 1113 3508 qnod,
1128 3437 1152 3493 si
1164 3438 1280 3494 ulterius
1291 3436 1325 3494 ad
1339 3440 1472 3494 vomitum
1483 3439 1591 3506 rediret,
1604 3453 1743 3511 nunquam
1755 3449 1818 3498 aute

185 3545 269 3585 mariti
298 3528 369 3599 eius,
394 3536 422 3584 ct
444 3526 642 3597 calceamenta,
667 3527 792 3584 sandalia
818 3528 933 3597 scilicet,
950 3528 979 3583 iii
1028 3531 1100 3587 diem
1125 3538 1290 3596 extremum,
1306 3545 1449 3602 nunquam
1465 3540 1529 3587 aiite
1551 3532 1648 3587 mortis
1662 3532 1814 3602 periculam

184 3621 267 3695 pedes
279 3620 351 3693 ejus.
1028 3632 1056 3680 et
1065 3623 1223 3692 ordeolum,
1236 3623 1354 3695 gratiam
1366 3622 1570 3680 communionis
1585 3623 1720 3680 inueniret
1731 3625 1815 3697 (lii).

221 3754 299 3827 (155)
313 3752 435 3810 loannes
448 3752 665 3826 Chrysostomus
678 3753 716 3812 lie
738 3754 890 3827 poetitentia
904 3771 911 3810 i
927 3775 936 3808 i
954 3753 978 3813 0
1028 3762 1070 3821 ut,
1084 3750 1131 3825 qui
1148 3753 1261 3824 aliquod
1288 3754 1394 3810 crimen
1420 3769 1451 3810 sc
1476 3753 1650 3812 commisisse
1664 3757 1814 3827 cognoscit,

185 3824 357 3898 poenitentia,
380 3840 442 3895 quae
457 3833 577 3894 peccata,
596 3823 652 3881 Deo
667 3827 825 3893 miserante,
849 3826 978 3895 remittis,
1029 3823 1148 3879 animam
1166 3840 1246 3879 suam
1263 3823 1445 3896 prurientibus
1459 3834 1486 3880 et
1504 3827 1639 3897 religiosis
1651 3825 1718 3881 uiris
1741 3843 1817 3882 coni-

184 3906 212 3952 et
224 3894 382 3968 paradisum
393 3907 512 3959 reseras,
527 3908 589 3967 quae
600 3896 748 3951 contritum
762 3910 855 3964 sarias,
868 3911 978 3953 enarrem
1029 3894 1130 3961 mittat,
1145 3902 1175 3948 ut
1188 3909 1341 3965 perieram
1365 3895 1553 3966 peonitentiam
1573 3906 1676 3951 certam
1691 3909 1814 3966 peecato-

185 3967 292 4023 tristem
304 3965 453 4032 exiiilaras,
466 3966 550 4021 vitain
564 3966 599 4021 de
613 3967 724 4022 interitu
737 3981 861 4034 revocas,
876 3976 979 4024 statum
1029 3979 1091 4019 rum
1107 3979 1221 4020 suorum
1236 3975 1422 4037 consequatur
1445 3966 1564 4021 vertiam.
1580 3964 1644 4022 llaec
1670 3976 1713 4021 est
1743 3969 1814 4024 enim

185 4046 337 4104 restauras,
362 4038 495 4091 bonorem
518 4052 644 4104 renovas,
673 4037 801 4093 liduciam
831 4037 978 4106 reformas,
1029 4048 1094 4089 uera
1126 4035 1306 4105 peonitentia,
1343 4045 1373 4091 nt
1393 4042 1456 4106 post
1485 4038 1664 4093 commissum
1699 4037 1814 4110 alicujus

185 4108 358 4180 gratiamque
373 4104 602 4162 abundantiorem
626 4105 759 4164 refundis.
783 4106 978 4179 Oinnialigata
1029 4104 1163 4175 gravioris
1189 4105 1325 4174 criminis,
1353 4115 1448 4176 utpote
1476 4107 1599 4162 meditati
1625 4107 1814 4174 ltomicidii,et

185 4188 215 4234 tu
238 4178 333 4245 solvis,
349 4177 444 4232 omnia
467 4176 556 4232 soluta
573 4185 600 4232 tu
622 4191 739 4246 reseras,
755 4180 848 4235 omnia
863 4178 978 4235 adversa
1029 4185 1126 4256 sponte
1140 4175 1292 4241 commissi,
1308 4190 1356 4231 seu
1373 4176 1485 4246 perjurii
1503 4192 1553 4247 pro
1568 4178 1717 4247 eupiditate
1731 4180 1815 4234 botin-

164 4293 168 4300 .
185 4257 216 4305 tu
240 4249 298 4304 miti
317 4262 359 4314 aa,
372 4246 465 4302 omnia
486 4247 625 4304 contraria
641 4260 670 4304 tu
688 4264 781 4312 sanas,
796 4249 888 4305 omnia
909 4263 978 4305 coii-
1030 4259 1068 4300 ris
1079 4251 1127 4300 aut
1138 4246 1261 4316 pecunias
1285 4244 1361 4313 lacti,
1374 4247 1415 4300 vel
1429 4247 1545 4303 oliorum
1562 4247 1605 4302 bis
1619 4247 1762 4313 similium,
1775 4250 1812 4304 ita

187 4320 249 4376 lusa
260 4329 291 4374 tu
300 4262 423 4383 incidas,
437 4319 531 4373 omnia
550 4318 693 4388 desperata
706 4328 735 4374 tu
752 4321 870 4375 animas.
884 4317 978 4375 Poeni·
1029 4329 1059 4370 se
1068 4316 1265 4397 ‘sinusquisque
1279 4323 1430 4382 convertat,
1447 4326 1486 4384 iit,
1500 4319 1601 4373 relictis
1617 4319 1747 4373 omnibus
1760 4320 1811 4373 iiii·

187 4390 272 4446 tentia
284 4388 554 4459 respuitaiaritiam,
571 4389 663 4444 liorret
675 4390 822 4457 luxuriam,
838 4390 913 4461 lugat
933 4389 977 4445 lu·
1027 4386 1190 4456 quitatibus,
1219 4386 1318 4441 deinde
1346 4386 1373 4441 in
1396 4386 1530 4444 iriictibus
1555 4389 1633 4443 benai
1646 4388 1812 4458 operationis

187 4474 290 4527 rorem,
305 4459 397 4514 diruat
418 4472 552 4525 autorem,
573 4458 660 4515 caleat
675 4460 841 4530 superbiam,
854 4461 975 4530 linguam
992 4438 1196 4580 ”permaneat
1209 4456 1256 4511 Sic
1266 4457 1339 4538 euim
1354 4455 1486 4513 lioniinus
1498 4474 1546 4529 per
1560 4458 1717 4529 proplietam
1733 4461 1810 4515 dicit:

186 4532 319 4596 continet,
341 4543 402 4584 eoin
442 4529 482 4583 uit
507 4544 607 4595 inores,
629 4530 686 4585 odit
701 4530 845 4596 malitiam,
856 4531 978 4585 excludit
1049 4542 1058 4580 i
1073 4541 1211 4583 consertus
1224 4527 1305 4597 [uerit
1316 4529 1411 4597 impius
1426 4528 1458 4581 ob
1471 4529 1607 4598 impietate
1620 4544 1680 4594 ssu,
1691 4538 1716 4584 et
1728 4538 1809 4584 essto-

188 4600 328 4656 inuidiam.
345 4597 395 4654 Pei
407 4608 468 4654 ecta
481 4598 640 4670 poenitentia
651 4599 723 4670 cogit
732 4608 902 4671 peccatorem
917 4615 978 4655 oni·
1027 4597 1107 4651 dimit
1119 4598 1240 4652 uniuerso
1256 4597 1384 4651 martimo
1396 4613 1469 4662 iiico,
1487 4601 1542 4653 olio
1558 4601 1633 4666 uiuet,
1647 4609 1672 4655 et
1694 4617 1745 4654 non
1759 4616 1811 4654 mo-

188 4673 233 4726 nia
251 4672 367 4725 libenter
389 4671 512 4725 sutl'erre.
524 4666 555 4723 Sl
571 4669 705 4725 violentus
718 4679 832 4740 quaemt,
846 4685 907 4741 quae
927 4670 977 4726 ba·
1029 4669 1112 4720 rietur
1127 4666 1236 4738 (Eucti.
1251 4682 1327 4731 iiiii,
1349 4668 1395 4734 20,
1410 4667 1466 4738 att.
1490 4668 1630 4740 inquibus
1655 4670 1745 4725 uerbis
1756 4685 1811 4726 uia-

189 4742 244 4807 bet,
259 4755 314 4794 non
327 4746 417 4806 ietat;
430 4740 454 4793 si
469 4748 572 4795 restem
594 4740 715 4806 dirimat,
732 4754 787 4795 iioii
805 4740 974 4810 refragatum
1028 4737 1126 4793 nilcste
1143 4739 1223 4794 datur
1247 4738 1379 4808 iiitelligi,·
1406 4739 1538 4808 quoniam
1569 4741 1616 4811 qui
1636 4739 1725 4795 aliena
1747 4741 1810 4795 diii·

189 4809 350 4883 percutienti
362 4808 512 4876 maxillam,
525 4810 626 4879 prabet
636 4819 663 4866 ct
676 4810 978 4881 alternm3aiigaiintus
1028 4807 1118 4877 piunt,
1136 4818 1164 4864 et
1186 4824 1230 4877 ea,
1257 4823 1320 4864 cum
1345 4813 1462 4879 possint,
1485 4810 1598 4864 reddere
1612 4812 1655 4865 vel
1666 4813 1809 4868 emendare

189 4881 262 4936 ultro
285 4878 410 4948 adjicien
426 4881 576 4950 castigatus
598 4883 700 4953 gratias
724 4883 797 4953 igit;
810 4890 977 4952 provocatus
1028 4880 1184 4948 uoluci·im;
1199 4880 1242 4935 nel
1256 4880 1303 4949 qui
1327 4894 1404 4935 arma
1430 4889 1525 4934 contra
1538 4880 1674 4951 justitam
1689 4891 1809 4952 peitate·

190 4960 279 5017 tacet,
297 4950 785 5022 exasperatusblanditursupcrimt,
810 4952 923 5022 supplex
939 4952 979 5006 iii·
1028 4949 1097 5017 iint;
1115 4962 1162 5007 aut
1179 4951 1226 5022 qui
1242 4951 1334 5004 odiunt
1355 4950 1383 5004 iii
1400 4950 1482 5004 corde
1504 4953 1616 5019 retinet,
1632 4951 1675 5005 tel
1698 4953 1745 5022 qui
1760 4952 1808 5006 buu

190 5021 284 5079 leuiori
299 5019 432 5090 subiacet.
452 5016 481 5073 lii
502 5021 587 5076 corde
601 5023 662 5092 ejus
675 5024 805 5079 contritio
817 5034 869 5091 εει,
883 5023 911 5078 iu
929 5036 978 5078 ore
1025 5018 1148 5089 jusmodi
1173 5021 1401 5094 negotiationibus
1414 5023 1461 5074 aut
1481 5019 1577 5077 ciliciis
1592 5021 1740 5092 implicitus
1756 5023 1809 5076 lue·

190 5091 339 5158 coiilessio,
354 5091 381 5144 iii
395 5103 478 5159 opere
489 5096 546 5144 totu
559 5090 710 5149 humilitas.
726 5093 789 5150 ilaec
799 5101 842 5150 est
858 5093 978 5164 perlecta
1029 5091 1075 5154 iii,
1119 5108 1161 5147 uae
1187 5094 1248 5149 sine
1265 5092 1370 5156 fraude,
1398 5091 1458 5145 sine
1473 5090 1600 5159 salsitate,
1625 5096 1686 5148 sine
1699 5092 1807 5156 insidia,

189 5174 219 5222 et
234 5163 374 5218 liuctuosa
434 5160 539 5216 nitudo.
555 5179 565 5212 i
1028 5160 1088 5217 sine
1100 5108 1261 5234 acceptione
1278 5162 1392 5218 instrum
1408 5163 1529 5218 exerceri
1547 5177 1601 5216 uoti
1615 5172 1749 5233 possunt:
1763 5177 1808 5218 nec

226 5234 376 5305 Gregorius
411 5246 426 5285 e
443 5229 519 5288 tatsts
537 5232 723 5303 poenitentiis:
742 5252 752 5286 t
767 5233 914 5307 Propterea
929 5234 978 5291 ad·
1029 5231 1062 5285 ad
1075 5231 1159 5288 Deum
1184 5248 1343 5300 consessus,
1357 5248 1407 5287 nec
1421 5231 1456 5287 de
1472 5243 1634 5303 perpetratis
1644 5231 1807 5288 lucium-lbos

190 5319 335 5363 monemus
356 5315 453 5357 onmis
473 5301 520 5373 qui
541 5314 649 5359 aeternae
675 5306 859 5362 damnationis
882 5320 979 5376 poeiius
1029 5315 1122 5357 veiam
1137 5305 1323 5375 pmiiitcntiaiu
1339 5303 1429 5360 iacere
1451 5303 1603 5360 credendus
1615 5311 1666 5358 εει.
1681 5300 1757 5358 Unde
1771 5302 1808 5355 in-

191 5385 316 5442 citauere,
340 5383 368 5429 et
386 5388 455 5428 teras
472 5374 650 5431 beatitudiuis
671 5378 785 5447 gloriam
801 5379 915 5448 cupiunt
935 5376 979 5429 in-
1030 5380 1071 5428 tcr
1082 5378 1174 5430 omnia
1190 5391 1239 5429 vos
1252 5377 1402 5441 imitamur,
1418 5384 1501 5444 atque
1518 5388 1672 5439 monemus,
1689 5383 1717 5428 iit
1729 5372 1756 5426 iti
1767 5385 1808 5426 ic·

191 5458 234 5504 tia
249 5463 276 5514 e,
299 5454 360 5499 uta
381 5443 458 5500 ialsis
485 5446 538 5501 sibi
563 5455 678 5503 micant
702 5448 879 5519 peanitentiis.
901 5447 980 5502 Sicut
1030 5444 1162 5513 cipiciidis
1174 5446 1450 5517 poenitciitiisiionad
1461 5445 1664 5511 dioscoriam,
1677 5442 1807 5513 inquibus

191 5520 264 5574 enim
281 5515 381 5570 laisum
407 5515 542 5585 baptisma
569 5532 623 5572 noii
645 5518 718 5574 lavat
731 5520 865 5590 originale
881 5531 979 5587 pecta·
1031 5529 1081 5569 nec
1092 5518 1219 5587 religiosa
1242 5516 1308 5582 iiia,
1320 5532 1370 5573 ¹¹0⁰
1383 5515 1595 5572 ⁸⁸l⁰⁰¹¹⁵⁰¹0¹¹d¹
1612 5514 1726 5570 Selium
1741 5552 1748 5566 ·
1764 5514 1807 5584 qui

192 5597 261 5652 tuiti,
278 5587 313 5641 ita
325 5590 387 5654 post
400 5583 566 5654 baptismum
578 5588 647 5645 falsa
668 5591 827 5660 poeniteiitia
838 5606 893 5644 nou
907 5588 979 5644 delet
1030 5589 1137 5644 animas
1151 5589 1293 5644 iiotiiiiiuin
1306 5603 1349 5641 uia
1369 5590 1392 5643 is
1404 5587 1438 5641 ad
1457 5586 1608 5652 interitum,
1642 5600 1705 5640 uam
1721 5585 1754 5640 ud
1769 5595 1807 5638 sa·

192 5658 270 5713 netas
282 5652 459 5713 commissarii
487 5652 603 5729 ideoque
625 5663 702 5719 iside
714 5661 909 5737 ¹successorium
922 5665 975 5725 est,
1031 5660 1115 5718 lutein
1128 5660 1232 5717 ducum
1242 5663 1322 5732 (teste
1359 5660 1465 5725 critate,
1476 5671 1538 5729 quos
1548 5659 1605 5713 ait:
1621 5601 1651 5711 §i
1666 5669 1749 5709 curm
1761 5669 1800 5707 cc·

1573 5883 1595 5938 ,Β
