3892 6067
89 315 140 370 tta
374 307 705 367 commonitionum
725 306 894 363 psannios
913 335 947 344 -
965 302 1056 359 PARS
1073 297 1109 357 X.
1127 331 1164 343 -
1180 300 1279 357 osta
1300 299 1418 371 extit.
1653 284 1712 356 'nit

88 427 189 483 virtttte
198 426 407 498 promeruerim,
419 425 461 480 vel
483 421 658 493 despiciendo
685 430 798 477 caeterm
818 435 872 475 non
888 430 910 483 q
925 431 976 473 nec
991 415 1042 470 lade
1056 414 1147 483 evagrii
1160 422 1224 470 sum
1240 414 1273 468 ad
1292 411 1469 469 credendum,
1486 427 1536 467 nee
1555 428 1638 469 seusu
1654 432 1714 469 ma-

88 516 221 572 habentes
232 514 307 586 quod
319 529 370 585 equ
383 512 477 579 habui,
492 513 516 567 ai
526 511 621 581 aliquo
632 511 747 567 istorum
758 520 875 580 quatuor
925 507 971 577 qni
986 507 1019 562 ad
1035 507 1249 578 intelligendum.
1263 503 1375 559 Talibus
1385 518 1435 574 eqo
1449 502 1551 559 efficiar
1563 505 1673 572 similis,
1688 509 1712 559 si

88 608 246 675 modorum,
260 608 362 677 quibus
377 606 468 660 omnis
491 604 574 659 elatio
591 602 782 668 committitur,
801 599 875 655 eaal-
923 614 978 651 aon
992 597 1127 651 annaliter
1140 594 1291 659 sentiebam,
1305 594 1350 649 red
1363 593 1480 647 eseban·
1498 595 1614 648 arrianam
1628 613 1714 649 meam

87 706 143 760 taai
153 702 272 757 ammom
284 715 368 753 meam
378 706 439 768 post
451 697 569 767 primum
583 696 718 751 canticum
730 693 874 765 graduum,
928 705 977 759 per
992 688 1158 759 superbiam,
1174 688 1218 741 cui
1229 686 1301 741 Deus
1315 685 1429 741 resistit.

77 796 134 880 ‚ubi
148 793 256 865 taqittia
269 791 367 858 oratis,
382 799 407 844 et
422 786 578 843 carbonibus
593 785 760 841 desolatoriis
771 785 806 838 ab
819 784 877 839 eia·
961 783 1046 839 Aliter
1058 802 1065 837 :
1079 781 1224 837 Humiliter
1234 780 1343 850 quidem
1358 777 1501 833 sentiebam
1517 794 1570 833 non
1590 781 1644 835 altu
1669 797 1713 836 sa-

88 885 172 941 tionis
184 892 292 939 tumore
302 888 414 936 curatus
425 876 548 945 sum;si,
562 877 683 946 inquam,
697 881 791 944 postea
802 873 876 928 caol·
926 871 1039 939 picando,
1054 871 1101 927 sed
1116 869 1266 926 humilibus
1287 867 1493 935 curnsentiendo,
1511 880 1537 924 et
1558 885 1632 924 eram
1651 887 1713 939 pnr-

87 978 142 1031 tasi
154 974 273 1028 animarat
287 987 373 1025 meam
387 985 435 1039 per
449 966 559 1038 aliquod
570 981 656 1038 quius
679 965 803 1020 clationis
824 963 877 1017 ini·
927 964 1008 1018 vuius
1024 963 1051 1017 in
1061 962 1149 1017 oculis
1164 959 1242 1015 meis.
1261 957 1372 1025 Verum,
1386 974 1431 1025 nc,
1447 959 1511 1015 dum
1526 961 1641 1015 nimium
1659 977 1714 1016 ser·

87 1080 151 1136 qaae
164 1062 305 1119 retributio
316 1062 356 1113 ito
368 1062 416 1115 ltat
428 1060 456 1113 in
472 1059 591 1113 ommam
604 1070 698 1120 meant,
710 1054 768 1109 sive
779 1054 807 1106 in
817 1053 877 1105 ani·
927 1063 1038 1109 voretur
1052 1053 1203 1117 humilitus,
1231 1051 1340 1121 regertdi
1361 1049 1531 1121 lrarrgeretur
1553 1053 1713 1118 auctoritas,

87 1173 133 1210 nra
144 1171 215 1219 mea,
228 1163 260 1210 ut
271 1152 380 1210 deliniat
394 1159 421 1206 et
438 1151 596 1220 languescat
611 1147 701 1200 anima
724 1161 792 1208 mea,
808 1146 875 1198 sieut
928 1146 1004 1201 nolui
1016 1145 1098 1201 nimis
1113 1144 1263 1210 humiliari,
1276 1144 1321 1197 sert
1344 1143 1460 1197 eminant
1486 1146 1603 1198 eitimam
1629 1161 1713 1198 menn„

87 1248 243 1302 ablactatus
258 1244 359 1312 delicit,
375 1242 422 1312 qui
437 1241 527 1297 adhue
537 1247 580 1294 cst
602 1237 639 1291 ita
654 1237 779 1301 tenellus,
799 1244 828 1291 ut
842 1237 878 1289 sit
928 1236 1102 1305 corripiendo
1126 1235 1282 1303 inquietos,
1305 1233 1474 1288 consolando
1505 1235 1712 1303 pusillanimes,

88 1353 170 1409 saper
180 1347 292 1391 matrem
306 1350 392 1389 suam.
405 1332 527 1402 licitique
537 1330 600 1385 talis
610 1339 701 1382 intans
716 1329 876 1393 ablactatus,
928 1327 1031 1387 malitia
1047 1327 1156 1397 quidem
1171 1325 1300 1395 parvulus
1317 1325 1469 1391 existendo,
1483 1327 1531 1381 scel
1552 1328 1714 1383 auctoritate

88 1444 154 1486 cnm
166 1428 283 1485 necdum
293 1424 380 1497 possit
394 1439 492 1494 capere
510 1424 601 1479 cibum
612 1422 741 1495 solidum,
752 1422 807 1476 cito
820 1419 878 1474 lan·
929 1416 1042 1488 perlecti
1053 1433 1153 1473 sensus
1173 1424 1268 1472 eontra
1288 1430 1337 1472 cos
1365 1431 1491 1486 magnus,
1512 1416 1715 1489 quibusjdebui

88 1520 199 1591 quescit
208 1534 241 1574 ae
259 1518 341 1573 morti
356 1516 497 1587 prosimus
507 1515 538 1571 bt
552 1515 609 1571 sire
621 1515 735 1570 omnino
749 1512 877 1573 moritur,
929 1507 1127 1577 correptionem
1142 1507 1184 1562 vel
1196 1506 1437 1563 commonitionem
1453 1505 1566 1562 Christo
1590 1516 1713 1574 auctore,

89 1611 145 1666 nisi
158 1618 223 1666 aute
235 1618 343 1680 tempus
357 1608 506 1663 ablactatus
526 1614 677 1662 revertatur
701 1604 735 1659 ad
756 1609 878 1657 materna
929 1600 976 1669 qui
988 1598 1074 1654 dicit:
1092 1595 1146 1651 «Si
1161 1595 1313 1666 peccaverit
1323 1593 1350 1649 in
1366 1603 1392 1649 te
1405 1591 1491 1650 irater
1517 1604 1591 1661 tuos,
1606 1598 1715 1665 corripe

88 1702 188 1759 ubera.
205 1699 284 1757 stane
295 1701 339 1755 hic
349 1712 447 1756 seusus
459 1697 495 1753 ad
509 1697 626 1753 litteram
640 1704 736 1766 potest.
928 1705 992 1745 eum
1002 1691 1074 1743 inter
1088 1696 1114 1741 te
1127 1696 1154 1741 ct
1166 1687 1255 1756 ipsum
1268 1683 1367 1750 solum,
1388 1702 1397 1735 a
1411 1690 1463 1739 ete.
1477 1699 1580 1755 usque:
1599 1685 1657 1742 rsit
1667 1686 1717 1742 tihi

124 1794 255 1850 Attamen
267 1792 348 1863 longe
369 1791 458 1869 major
468 1799 510 1847 est
523 1790 688 1853 maledictio,
702 1804 756 1859 qua
772 1802 815 1841 me
827 1786 878 1841 ob·
893 1772 915 1829 B
929 1784 1001 1838 sicut
1010 1780 1137 1836 ethnicus
1150 1789 1177 1834 et
1187 1777 1350 1847 publicanus
1362 1775 1470 1847 (iiattb.
1481 1793 1559 1844 xum,
1577 1777 1632 1847 lh).
1645 1796 1656 1830 r
1670 1777 1717 1835 Sic

89 1887 210 1957 stringo,
219 1886 243 1941 si
254 1885 396 1940 naeruicos
409 1882 531 1949 attendo,
544 1883 591 1952 qni
607 1880 737 1935 ablactati
755 1886 782 1933 et
796 1876 879 1933 nimis
929 1871 1035 1944 agendo
1048 1879 1076 1925 et
1089 1868 1225 1922 humiliter
1235 1865 1388 1932 sentiebam,
1405 1868 1470 1937 quia
1485 1882 1539 1921 non
1550 1869 1641 1938 sprevi
1656 1886 1718 1940 poe·

88 1979 148 2034 cito
162 1976 252 2033 avulsi
262 1976 297 2032 ah
313 1975 444 2030 uberibus
455 1972 586 2029 maternis
600 1970 768 2034 deiecerunt,
790 1983 880 2040 neque
929 1971 1024 2019 cantes
1037 1970 1113 2017 more
1127 1957 1330 2013 Pharisaeorum
1342 1957 1375 2012 de
1389 1972 1439 2015 sun
1462 1957 1569 2027 justitia
1593 1958 1716 2028 glorian·

88 2076 295 2140 supermatrem
314 2081 391 2120 auam
405 2064 553 2121 Ecclesiam
564 2063 708 2118 voluerunt
727 2060 878 2132 quiescere,
930 2051 997 2106 tlttm
1009 2058 1177 2119 caeterosque
1200 2045 1417 2116 aspernantium,
1430 2057 1460 2101 et
1481 2054 1572 2101 lotnett
1599 2047 1717 2105 exaltabi

89 2175 156 2216 enm
174 2172 286 2214 necesse
301 2154 462 2211 habuissem
474 2153 573 2210 nutriri
595 2152 673 2224 quasi
694 2151 763 2206 lacte
788 2165 836 2220 per
848 2149 880 2203 li·
930 2145 1047 2198 animone
1067 2156 1152 2195 ineam
1168 2138 1234 2194 vitia
1258 2137 1408 2193 errantium
1434 2138 1608 2208 corripiendo
1624 2149 1651 2193 et
1666 2126 1715 2194 ir'n-

89 2252 155 2307 dem
172 2249 335 2320 simplicem,
348 2245 484 2304 credendo
501 2244 637 2311 videlicet,
649 2242 725 2314 quod
739 2242 817 2312 panis
831 2256 880 2296 an.
930 2232 1065 2287 mundum
1076 2244 1131 2284 uon
1144 2227 1289 2299 tangendo,
1305 2227 1384 2283 idest
1397 2227 1516 2296 peccatis
1531 2226 1648 2283 aliorum
1663 2242 1718 2282 non

90 2342 219 2415 pelorum
238 2339 318 2396 nohis
340 2338 498 2395 hominibus
522 2334 612 2392 iaetus
636 2342 679 2390 est
697 2333 790 2400 homo,
803 2332 880 2388 etita
930 2319 1127 2378 consentiendo
1141 2317 1181 2374 vel
1195 2333 1243 2388 per
1261 2317 1385 2387 iniquum
1412 2316 1562 2383 silentium,
1575 2317 1619 2372 vel
1644 2320 1720 2389 quod

90 2433 174 2507 quasi
188 2448 258 2504 parre
276 2431 304 2486 in
320 2423 736 2496 heversouutriunturparvub
747 2424 881 2480 credendo
930 2412 1009 2484 beili
1022 2419 1075 2477 0⁵²2
1090 2424 1138 2482 Ρθῐ
1158 2407 1355 2465 ²⁸Se¹¹l³¹i⁰¹¹i⁵
1378 2407 1498 2478 linguam
1519 2407 1655 2477 dolosum,
1673 2410 1719 2466 cui

91 2534 266 2586 „emmena
278 2522 429 2579 nomime„
454 2517 663 2585 warannonis,
678 2516 880 2586 passioniqre.
931 2503 1175 2560 renuntiatomest
1199 2500 1225 2555 in
1255 2500 1344 2569 primo
1371 2500 1478 2556 cantico
1509 2501 1654 2571 graduum.
1680 2501 1718 2558 ihi

91 2617 275 2677 surrectionis
288 2624 370 2685 atque
384 2610 554 2669 ascensionis
568 2610 596 2664 in
609 2609 719 2674 coelum,
734 2607 806 2663 nude
816 2622 882 2663 ven.
931 2596 1013 2651 etiam
1029 2594 1172 2665 reprobavi
1187 2594 1290 2648 rnalum
1304 2592 1441 2648 silentium
1456 2591 1528 2648 inter
1543 2582 1639 2658 malos,
1653 2594 1719 2663 quia

92 2720 176 2767 turus
187 2716 230 2764 est
240 2708 364 2779 judicare
376 2704 452 2759 vivos
462 2712 490 2758 et
510 2709 644 2757 mortuos.
657 2697 744 2770 liujus
763 2698 824 2754 fidei
839 2699 880 2752 la·
932 2704 992 2742 Μ
1002 2685 1127 2757 loquebar
1142 2684 1207 2753 5¹¹5&
1222 2684 1411 2755 illebonam!
1424 2699 1464 2737 ’πθ
1477 2684 1572 2753 arans.
1583 2683 1663 2751 Quod
1677 2693 1719 2739 1⁰·

90 2812 138 2858 ene
148 2799 286 2857 nutriendi
300 2805 365 2854 sunt
373 2792 492 2867 parvmi,
504 2793 552 2864 qui
582 2801 671 2846 umen
686 2788 733 2844 diu
744 2788 846 2855 lactan,
857 2788 882 2843 si
932 2785 1001 2841 tum,
1014 2773 1037 2828 si
1048 2787 1103 2828 non
1115 2780 1157 2829 est
1167 2788 1272 2839 veruna,
1285 2772 1338 2828 nisi
1353 2771 1512 2842 penitentia
1534 2773 1718 2842 intervenerit,

90 2910 159 2951 rum
172 2891 287 2962 possint,
300 2890 397 2945 nolunt
406 2887 537 2959 prolicere
547 2885 581 2939 ad
590 2881 751 2954 capiendum
764 2879 880 2937 solidum
931 2868 975 2925 tel
992 2866 1164 2934 interveniat,
1175 2865 1239 2921 tam
1253 2867 1320 2920 sicat
1338 2863 1498 2933 ablactatus,
1520 2863 1558 2921 ita
1579 2866 1717 2933 iuhemus,

91 2984 199 3049 cibum,
214 2980 360 3052 praecipue,
377 2980 401 3034 si
428 2978 461 3034 ad
483 2978 536 3033 boc
557 2984 622 3033 sunt
646 2972 777 3039 ordinati,
790 2979 818 3026 et
833 2986 882 3041 per
932 2969 964 3016 ut
978 2960 1037 3030 ipsa
1056 2957 1213 3013 infirmitate
1238 2956 1417 3027 compellente
1432 2963 1554 3011 revertar
1574 2957 1609 3012 ad
1634 2956 1718 3011 ubera

91 3079 208 3148 longum
223 3084 330 3144 empus
341 3071 451 3137 eruditi,
461 3071 514 3126 ¹bos
524 3067 615 3140 arguit
624 3065 765 3138 apostolus
777 3064 811 3120 ad
826 3061 880 3118 fle.
933 3057 1068 3105 numina.
1083 3048 1155 3104 Bene
1179 3048 1246 3114 disi,
1269 3047 1324 3103 nisi
1350 3046 1510 3118 paenitentia
1531 3046 1717 3115 intervenerit,

92 3169 196 3234 mos,
210 3164 324 3221 dicens:
353 3161 484 3218 ‘Etenim
511 3174 573 3216 cum
598 3155 734 3213 desereris
759 3154 882 3224 maginni
933 3141 999 3213 quia
1018 3137 1139 3194 inomni
1161 3137 1306 3194 maledicto
1328 3136 1403 3209 quod
1423 3136 1545 3192 continet
1567 3137 1718 3209 Scriptura,

92 3274 157 3316 0550
171 3266 282 3328 propper
296 3263 415 3324 tempus,
428 3266 539 3308 fimum
554 3248 691 3320 indigetis,
709 3255 740 3302 ut
759 3259 807 3301 pos
832 3245 883 3301 (10.
933 3228 1122 3288 subaudienda
1135 3228 1359 3299 ffliWssllOfflid,
1374 3226 1558 3298 Ἶθῐιὶῑῧΐῢῑίθ,
1581 3245 1592 3279 i
1604 3227 1719 3286 Maledi-

93 3348 226 3415 eeamini,
238 3362 300 3417 que
309 3346 510 3403 sintelemeuta
523 3341 630 3399 exordii
643 3352 801 3395 samonum
823 3334 883 3402 bei,
934 3333 996 3378 “¹¹⁸
1006 3319 1049 3375 Vir
1059 3318 1107 3391 (1¹¹1
1120 3318 1233 3375 fflssfldl‘
1246 3319 1275 3373 ¹¹¹
1290 3317 1401 3374 hbffliflfl
1410 3315 1478 3389 lh?-
1491 3331 1558 3384 ΠΗ,
1572 3316 1612 3388 i),
1625 3336 1635 3371 t
1653 3318 1722 3376 sub-

93 3449 125 3496 et
140 3436 207 3494 lacti
216 3438 294 3504 estis,
308 3435 411 3507 quibus
421 3433 491 3489 lactc
504 3446 574 3502 opus
585 3429 630 3496 sit,
643 3442 699 3484 nou
709 3424 799 3484 amida
810 3424 882 3479 ribo.
935 3411 1056 3480 auditur,
1073 3410 1127 3468 biti
1141 3410 1329 3493 poettilentiam
1353 3409 1449 3481 egerit.
1476 3408 1557 3465 lom:
1588 3409 1723 3467 abeleni·

93 3527 196 3586 omnig
220 3528 305 3594 enim,
323 3525 371 3597 qut
389 3524 469 3581 ηοω
497 3530 540 3578 ese
559 3520 707 3592 particeps,
727 3531 824 3587 expers
843 3522 885 3570 ese
935 3504 972 3559 cti
984 3502 1033 3575 qui
1043 3502 1184 3559 declinant
1196 3515 1213 3555 a
1224 3499 1361 3556 mandatis
1371 3499 1520 3570 tuislPeal.
1536 3515 1630 3568 cxvrrr,
1645 3501 1718 3572 ii),n

94 3618 377 3689 sermonisjustitiae:
392 3614 523 3686 parvulus
545 3604 886 3679 enimestlidebr.v,12·
936 3594 1111 3661 subauditur,
1125 3593 1179 3650 bisi
1201 3592 1392 3664 penitentiam
1414 3593 1530 3663 egerint.
1554 3592 1636 3649 Forte
1656 3593 1720 3665 quis

96 3713 179 3783 ¹3l·’
199 3708 232 3765 Et
248 3717 320 3765 recte
345 3706 455 3778 quidem
484 3704 552 3759 tales
577 3706 740 3772 arguuuntur,
751 3696 798 3768 qui
823 3709 885 3751 cum
936 3689 1053 3745 audiens
1064 3686 1121 3775 jam
1132 3685 1269 3761 predictae
1286 3683 1449 3740 humilitatis
1463 3685 1490 3739 in
1507 3700 1551 3740 me
1565 3682 1648 3740 bavit
1659 3700 1723 3758 reqe

96 3804 304 3861 dehereutesse
332 3796 457 3866 magistri
481 3801 593 3866 propter
619 3801 728 3861 tempus
750 3788 888 3844 diuturne
936 3777 1134 3851 perlectionem
1142 3790 1201 3832 snm
1214 3772 1392 3840 infirmitatis,
1406 3774 1574 3831 conscientia
1599 3776 1722 3846 unguite,

94 3895 232 3951 doctrinae
256 3891 335 3964 quasi
358 3886 567 3955 adulti,'nulunl
589 3880 730 3938 tamenin
755 3880 809 3947 his,
826 3894 888 3949 quae
939 3873 1160 3932 nonconliditsc
1173 3883 1352 3927 ascensurum
1366 3867 1402 3924 ad
1426 3867 1510 3923 istum
1532 3868 1724 3924 duodecimum

96 3986 184 4044 stulta
198 3995 224 4042 et
238 3984 347 4040 inhrma
366 3981 414 4038 Dei
442 3986 517 4046 sunt,
543 3972 704 4046 sapientiam
720 3981 747 4028 et
761 3970 887 4026 virtutem
938 3968 1064 4041 gradum,
1076 3966 1104 4021 in
1117 3979 1172 4035 que
1188 3969 1267 4019 sonat
1279 3956 1429 4030 perlectum
1461 3956 1589 4027 perlecta
1614 3959 1725 4015 hamili-

97 4094 208 4151 sapere,
220 4079 268 4135 sed
283 4077 331 4148 qui
343 4075 434 4131 adhue
444 4069 551 4144 parvuli
564 4076 593 4124 et
605 4065 683 4136 quasi
695 4064 813 4120 edentuli
825 4070 890 4118 suut
939 4060 1004 4118 tatis
1017 4058 1164 4116 cant-icum.
1181 4054 1242 4122 Quo
1253 4062 1347 4109 contra
1361 4066 1412 4132 ego
1425 4050 1503 4107 dieo:

98 4172 255 4243 indigentes
273 4167 407 4225 nutrienti
427 4179 506 4235 saper
528 4168 640 4215 nuttam
667 4173 743 4212 wana
765 4161 889 4211 sanctam
976 4141 1302 4216 Vsus.3.Speretisrael
1317 4141 1346 4195 in
1364 4141 1479 4195 Domine
1493 4156 1525 4193 ea
1547 4140 1595 4194 irae
1618 4150 1725 4195 nuncet

98 4263 265 4330 Ecclesiam,
279 4261 345 4317 dum
356 4257 504 4330 prosiliunt
517 4254 552 4310 ad
579 4248 726 4309 scrutanda
753 4247 889 4303 inscruta-
939 4259 1021 4315 caque
1033 4242 1062 4295 in
1077 4238 1214 4294 meatum.
1231 4232 1265 4288 ln
1278 4230 1402 4295 Damone,
1415 4229 1538 4299 inquam,
1547 4244 1601 4285 non
1622 4230 1650 4284 in
1668 4228 1727 4285 suis

98 4357 179 4423 bilia,
203 4354 326 4410 volentes
347 4351 454 4408 ratione
482 4343 712 4418 comprehendere
737 4342 890 4411 incompre-
940 4334 1045 4390 viribus
1058 4329 1187 4394 cuntidat,
1199 4323 1326 4396 quisquis
1341 4319 1617 4376 miarueldormiens
1629 4319 1657 4375 in
1676 4318 1726 4375 Be-

102 4445 261 4514 heusihilia,
275 4442 396 4500 haretici
410 4440 490 4505 hunt,
503 4453 537 4493 ac
555 4434 670 4507 proinde
692 4447 762 4503 opus
789 4431 891 4486 habeut
905 4430 928 4485 b
943 4425 1008 4492 thei,
1024 4421 1149 4478 videlicet
1165 4418 1310 4489 quiescens
1328 4414 1355 4468 in
1371 4409 1493 4468 Ecclesia
1512 4408 1647 4466 catholiea
1666 4424 1729 4466 sca·

101 4538 384 4597 revertiadmaterna
405 4533 500 4599 ubera,
514 4530 562 4586 nbi
588 4527 668 4598 quasi
693 4527 776 4582 modo
807 4523 892 4596 genio
941 4515 997 4571 lam
1007 4516 1088 4573 meam
1104 4510 1259 4585 qaindecim
1272 4505 1406 4580 graduum
1417 4503 1581 4562 considerat.
1593 4501 1661 4572 qnia
1676 4500 1730 4571 bo-

103 4634 224 4695 inlantes
240 4631 420 4689 rationabiles
433 4629 565 4688 sinedolo
579 4627 623 4684 lac
633 4622 829 4693 concupiscant
850 4617 892 4673 ui·
944 4604 1213 4664 minuseolmtitus
1227 4599 1316 4656 eidem
1328 4598 1418 4662 sm·
1444 4595 1473 4653 ¹¹¹
1484 4607 1539 4664 (1¹⁰
1553 4607 1664 4663 wife
1682 4590 1731 4649 (³⁰-

101 4725 349 4797 hilseiadicautes
365 4720 499 4780 sciremsi
517 4718 658 4775 Christum
672 4713 768 4770 ksam
781 4709 894 4764 ethune
944 4695 1090 4755 hetiarael
1104 4695 1177 4767 qnod
1197 4699 1327 4749 conantes
1356 4685 1503 4745 ascendere
1534 4685 1595 4756 ipse
1622 4683 1732 4754 adjuret

101 4819 279 4878 mmm,
291 4815 379 4884 ouen
403 4813 455 4870 ,qq
476 4811 658 4869 mmmm
667 4818 713 4862 u
735 4801 892 4859 infirmtiate
944 4804 996 4844 sua
1010 4787 1119 4843 virtute.
1136 4782 1331 4854 §perstantem
1345 4792 1400 4833 noa
1411 4776 1446 4833 ad
1456 4776 1563 4843 horam,
1577 4774 1625 4831 sod
1639 4790 1671 4830 ea
1684 4774 1732 4829 hoe

102 4919 201 4969 „om
212 4904 577 4976 cmcqqxum‚„qh110mqnug
597 4909 690 4956 umen
703 4898 775 4952 queen
802 4890 893 4962 pento-
944 4896 1014 4936 armac
1025 4888 1050 4935 et
1061 4893 1143 4948 caque
1153 4876 1184 4930 in
1200 4871 1327 4930 antalam
1340 4869 1475 4936 loturum,
1487 4868 1533 4924 uhi
1546 4883 1600 4923 non
1612 4867 1736 4924 sueserit

101 5000 357 5073 emspadieamus
370 5011 431 5055 esse
457 4993 644 5051 Daivirtstem
665 4997 694 5044 et
717 4985 765 5040 [tei
785 4980 894 5052 sapien·
946 4974 993 5029 seu
1006 4986 1060 5025 res.

663 5314 925 5416 PShLMUS
975 5300 1189 5400 cxxxi.

645 5629 742 5695 baad,
767 5635 793 5680 et
811 5621 895 5678 omnus
950 5610 1161 5672 tertiodecimo
1190 5606 1392 5669 demonstratur
1417 5593 1507 5662 nobis,
1533 5599 1677 5664 quantum,
1694 5582 1738 5640 vel

1357 5689 1418 5746 uvid
1443 5686 1573 5743 dicendo:
1596 5680 1738 5742 birmento,

1520 5777 1560 5839 iu

142 5647 228 5713 Vens.
245 5644 303 5700 t-t.
332 5647 474 5701 stemate,
499 5634 621 5700 Domine,

105 5736 323 5799 mansuetudinis
346 5733 414 5801 ejas,
429 5738 482 5785 etc.
501 5727 530 5783 ln
556 5728 609 5783 isto
636 5722 742 5783 cantico
763 5717 898 5777 oraduum
951 5720 1042 5767 curso
1055 5697 1241 5793 humiliaverit
1264 5690 1354 5766 ipseb

272 5831 410 5890 Parnoi.
434 5820 565 5883 CXCIV.

74 5914 119 5938 δι,
