3892 6067
399 190 472 246 87
936 195 1242 253 centium
1282 196 1675 255 PnAEPosttt
1715 196 2267 256 nutcnssttst’ttnc.
2306 197 2666 256 contu-:Nm
2705 198 2772 253 tu
2811 199 3167 260 PSALMOS.·
3583 204 3662 263 88

399 312 593 368 moriae
647 327 783 383 papa
827 311 1111 371 Paschalis
1159 322 1349 371 contra
1401 315 1679 385 praefatam
1741 315 1983 387 regulam
2012 319 2060 376 A
2089 313 2187 369 siis
2213 313 2330 369 suis
2360 314 2530 384 pretia
2551 324 2924 385 peccatorum,
2949 327 3076 372 vota
3101 323 3157 371 et
3184 314 3491 374 oblationes
3532 318 3665 377 lide-

401 402 540 458 hene
585 418 648 459 os
680 419 842 458 suum
878 403 1094 474 aperuit
1125 405 1179 460 in
1221 414 1475 475 tractatu,
1505 423 1667 476 quem
1699 407 1982 463 canonicis

402 491 619 551 Sanctae
662 494 844 552 Mariae
870 496 924 552 in
947 494 1112 553 Portu
1134 497 1406 554 firmavit:
1440 498 1599 569 cujus
1624 499 1728 556 boc
1765 508 1850 555 est
1869 500 1983 571 pri-

399 603 550 642 mum
582 588 878 655 capitulum
912 606 927 643 τ

471 677 712 735 cxxxi.
750 700 768 731 ι
802 679 1145 737 Clericorum
1170 682 1419 738 ordinem
1453 683 1506 739 in
1531 683 1775 741 Ecclesia
1805 683 1981 741 tribus

399 764 656 825 Leviticae
682 770 860 827 locum
886 781 1093 842 tenere,
1132 784 1185 830 et
1215 774 1528 845 apostolicae
1556 775 1838 847 dignitatis
1852 776 1980 847 jura

397 877 617 917 servare
645 874 693 918 et
730 862 905 920 officia
951 881 1158 935 gerere,
1191 881 1352 923 nemo
1381 883 1576 923 sanum
1614 869 1832 938 sapiens
1878 868 1981 925 du-

397 952 553 1010 bitat.
598 952 750 1010 Unde
801 964 1012 1012 certum
1042 967 1126 1013 est
1154 973 1250 1015 eos
1289 959 1577 1016 levitarum
1618 969 1674 1016 et
1701 961 1981 1031 apostolo-

397 1061 519 1099 rum
567 1046 785 1116 regulas
829 1056 885 1102 et
926 1048 1067 1105 vitas
1098 1048 1300 1105 imitari
1326 1050 1544 1119 debere,
1574 1068 1810 1123 quorum
1867 1068 1965 1109 no·

395 1146 627 1192 scuntur
662 1137 842 1194 locum
880 1147 1085 1208 tenere,
1116 1141 1437 1212 dignitatem
1463 1144 1687 1211 habere,
1720 1154 1775 1200 et
1803 1145 1978 1202 officia

395 1248 604 1302 gerere.
650 1234 784 1301 Quae
812 1236 958 1290 enim
1009 1236 1092 1291 lex
1142 1237 1344 1303 levitis,
1401 1248 1454 1295 et
1498 1254 1621 1309 quae
1669 1256 1701 1295 a
1747 1238 1981 1297 Domino

395 1325 583 1396 regula
613 1326 774 1381 datur
800 1329 1085 1398 apostoiiS,
1110 1329 1226 1384 haec
1243 1329 1431 1385 eadem
1459 1330 1757 1388 Catholicis
1778 1333 1982 1404 pariter

393 1416 610 1474 clericis
640 1433 815 1489 usque
842 1419 896 1474 in
937 1418 1099 1475 linem
1124 1420 1311 1477 mundi
1334 1422 1482 1478 vices
1508 1435 1699 1478 eorum
1723 1424 1981 1495 supplen-

393 1510 541 1566 tibus
573 1509 780 1567 indicta
808 1526 1154 1582 nequaquam
1185 1513 1500 1584 ambigitur.
1529 1513 1795 1586 Equidem
1831 1517 1980 1588 quod

393 1601 570 1658 levitis
613 1604 955 1662 interdicitur
1002 1608 1184 1665 adbuc
1238 1608 1294 1664 in
1337 1608 1534 1665 umbra
1584 1610 1977 1681 gradientibus,

2082 405 2237 472 lium,
2254 405 2523 476 primitias
2538 421 2604 462 ac
2618 405 2858 462 decimas
2886 422 3068 462 rerum
3088 406 3205 462 dari
3232 406 3378 465 Deus
3402 409 3659 467 instituit:

2078 507 2349 568 quatenus
2378 499 2433 553 hi
2468 498 2562 569 qui
2593 498 2778 554 divino
2803 498 2951 554 cultu
2984 499 3278 571 mancipati
3319 503 3555 572 propriis
3583 503 3664 559 sa-

2080 589 2373 646 cultatibus
2393 589 2786 660 exspoliantur,
2818 588 2920 646 sibi
2945 598 3147 644 statuta
3178 602 3439 661 perpetuo
3461 594 3664 664 stipen-

2080 680 2169 736 dia
2198 681 2436 736 habeant
2460 680 2606 737 unde
2643 681 2850 746 vivant,
2880 681 3127 737 ecclesiae
3158 683 3420 752 serviant,
3442 694 3495 739 et
3525 701 3662 755 pau-

2079 788 2273 844 perum
2325 773 2746 830 necessitatibus
2794 772 3235 841 subministrent,
3260 782 3422 844 atque
3452 776 3663 831 studio-

2081 864 2197 921 sius
2230 881 2461 936 quaeque
2485 863 2570 921 sui
2598 864 2809 920 ordinis
2831 864 3135 921 ministeria
3176 865 3457 936 impleant,
3499 865 3662 921 nulli-

2080 973 2255 1029 usque
2281 957 2360 1013 rei
2397 958 2483 1014 vel
2521 958 2862 1015 necessitatis
2891 958 3185 1014 occasione
3212 959 3281 1013 ab
3306 959 3394 1015 his
3418 976 3658 1030 unquam

2081 1065 2140 1106 se
2169 1057 2446 1121 separent,
2479 1055 2575 1105 aut
2613 1049 2971 1106 saecularibus
2993 1048 3223 1120 negotiis
3259 1050 3560 1106 intendant.
3584 1051 3664 1107 Ex

2080 1145 2168 1201 his
2191 1143 2359 1214 igitur
2397 1150 2644 1214 patenter
2675 1142 3005 1207 ostenditur,
3037 1141 3260 1197 Christo
3291 1143 3658 1201 militantibus

2080 1236 2294 1293 clericis
2322 1234 2440 1291 lore
2465 1235 2712 1291 illicitum
2731 1246 2786 1291 et
2809 1245 3053 1291 terrenas
3082 1233 3370 1291 facultates
3391 1245 3577 1293 tencre
3607 1248 3665 1295 et

2081 1342 2171 1383 res
2210 1325 2610 1384 ecclesiasticas
2651 1339 2891 1392 sumere,
2934 1325 2989 1379 in
3036 1323 3239 1379 saeculo
3268 1324 3663 1395 patrimonium

2083 1422 2304 1489 habere,
2344 1430 2400 1477 et
2429 1419 2853 1477 ecclesiasticam
2900 1417 3206 1490 portionem
3234 1418 3535 1489 suscipere.
3559 1420 3664 1475 Cui

2082 1514 2362 1572 sententiae
2414 1511 2803 1569 confirmandae
2872 1518 3090 1581 aptatur
3146 1510 3281 1566 illud
3341 1510 3592 1580 Apostoli
3645 1528 3662 1565 ι

2086 1604 2256 1661 Nemo
2287 1604 2525 1659 militans
2556 1603 2665 1659 Deo
2699 1601 2938 1673 implicat
2971 1618 3026 1656 se
3052 1602 3274 1672 ueyotiis
3290 1601 3663 1669 soecularilius,

389 1695 669 1764 quomodo
707 1697 868 1754 nobis
927 1700 1250 1756 conceditur
1306 1701 1419 1771 J‘am
1451 1702 1506 1757 in
1538 1703 1760 1759 veritate
1801 1705 1976 1774 persi·
2008 1672 2052 1727 Β
2081 1708 2138 1752 ut
2169 1699 2217 1752 ei
2245 1697 2450 1768 placeat
2480 1696 2569 1751 cui
2589 1712 2646 1751 se
2673 1694 2910 1766 probavit
2941 1692 3029 1765 (11
3059 1692 3193 1749 Tim.
3224 1694 3395 1762 xxiv).
3420 1691 3486 1748 Et
3528 1692 3661 1750 illud

391 1788 686 1856 stentibus,
711 1804 835 1845 cum
873 1792 1044 1848 multa
1074 1792 1322 1863 legamus
1352 1795 1460 1853 illis
1489 1794 1662 1853 ruisse
1688 1811 1974 1867 concessa,

390 1895 515 1949 quae
550 1881 708 1937 nobis
745 1884 1132 1953 proculdubio
1163 1895 1294 1942 sunt
1319 1888 1630 1958 prohibita?
1653 1889 1838 1947 Aaron
1875 1892 1977 1946 ita-

389 1987 498 2041 que
525 1983 579 2029 et
602 1973 727 2031 liliis
746 1975 866 2045 ejus
888 1977 1402 2047 eaeterisquelevitis
1432 1996 1463 2036 a
1488 1980 1721 2038 Domino
1741 1982 1972 2039 dicitur:

392 2061 460 2119 lu
508 2073 650 2120 terra
691 2066 930 2137 filiorum
961 2066 1136 2124 Israel
1158 2071 1292 2125 uiltil
1318 2072 1675 2143 possidebitis,
1700 2091 1793 2130 uec
1817 2073 1977 2131 liabe-

389 2157 515 2212 luitis
536 2170 743 2228 partem
771 2161 910 2216 iuter
939 2177 1050 2223 eos.
1076 2161 1186 2234 qu
1201 2165 1339 2218 euim
1358 2181 1484 2235 pars
1499 2174 1549 2220 et
1577 2166 1860 2223 ltoereditas
1891 2183 1979 2222 ue·

389 2259 505 2302 stra
541 2251 596 2305 in
630 2250 800 2307 undio
833 2253 1069 2323 filiorum
1106 2254 1281 2312 Israel
1314 2255 1507 2330 (Num.
1546 2274 1700 2327 xvtn,
1741 2260 1857 2332 20).
1907 2259 1978 2316 Et

390 2340 554 2409 paulo
577 2350 703 2411 post
727 2343 1083 2415 subsequitur
1115 2362 1131 2401 τ
1164 2345 1326 2402 Filiis
1356 2347 1481 2403 Levi
1521 2350 1642 2405 dedi
1679 2367 1856 2406 omnes
1883 2352 1977 2407 de-

390 2434 559 2488 cimas
615 2432 835 2490 Israelis
871 2436 928 2491 in
976 2439 1354 2507 possessiouem
1404 2457 1501 2511 pro
1529 2442 1840 2511 ministerio,
1871 2460 1975 2516 quo

388 2523 619 2580 serviunt
660 2526 791 2581 milti
822 2528 877 2582 iu
911 2526 1252 2586 tabernaculo
1288 2532 1521 2603 [oederis.
1555 2532 1625 2589 Et
1665 2535 1734 2591 de
1766 2536 1972 2592 eisdem

390 2624 518 2685 post
562 2632 736 2687 pauca
776 2637 791 2675 ε
836 2619 991 2675 Nihil
1037 2622 1189 2677 aliud
1228 2623 1590 2694 possidebunt,
1646 2627 1974 2683 decimarum

389 2705 657 2764 oblatione
683 2711 933 2778 conteuti,
961 2728 1093 2784 quas
1138 2714 1196 2768 in
1229 2730 1356 2769 usus
1385 2731 1567 2770 eorum
1597 2725 1664 2789 et⁸
1677 2719 1974 2774 necessaria

389 2804 633 2870 separavi
681 2803 862 2872 (ibim,
892 2804 985 2874 23,
1009 2805 1124 2868 24).
1156 2804 1223 2862 Et
1263 2808 1380 2864 baec
1409 2809 1629 2880 quidem
1667 2810 1720 2865 in
1754 2808 1972 2880 Veteri3

391 2893 445 2948 in
473 2891 626 2950 Novo
650 2905 832 2951 autem
852 2893 1202 2954 Testamento
1228 2900 1358 2969 quid
1388 2901 1586 2972 cuique
1608 2902 1698 2958 sui
1727 2902 1972 2974 discipu-

2078 1788 2425 1847 Salomonis:
2461 1788 2550 1845 Vae
2595 1789 2859 1861 peccatori
2886 1796 3083 1842 terram
3116 1787 3427 1857 ingredienti
3455 1787 3663 1841 duabus

2076 1882 2176 1937 viis
2204 1880 2399 1954 (Eccli.
2429 1897 2491 1949 u,
2523 1881 2634 1951 u).
2666 1879 3011 1950 Quapropter
3043 1877 3137 1949 qui
3180 1876 3385 1934 Christi
3416 1878 3663 1949 discipu-

2077 1971 2247 2028 latum
2284 1972 2439 2042 sequi
2484 1971 2739 2037 voluerit,
2794 1969 3151 2027 saecularibns
3188 1969 3423 2041 negotiis
3453 1985 3662 2026 renun-

2076 2064 2214 2120 tiare
2256 2064 2475 2119 debebit
2499 2071 2593 2120 :et
2627 2063 2722 2135 qui
2752 2062 2921 2119 semel
2956 2077 3112 2119 sacer
3135 2062 3361 2119 effectus
3402 2063 3470 2119 de
3501 2078 3662 2121 sacro

2075 2161 2259 2217 vivere
2285 2160 2533 2231 coeperit,
2561 2158 2676 2230 jam
2727 2158 2797 2215 ad
2827 2157 3121 2216 vivendum
3155 2158 3330 2215 sacris
3359 2158 3436 2213 uti
3468 2157 3663 2229 praeci-

2075 2253 2243 2323 pitur.
2277 2251 2381 2308 Sed
2407 2267 2475 2307 ne
2502 2254 2605 2310 soli
2638 2256 2745 2311 boc
2765 2267 2931 2323 supet·
2972 2252 3080 2307 vita
3108 2261 3165 2308 et
3212 2251 3398 2322 regula
3428 2250 3662 2306 catholi-

2075 2358 2265 2399 corum
2290 2343 2617 2399 clericorum
2651 2343 2936 2400 videamur
2960 2341 3184 2409 sentire,
3211 2341 3475 2397 accedant
3493 2350 3546 2396 et
3565 2340 3661 2396 alii

2075 2443 2241 2490 testes
2279 2434 2333 2491 iu
2378 2435 2521 2491 idem
2567 2436 2995 2500 consentientes,
3022 2434 3125 2490 viri
3155 2433 3556 2505 religiosissimi
3602 2442 3663 2489 et

2073 2528 2301 2585 scientia
2347 2528 2674 2600 plenissimi,
2703 2529 3071 2601 Hieronymus
3105 2528 3375 2595 videlicet,
3397 2526 3662 2598 Augusti-

2074 2633 2182 2674 nus
2206 2628 2260 2672 et
2280 2616 2538 2688 Prosper,
2562 2627 2618 2675 et
2638 2617 2770 2689 quid
2805 2633 2970 2688 super
2991 2617 3096 2673 boc
3119 2617 3356 2674 dixer-int
3390 2617 3472 2671 vel
3498 2616 3663 2673 intel-

2075 2707 2325 2775 lexerint,
2351 2710 2661 2766 audiamus.
2686 2707 3060 2782 Hieronymus
3095 2708 3161 2764 ad
3197 2707 3560 2779 Nepotianum
3587 2714 3661 2764 de

2073 2799 2185 2856 vita
2236 2808 2291 2856 et
2340 2800 2591 2858 moribus
2635 2801 2962 2858 clericorum
3012 2802 3153 2856 inter
3202 2808 3397 2856 caetera
3441 2798 3656 2864 scribit,

2074 2892 2263 2950 dicens
2290 2911 2307 2949 t
2334 2912 2353 2945 e
2375 2892 2624 2950 Clericus
2645 2893 2741 2966 qui
2770 2893 2977 2950 Christi
3002 2893 3173 2951 servit
3196 2891 3469 2955 Ecclesiae,
3495 2891 3659 2946 inter-

391 2985 532 3039 iatus
579 2983 899 3055 perfectioni
950 2988 1229 3045 adhaerere
1275 2991 1477 3047 volenti
1521 2993 1743 3062 dixerit,
1779 2994 2040 3069 audin-c
2080 3003 2099 3039 ί
2146 2994 2389 3055 mel-etur
2440 2986 2680 3056 primum
2725 2985 3055 3042 vocabulum
3111 3000 3296 3050 suum,
3322 2995 3378 3040 81
3414 2982 3658 3039 Ιὶθῐὶῑίῐὶῑί

390 3093 552 3135 inus:
580 3075 641 3132 Si
665 3077 742 3133 vis
777 3079 1041 3150 perfectus
1076 3096 1207 3147 esse,
1230 3083 1362 3138 vade
1388 3093 1437 3139 et
1463 3085 1622 3139 vende
1650 3086 1827 3139 omnia
1854 3101 1974 3157 quoe

389 3165 548 3221 linires
589 3179 642 3221 et
671 3168 742 3221 da
782 3169 1123 3239 pauperibus,
1165 3179 1216 3226 et
1245 3172 1360 3227 oeni
1395 3188 1606 3244 sequere
1643 3189 1724 3229 me
1749 3173 1970 3246 (Manli.

392 3275 506 3326 xix,
547 3258 676 3330 21);
723 3268 778 3315 et
807 3259 937 3315 alibi
971 3278 984 3314 ε
1016 3260 1124 3326 Qui
1150 3277 1252 3316 non
1289 3264 1555 3318 renuntiat
1587 3263 1829 3318 amitibus
1856 3280 1975 3335 quoe

389 3348 642 3419 possidet,
686 3366 790 3404 nou
819 3358 987 3421 potest
1030 3366 1175 3405 meus
1203 3366 1315 3405 esse
1342 3350 1635 3421 discipulus
1663 3350 1818 3424 (Luc.
1857 3367 1971 3421 xtv,

390 3442 508 3510 53).
537 3439 601 3497 Et
627 3441 681 3496 in
720 3441 830 3497 alio
859 3442 979 3497 loco
1010 3457 1136 3496 cum
1168 3441 1237 3497 ad
1275 3442 1684 3513 praedicandum
1709 3443 1971 3512 mitteret,

389 3532 674 3606 prohibuit
727 3533 827 3601 εἰς,
866 3533 1054 3589 dicens
1085 3551 1099 3590 z
1131 3532 1314 3590 Nolite
1349 3534 1618 3605 possidere
1653 3551 1843 3589 aarum
1895 3537 1973 3591 vel

391 3637 669 3697 argentum
700 3624 919 3696 (Mattlt.
944 3641 1001 3694 x,
1039 3624 1117 3697 9).
1171 3625 1329 3693 Quod
1359 3641 1421 3684 se
1472 3625 1667 3683 Petrus
1716 3626 1974 3697 implesse

390 3718 670 3775 evidenter
713 3719 973 3786 ostendit,
1001 3718 1190 3775 dicens
1214 3735 1231 3777 ε
1253 3719 1540 3792 Argentum
1559 3730 1610 3775 et
1645 3736 1837 3775 aurum
1867 3737 1971 3776 nou

388 3819 468 3866 est
507 3810 637 3865 miln·
664 3809 805 3883 (Act.
842 3826 926 3875 ιιι.
953 3809 1030 3881 6).
1059 3808 1177 3867 lloc
1204 3810 1370 3866 etiam
1421 3820 1652 3867 caeteros
1695 3811 1973 3883 apostolos

391 3904 590 3960 recisse
627 3912 857 3959 testatur
903 3902 1043 3960 idem
1085 3900 1304 3970 Petrus,
1327 3917 1453 3959 cum
1494 3919 1595 3974 pro
1625 3918 1685 3959 se
1741 3912 1796 3959 et
1846 3902 1972 3960 aliis

389 3996 779 4068 condiscipulis
810 3998 927 4055 suis
955 3998 1255 4072 interrogat
1278 3998 1570 4055 Dominum
1601 4000 1789 4057 dicens
1820 4019 1834 4056 z
1872 3999 1973 4055 Do·

390 4090 547 4154 mine,
565 4105 680 4143 ecce
704 4106 798 4146 uos
829 4089 1134 4161 reliquimus
1168 4093 1368 4160 omnia,
1394 4101 1444 4147 et
1472 4093 1638 4147 secuti
1667 4110 1848 4148 sumus
1877 4102 1925 4148 te
1951 4109 1970 4149 .·

386 4179 514 4249 quid
544 4196 667 4251 erqo
695 4183 797 4236 erit
825 4181 973 4235 uobis
994 4184 1020 4237 ?
1052 4181 1271 4254 (Malta.
1298 4199 1411 4251 xix,
1442 4182 1558 4255 27.)
1588 4185 1690 4240 Cui
1713 4186 1838 4241 etin
1859 4201 1968 4255 quo

389 4272 648 4328 ninnibus
669 4273 808 4329 idem
828 4272 1153 4331 facientibus
1169 4277 1508 4346 respondens
1523 4276 1790 4333 Dominus
1803 4277 1932 4333 dicit
1952 4297 1964 4329 ε

2080 3096 2102 3131 c
2139 3079 2454 3136 delinitione
2480 3081 2714 3151 prolata,
2745 3082 2951 3139 nitatur
3002 3097 3126 3139 esse
3153 3081 3299 3154 quod
3329 3080 3549 3138 dicitur.
3592 3080 3654 3137 Si

2080 3188 2100 3223 r
2141 3170 2287 3227 enim
2338 3171 2503 3228 cleros
2553 3172 2757 3239 Graece,
2782 3172 2974 3229 Latine
3022 3188 3145 3229 sors
3184 3172 3502 3244 appellatur,
3526 3185 3657 3242 pro-

2081 3282 2100 3316 «
2144 3273 2328 3334 pterea
2360 3274 2629 3320 vocantur
2656 3264 2862 3332 clerici,
2886 3265 3015 3336 quia
3041 3266 3109 3323 de
3134 3275 3283 3321 sorte
3311 3273 3440 3320 sunt
3467 3264 3656 3319 Domi·

2077 3373 2099 3408 c
2140 3354 2218 3422 ni,
2248 3356 2335 3411 vel
2361 3356 2492 3426 quia
2518 3355 2785 3413 Dominus
2812 3356 2928 3428 ipse
2953 3372 3099 3424 sors,
3123 3356 3175 3412 id
3204 3365 3287 3413 est
3310 3372 3437 3426 pars
3458 3371 3654 3412 corum

2077 3463 2100 3499 c
2142 3455 2247 3502 est.
2280 3445 2347 3502 Et
2379 3447 2508 3517 quia
2558 3447 2643 3503 vel
2697 3448 2814 3518 ipse
2857 3447 3091 3504 clericus
3127 3463 3253 3519 pars
3300 3446 3513 3502 Domini
3543 3455 3653 3516 est,

2079 3555 2098 3591 c
2144 3538 2230 3594 vel
2272 3536 2565 3595 Dominum
2614 3549 2824 3609 partem
2873 3540 3055 3607 hahet,
3087 3540 3247 3595 talem
3294 3554 3352 3595 se
3393 3537 3655 3595 exhibere

2077 3647 2096 3680 ι
2144 3628 2305 3685 debet
2327 3637 2385 3684 ut
2406 3630 2521 3700 ipse
2549 3629 2826 3701 possideat
2854 3629 3141 3686 Dominum
3164 3640 3214 3685 et
3242 3629 3356 3699 ipse
3374 3627 3655 3700 possidea-

2078 3740 2098 3775 ι
2145 3730 2232 3778 tur
2260 3737 2291 3776 a
2333 3721 2582 3778 Domino.
2621 3720 2724 3789 Qui
2780 3721 3026 3792 possidet
3079 3719 3372 3777 Dominum
3424 3728 3480 3774 et
3523 3734 3652 3775 cum

2076 3833 2099 3869 c
2142 3813 2412 3886 Propheta
2462 3813 2596 3869 dicit
2626 3832 2641 3870 z
2676 3812 2815 3869 Pars
2844 3829 2959 3869 mea
2982 3812 3242 3867 Dominus
3272 3810 3446 3883 (Psal.
3476 3825 3651 3876 usn,

2078 3926 2097 3959 ι
2141 3906 2259 3977 26).
2289 3906 2425 3962 nihil
2450 3916 2603 3962 extra
2650 3904 2942 3961 Dominum
2967 3904 3170 3960 habere
3192 3912 3387 3974 potest.
3416 3901 3571 3970 Quod
3600 3903 3651 3959 si

2067 4019 2097 4052 -ι
2144 3999 2424 4071 quidpiam
2460 3998 2608 4054 aliud
2640 3996 2894 4052 habuerit
2947 4003 3144 4066 praeter
3181 3994 3495 4061 Dominum,
3523 4010 3652 4066 pars

2078 4111 2097 4144 ι
2142 4092 2261 4161 ejus
2291 4105 2399 4145 non
2428 4089 2534 4145 erit
2566 4088 2853 4144 Dominus.
2885 4084 3047 4142 Verbi
3081 4086 3258 4157 gratia
3291 4105 3306 4141 t
3339 4086 3387 4142 si
3428 4102 3649 4153 aurum,
3746 4147 3753 4153 ,

2080 4205 2096 4233 s
2144 4185 2188 4237 si
2216 4193 2517 4249 argentum.
2549 4185 2589 4233 si
2617 4180 3012 4249 [dissessiones
3038 4179 3087 4235 si
3109 4178 3316 4234 variam
3340 4177 3653 4249 supellecti-

2080 4293 2096 4325 ι
2148 4274 2272 4337 leni,
2316 4289 2441 4325 rum
2489 4273 2605 4325 istis
2649 4273 2893 4337 nai-libus
2916 4268 3184 4325 Dominus
3228 4285 3357 4341 pars
3380 4270 3503 4340 ejus
3530 4268 3650 4325 lieri

387 4364 556 4417 Amen
609 4363 729 4417 dico
777 4364 942 4430 vobis,
971 4366 1098 4435 quia
1138 4382 1226 4420 vos
1263 4368 1355 4436 qui
1387 4366 1674 4437 reliquistis
1708 4368 1889 4423 oinnia
1915 4381 1964 4423 cs
2004 4359 2040 4409 [t
2080 4385 2096 4417 ι
2144 4381 2248 4421 unu
2296 4363 2573 4433 dignatur.
2637 4365 2689 4413 iii
2733 4372 2911 4418 nutem
2953 4377 3055 4433 ego
3096 4377 3225 4432 pars
3260 4360 3477 4419 Domini
3522 4378 3649 4418 sum

386 4454 554 4508 secuti
593 4454 721 4509 estis
770 4469 852 4508 me
881 4454 937 4509 in
967 4456 1375 4525 reqeueratione,
1411 4472 1531 4510 cum
1563 4456 1758 4512 sederit
1793 4456 1838 4511 F
1841 4457 1968 4513 ilius

385 4546 616 4603 hominis
666 4546 721 4600 iu
765 4546 887 4601 sede
926 4546 1225 4617 majestatis
1255 4562 1386 4612 suoe,
1412 4546 1656 4603 sedebitis
1684 4556 1734 4603 et
1763 4565 1850 4603 vos
1877 4566 1968 4605 su-

384 4656 479 4710 per
503 4640 648 4694 sedes
674 4638 949 4694 duodecim
964 4639 1267 4709 judicantes
1291 4638 1566 4694 duodecim
1587 4639 1754 4694 tribus
1770 4639 1960 4695 Israel.

388 4729 460 4784 Et
483 4730 653 4784 ovinis
679 4730 768 4800 qui
795 4731 1066 4803 reliquerit
1102 4731 1336 4796 domum,
1366 4740 1460 4786 aut
1485 4740 1710 4801 patrem,
1735 4742 1828 4787 aut
1851 4749 1964 4787 ma-

389 4831 546 4889 trem,
569 4831 665 4875 aut
694 4822 909 4893 fratres,
936 4833 1028 4877 aut
1067 4840 1293 4891 sorores,
1324 4833 1416 4880 aut
1448 4841 1603 4896 aqros
1625 4842 1720 4895 pro
1758 4826 1964 4879 nomint?

387 4929 525 4977 meo,
552 4910 855 4982 centuplum
886 4913 1126 4983 accipiet,
1158 4925 1207 4969 et
1246 4915 1409 4969 vitam
1449 4925 1701 4971 aeternam
1726 4915 1964 4985 posside-

389 5008 468 5063 bit
514 5005 733 5078 (Manli.
761 5022 874 5073 xix,
899 5006 992 5074 28,
1017 5007 1133 5076 ΞΘ).
1168 5007 1293 5064 Haec
1320 5009 1496 5064 levitis
1522 5018 1577 5064 et
1600 5008 1719 5065 haec
1745 5017 1967 5079 aposto-

387 5098 457 5155 lis
500 5107 758 5153 mandata
790 5108 940 5157 sunt.
973 5096 1232 5168 Utrisque
1259 5114 1368 5153 una
1407 5101 1616 5171 regula,
1658 5109 1714 5157 et
1774 5101 1963 5157 eadem

387 5194 471 5248 lex
498 5190 813 5263 praecipitur
844 5209 857 5247 :
892 5190 1139 5259 utrisque
1174 5192 1451 5262 possessio
1478 5192 1705 5256 tollitur,
1746 5199 1964 5247 terrena

384 5284 621 5341 facultas
651 5282 1015 5341 interdicitur.
1049 5280 1154 5349 Qui
1205 5297 1336 5354 ergo
1383 5282 1477 5338 alii
1524 5283 1713 5355 regula
1743 5289 1799 5339 et
1848 5284 1966 5355 lege

385 5374 491 5431 ista
544 5384 799 5432 tenentur
843 5375 952 5431 nisi
981 5374 1188 5441 clerici,
1216 5375 1309 5446 qui
1353 5373 1640 5430 levitarum
1673 5373 1887 5429 Domini
1911 5382 1966 5429 et

342 5465 351 5491 ¹·
385 5467 782 5538 discipulorum
839 5467 1044 5524 Christi
1102 5468 1284 5524 locum
1332 5476 1515 5524 tenent
1534 5509 1549 5534 ,
1601 5466 1965 5523 ministerium

386 5560 635 5630 implent,
657 5560 804 5617 vices
825 5570 1064 5626 servant,
1089 5562 1308 5618 ordines
1337 5561 1575 5616 habent?
1592 5558 1668 5614 Ad
1684 5560 1789 5615 hoc
1800 5558 1963 5614 etiam

382 5652 702 5712 mandatum
726 5655 1021 5718 tenendum
1045 5664 1101 5710 et
1124 5663 1384 5727 perpetuo
1416 5651 1751 5725 implendum
1785 5651 1962 5709 ecclc-

2076 4473 2096 4505 ι
2140 4465 2196 4509 et
2232 4455 2505 4509 funiculus
2537 4456 2868 4511 litt-riuiitutis
2904 4454 3046 4525 ejusa,
3068 4470 3172 4512 nec
3199 4455 3408 4527 accipio
3436 4465 3648 4527 partem

2076 4565 2092 4601 ι
2140 4549 2280 4601 iuter
2316 4561 2541 4601 cai-11:135
2585 4549 2777 4609 nuum.
2811 4547 2903 4604 sed
2936 4547 3093 4617 quasi
3118 4547 3281 4604 levita
3305 4556 3361 4603 et
3387 4548 3649 4605 sacerdos

2076 4661 2092 4693 ι
2140 4645 2260 4693 ritu
2316 4641 2381 4693 tlt·
2409 4641 2669 4704 εξι3τ3ἰῐιιὶτγμζΣ
2705 4649 2757 4693 ei
2789 4637 2944 4694 uitari
2987 4639 3236 4696 serviens
3262 4638 3455 4694 altaris
3485 4639 3645 4696 obla·-

2076 4753 2092 4785 t
2140 4733 2284 4789 tione
2336 4741 2637 4797 sustentur,
2669 4733 2876 4787 habiens
2924 4732 3125 4787 victum
3156 4740 3211 4787 et
3238 4731 3516 4797 vestitum,
3557 4730 3649 4789 bis

2076 4845 2092 4873 ι
2140 4833 2425 4877 contentus
2457 4841 2569 4885 ern,
2605 4837 2653 4877 et
2689 4825 2886 4877 mulam
2914 4837 3133 4878 crucem
3157 4820 3337 4877 nudus
3365 4836 3584 4891 sequar.
3616 4838 3639 4875 ι

2072 4913 2132 4969 tit
2192 4925 2312 4984 lui-st
2370 4929 2541 4984 puni-u
2593 4913 2641 4965 in
2689 4916 2873 4966 nulium
2931 4912 3162 4982 epistola
3211 4911 3404 4967 scribit
3440 4910 3643 4979 eidem,

2065 5004 2252 5061 dicens
2297 5022 2312 5060 t
2360 5023 2380 5056 ι
2426 5003 2811 5059 Procuratores
2839 5012 3003 5073 atque
3029 5003 3433 5075 dispensatores
3452 5002 3647 5057 domo-

2072 5114 2091 5147 ι
2139 5112 2257 5150 rum
2292 5096 2592 5153 alienarum
2644 5107 2808 5167 atque
2835 5095 3085 5150 villarum
3108 5093 3385 5165 quomodo
3410 5104 3647 5165 possunt

2072 5207 2091 5241 ι
2135 5203 2259 5245 esse
2283 5189 2488 5256 clerici,
2512 5190 2604 5260 qui
2637 5190 2885 5261 proprias
2907 5187 3167 5257 jubentur
3188 5198 3536 5243 contemnem
3563 5186 3647 5242 ia-

2073 5304 2091 5335 «
2138 5283 2400 5339 cultates?
2455 5301 2475 5334 ι
2528 5280 2823 5353 Hucusque
2870 5280 3253 5350 Hieronymus.
3301 5279 3645 5349 Augustinus

2068 5384 2247 5431 sutem
2280 5375 2333 5430 in
2368 5374 2734 5432 nonodecimo
2775 5372 3015 5443 capitulo
3056 5370 3182 5426 libri
3220 5368 3289 5427 de
3327 5370 3507 5435 verbis
3533 5368 3647 5425 Do-

2066 5467 2199 5523 mini
2248 5468 2332 5523 sic
2374 5468 2582 5532 scribit,
2612 5466 2801 5523 dicens
2834 5483 2848 5520 :
2883 5484 2902 5517 ι
2939 5462 3222 5520 Venerunt
3266 5471 3323 5519 et
3362 5462 3642 5534 publicani

2072 5578 2091 5608 ι
2136 5559 2203 5614 ad
2246 5556 2514 5615 «loannem
2552 5564 2612 5613 ut
2643 5555 3055 5627 baptizarentur
3093 5555 3163 5610 ah
3189 5568 3278 5619 eo,
3307 5562 3362 5610 et
3385 5553 3646 5609 disertmt

2073 5670 2090 5705 i
2140 5650 2205 5708 ad
2243 5666 2366 5709 eum
2403 5668 2419 5709 ε
2453 5648 2876 5722 Jtaqister,quid
2913 5648 3208 5720 faciemus?
3256 5648 3321 5701 eit
3366 5645 3454 5700 ille
3500 5644 3643 5699 dixit
