3892 6067
84 316 147 374 909
369 313 648 373 COMMENTARIUS!
667 314 701 370 bt
720 312 890 372 bsntntos,
908 324 944 356 '-
965 309 1062 372 PMiS
1078 310 1113 368 X.
1131 341 1169 355 -
1184 311 1286 370 PSAL.
1305 313 1449 371 beiil.
1669 321 1726 379 bib

84 418 193 487 ddnde
203 428 495 500 majusculosassensu
508 432 607 488 ruentis
624 432 750 501 lactatus,
761 432 888 503 quosqui
901 437 924 494 Α
939 430 967 503 (l
978 430 1041 488 Cor.
1054 445 1096 498 tn,
1113 431 1168 502 tt).
1184 428 1292 485 Inimici
1313 446 1375 501 erpa
1394 428 1453 500 ejus
1470 429 1632 491 destraentes
1645 452 1728 509 usque

83 529 170 580 tenet
179 529 209 578 et
221 520 310 576 allidit
322 519 357 576 ad
372 529 488 591 puram,
503 521 594 578 beatus
608 533 662 590 est,
680 523 745 596 quia
757 533 886 595 petraest
935 526 971 580 ud
988 523 1188 597 [undamentum
1204 523 1355 578 Jerusalem
1368 525 1537 593 sabaniani,
1552 528 1657 597 quondo
1667 546 1729 600 prr·

85 610 234 677 Christus,
251 610 393 683 peronius
417 612 615 670 invocationem
633 615 784 671 liberantur
798 630 813 670 a
827 629 886 671 nra·
936 616 1004 672 aerei
1013 616 1124 687 spiritus
1136 631 1154 670 a
1167 615 1246 669 carde
1254 615 1394 685 fidelium,
1407 616 1542 671 destructa
1564 619 1639 688 prius
1652 621 1724 675 ,esli-

84 710 136 758 tre
148 701 298 774 Babylone,
326 702 467 774 ipsiusque
478 704 549 773 pilia,
570 705 617 776 qui
629 706 803 762 dilectionem
826 706 886 777 ejus
935 707 998 777 ficia
1011 706 1073 762 boni
1087 706 1185 777 apesin
1201 704 1364 761 soliditatem
1385 723 1492 778 auoque
1510 708 1670 766 almanus
1685 728 1727 767 rs·

89 793 180 862 liuius
191 791 286 847 mundi
300 792 439 849 dilectioni
452 805 630 866 anteponunt.
653 795 699 854 Sic
716 805 745 853 tu
758 797 818 867 filia
829 798 886 852 Bn-
933 797 1053 870 licionio.
1075 795 1151 853 Sicut
1161 798 1231 852 enirn
1241 813 1320 868 saper
1336 797 1540 867 [undamntsra
1558 800 1672 871 idrus,
1688 804 1727 858 sie

86 884 201 956 oplanis
209 885 307 939 adsere
316 886 503 958 coguosceris,
512 901 575 942 aaut
590 886 660 943 illias
673 893 736 943 tuus
748 886 884 955 amiseris,
935 906 1015 961 super
1024 889 1104 960 fiderat
1115 905 1195 960 opera
1208 898 1409 945 construuntur.
1425 888 1512 961 b'spue
1524 891 1559 944 ad
1571 892 1727 961 fundamen·

90 983 121 1032 et
135 975 319 1043 miserisuut,
343 976 569 1049 quitediliguut,
596 978 783 1050 quiquellios
801 979 836 1035 de
859 989 886 1034 te
936 989 993 1034 tunt
1016 996 1078 1052 erpo
1094 980 1248 1036 exinanisse
1266 988 1307 1034 est
1324 995 1413 1034 euerso
1437 980 1500 1035 berte
1522 982 1625 1036 uiuendi
1652 998 1727 1053 opere
1808 959 1819 978 ⁹

90 1066 204 1139 genitos
218 1082 333 1124 assensu
344 1067 436 1125 cordis
453 1068 555 1127 lautam
565 1080 592 1126 et
606 1069 729 1126 nutriunt
748 1069 886 1142 usquead
934 1072 1017 1127 edom
1030 1071 1111 1126 robur
1127 1070 1191 1141 fidei
1203 1070 1357 1141 dumosae.

89 1158 327 1231 perpetrationem
338 1174 485 1231 pratorum
495 1176 619 1231 operum,
630 1177 692 1232 qua
700 1175 756 1217 tran
767 1161 824 1232 jam
833 1175 886 1232 pra
936 1161 1073 1219 abeatur
1090 1162 1215 1233 tanuen
1239 1161 1300 1232 pilia
1322 1160 1480 1232 Minonis,
1507 1162 1732 1233 cuncupiscentiis

90 1250 215 1322 penulis
228 1249 364 1307 habeatur
385 1249 552 1323 babyloniis,
567 1253 686 1309 maxime
696 1252 843 1310 accedente
858 1252 885 1309 iu
936 1253 1063 1311 videlieet
1076 1254 1226 1322 mundana,
1242 1255 1290 1326 qui
1300 1253 1426 1309 retribuet
1450 1254 1500 1308 tibi
1526 1254 1731 1313 rerumrerum

92 1343 200 1398 salibus
211 1343 292 1415 bugu
305 1350 333 1398 ct
345 1344 647 1414 praramnsnotsdtne,
661 1359 723 1417 quse
740 1343 814 1400 uinci
831 1360 886 1400 rma
937 1352 1022 1412 tuum,
1038 1360 1117 1417 amns
1133 1345 1281 1400 retribuisti
1293 1345 1382 1401 nabis.

91 1442 188 1505 potest
197 1435 302 1505 absque
316 1448 415 1506 magna
439 1432 607 1492 difficultate.
632 1434 774 1493 facillime
792 1445 886 1492 antem
973 1433 1226 1492 venundentur
1248 1436 1411 1506 puiteaebit
1434 1444 1460 1491 et
1483 1435 1578 1491 allidet
1604 1437 1729 1506 paredas

92 1524 198 1591 tenori,
214 1525 289 1581 etad
298 1533 405 1595 petram
426 1534 545 1596 possunt
566 1525 642 1582 allidi
660 1526 751 1584 adbuc
767 1528 885 1598 paruuli,
938 1540 998 1586 tuas
1012 1529 1047 1584 aa
1071 1538 1184 1600 petron.
1198 1528 1307 1595 beatus,
1320 1529 1444 1600 inquam,
1462 1542 1526 1585 uera
1550 1527 1728 1596 leatiurdine,

94 1616 163 1687 quia
178 1617 321 1673 Christum
332 1616 455 1687 diligenti
472 1616 572 1674 animae
585 1617 720 1689 multatus
734 1617 819 1674 illiciti
837 1619 887 1674 ad·
938 1621 984 1693 qui
995 1621 1101 1689 tenebit,
1113 1628 1139 1677 et
1151 1620 1245 1676 utitur
1262 1619 1388 1692 paruulos
1409 1629 1469 1676 tues
1481 1619 1516 1673 ud
1527 1629 1642 1689 petrosa,
1654 1620 1730 1690 quod

94 1705 238 1762 veniemus
257 1707 334 1762 cordi
353 1721 406 1761 tran
429 1715 538 1776 nocent,
564 1706 675 1779 quatrdu
701 1724 756 1764 non
768 1708 885 1781 placent,
936 1711 1069 1766 nimirum
1092 1711 1221 1777 iacintus,
1244 1725 1310 1767 cum
1325 1719 1437 1767 orantes
1460 1708 1597 1766 dicimus:
1614 1709 1731 1778 Quaesu-

93 1796 210 1867 quando
224 1812 278 1853 non
293 1797 473 1868 recipiuntur,
489 1797 538 1855 sed
552 1798 633 1871 quasi
653 1815 756 1856 muscae
770 1800 886 1872 abiguu·
902 1788 924 1844 Β
936 1814 1012 1863 muts,
1041 1800 1215 1870 omnipotens
1240 1797 1323 1866 licus
1354 1807 1384 1854 ut
1405 1797 1489 1855 nullis
1511 1813 1563 1855 nos
1588 1799 1730 1869 permistus

93 1896 143 1943 tar
158 1903 208 1961 per
219 1888 307 1946 bonas
318 1888 511 1960 cagitationes,
532 1904 593 1962 que
609 1905 664 1946 non
677 1900 743 1947 sum
756 1891 822 1962 nttoe
833 1892 888 1946 ba·
938 1889 1191 1967 perturbationibus
1202 1890 1327 1959 concuti,
1354 1903 1425 1961 quos
1438 1888 1466 1944 in
1489 1890 1648 1960 apostolice
1661 1906 1730 1948 coa·

96 1978 215 2049 balanis,
244 1979 292 2035 sed
314 1980 377 2036 lilia.
403 1978 470 2036 Sion
492 1979 550 2037 siue
568 1978 721 2037 ierusalem
742 1982 887 2039 desursum
939 1982 1067 2039 fessionis
1079 1989 1158 2054 petra
1171 1981 1306 2039 solidasti.
1321 1979 1393 2049 Quia
1401 1979 1532 2047 enimin
1543 1977 1665 2052 Babylon
1674 1995 1732 2036 ma·

95 2070 364 2142 acceptationem
379 2070 571 2129 nitranensis
587 2079 735 2144 concepte,
750 2088 888 2145 quaecum
939 2083 982 2131 ter
995 2073 1223 2143 tomtmuonum,
1246 2084 1274 2131 ct
1295 2083 1336 2143 tu,
1363 2073 1420 2131 lilia
1443 2073 1600 2146 Babylonis,
1621 2074 1651 2130 iu
1676 2073 1732 2132 tuis

98 2160 211 2231 inopus
228 2161 381 2233 perlectum
402 2170 575 2231 excrescunt,
591 2163 671 2235 quasi
688 2163 766 2221 cites
780 2163 891 2221 ierusa-
939 2167 1093 2241 phantasiis
1102 2166 1284 2224 enodando
1306 2166 1401 2226 studes
1424 2166 1505 2224 uobis
1518 2167 1614 2225 tollere
1630 2164 1732 2223 lunda·

96 2253 152 2310 lem
171 2253 247 2311 eires
259 2253 426 2327 Babylonios
436 2255 569 2312 inuadunt
582 2264 610 2312 et
623 2265 732 2314 vastant
745 2257 891 2313 retribuen-
939 2265 1063 2315 motuum
1084 2266 1221 2325 nostrum,
1246 2257 1320 2329 quod
1334 2264 1378 2314 est
1392 2264 1468 2328 petru
1484 2256 1573 2313 solida
1590 2273 1599 2313 ;
1614 2270 1666 2312 uos
1680 2256 1732 2313 tibi

97 2356 138 2403 tes
152 2346 304 2419 eisirntam
332 2348 543 2419 retribmioaens,
557 2349 737 2407 vastationem
763 2350 891 2407 videlicet
940 2333 1116 2405 retribuendo
1128 2346 1335 2403 retributionum
1347 2346 1453 2418 iustam
1480 2345 1624 2404 amenus
1637 2345 1734 2404 tollen

95 2458 151 2513 pro
174 2442 339 2509 vastatione,
356 2440 511 2499 allisionem
534 2457 587 2513 pro
604 2443 741 2511 allisione,
766 2443 892 2500 cuinam.
940 2441 1151 2498 iundsmetnum
1166 2448 1255 2506 tuum,
1266 2438 1339 2510 quod
1355 2446 1398 2495 est
1411 2452 1505 2494 arura.
1527 2436 1568 2494 'iu
1579 2453 1675 2496 muros
1685 2435 1734 2494 le·

96 2531 204 2587 ιιοιιοιιι
225 2546 275 2603 pra
294 2530 490 2600 exinanitione,
520 2532 766 2604 captiuitatempro
777 2532 892 2602 captiui·
941 2534 1061 2590 susaleru
1086 2531 1129 2588 rel
1142 2529 1246 2603 apertis
1266 2537 1294 2587 et
1321 2528 1386 2585 altis
1410 2529 1547 2585 maurinis
1562 2528 1732 2603 impugnare,

99 2631 166 2689 tate,
185 2624 393 2694 suspensionem
403 2637 454 2695 pru
469 2623 662 2695 suspensione.
677 2621 838 2680 sicutenim
852 2625 892 2680 illi
940 2623 985 2682 ‘vel
1008 2621 1126 2681 occtdtis
1148 2621 1329 2679 considerem
1346 2618 1598 2677 machinationibus
1617 2620 1734 2676 tanaus

99 2728 153 2770 nos
168 2721 317 2784 coegemnt
327 2728 382 2770 uon
393 2712 504 2784 quidem
517 2713 650 2786 projicere
659 2722 707 2769 aut
721 2712 893 2787 confringere
943 2717 1081 2775 suffodere
1106 2713 1209 2771 insstta
1220 2712 1346 2778 conaris,
1371 2720 1398 2768 et
1412 2726 1465 2767 nos
1487 2710 1562 2767 circs
1581 2709 1734 2767 ierusalem

96 2819 208 2876 organa
219 2814 321 2874 nostra
333 2805 553 2877 sodaliqusadiu
567 2808 744 2878 suspendere,
759 2807 800 2862 sic
813 2816 840 2863 et
853 2807 892 2862 illi
942 2810 993 2865 tibi
1004 2808 1093 2863 vicem
1105 2806 1188 2876 justae
1209 2801 1398 2859 retributionis
1411 2801 1599 2873 rependimus,
1613 2801 1735 2859 domuel

96 2896 175 2972 spsd
199 2911 250 2953 aas
273 2897 405 2968 conbusti
427 2905 456 2953 ot
480 2897 533 2953 sub
547 2898 644 2970 iugum
669 2896 773 2953 Christi
791 2895 892 2953 redacti
942 2897 1148 2972 praedicationis
1158 2905 1264 2968 apertae
1287 2892 1399 2965 scriptis
1424 2908 1458 2950 ac
1473 2893 1663 2951 dictiscoutra
1675 2909 1736 2949 mu-

98 2994 236 3060 rtogtttttur
258 2988 382 3044 membra
406 3002 457 3044 sua
484 3002 547 3060 qua
569 2985 682 3044 luerunt
711 2988 893 3044 iustrumenta
943 3008 991 3050 ma
1008 2990 1250 3054 arnesrietamus,
1276 2985 1374 3058 positis
1391 2985 1419 3041 in
1434 3000 1503 3059 prro
1516 2984 1649 3042 arietibus
1658 2983 1735 3041 aliis-

102 3077 225 3145 msbbae,
248 3093 303 3134 stou
317 3078 428 3150 quidem
440 3078 565 3152 perdere,
578 3077 627 3135 sed
638 3093 655 3134 a
667 3077 770 3134 malitia
780 3092 929 3174 suspeu-c
944 3097 999 3155 que
1010 3080 1147 3137 machinis
1161 3078 1235 3146 altis,
1248 3077 1292 3133 vel
1304 3075 1423 3134 occultis
1437 3075 1594 3133 antianum
1609 3073 1736 3131 bosonis

101 3172 168 3229 dere
177 3171 330 3229 cohibendo
343 3186 376 3229 eu
393 3171 445 3228 sub
458 3170 614 3228 christiana
627 3170 781 3243 disciplina
946 3171 1123 3229 fundamenta
1143 3182 1288 3225 murorum
1301 3176 1412 3223 tuarum
1427 3167 1487 3223 sire
1512 3165 1630 3222 turrium
1652 3164 1737 3221 suda·

138 3261 292 3320 barborum
309 3262 408 3334 psalmi
431 3262 632 3334 nujnsmemar
655 3271 768 3319 sauctus
789 3261 896 3334 Grego-
944 3265 1047 3333 dutus,
1062 3276 1124 3334 quc
1148 3258 1262 3333 preinde
1276 3257 1426 3316 admittunt
1447 3249 1653 3324 suffossionem,
1671 3255 1738 3328 qula

102 3355 162 3414 rius
171 3371 242 3428 papa
255 3357 321 3413 dicit
334 3356 362 3412 iu
379 3357 549 3428 expositione
558 3354 610 3413 lob
623 3356 702 3429 ltili:
725 3355 754 3412 ln
765 3356 895 3414 salicibus
945 3373 1001 3414 sron
1016 3354 1093 3413 aliud
1107 3361 1264 3424 suntquom
1285 3365 1369 3407 arcus
1382 3366 1390 3404 ι
1405 3350 1455 3406 sed
1475 3362 1619 3405 murorum
1629 3355 1739 3405 uestro·

103 3449 131 3505 in
146 3450 236 3506 medio
246 3451 307 3522 cius
318 3450 512 3519 suspendimus
527 3465 629 3522 amana
646 3458 751 3507 nauta.
764 3449 835 3516 Quid
849 3466 896 3520 per
945 3464 1008 3504 rum
1024 3462 1073 3504 scu
1093 3445 1211 3502 turrium
1234 3441 1412 3499 lundamesta
1430 3441 1458 3496 in
1484 3439 1625 3497 montibus
1635 3439 1741 3497 sanctis

102 3539 272 3596 sterilitatem
282 3542 395 3597 salicum
411 3541 467 3597 nbi
482 3541 537 3596 sito
549 3541 715 3611 pomonam
727 3540 896 3612 dnipnuturl
945 3541 1036 3613 posita
1049 3537 1200 3594 iniciuntur
1214 3534 1351 3592 altissima
1362 3539 1451 3604 petra.
1461 3547 1544 3603 quam
1556 3539 1588 3587 tu
1601 3530 1740 3589 subolere

105 3632 179 3688 Νιιιι
191 3637 215 3689 si
228 3634 278 3689 leae
292 3650 344 3689 non
355 3643 434 3700 esset,
455 3649 620 3705 memorans
631 3648 664 3687 ru
673 3647 737 3687 aare
746 3632 895 3703 predum
946 3645 1087 3702 nusrqnam
1102 3627 1215 3701 putens,
1228 3634 1255 3683 et
1268 3640 1318 3697 pet
1337 3638 1422 3696 qum
1436 3631 1466 3679 tu
1476 3621 1637 3688 desbuffls,
1652 3621 1740 3680 allisis

103 3726 172 3781 tium
190 3736 284 3781 corstro
298 3725 476 3797 bubuloruanr
494 3723 642 3779 Psolrnista
658 3723 769 3778 disimn
783 3721 838 3776 :ln
851 3739 896 3777 rs·
946 3719 1147 3793 tuispsrrulis,
1159 3717 1294 3788 adipsum
1304 3723 1420 3787 petron,
1434 3710 1501 3786 quia
1514 3727 1598 3784 super
1609 3712 1681 3769 lunc
1692 3712 1741 3768 lin

101 3817 201 3873 lieibm
220 3819 250 3874 iu
271 3818 357 3873 medio
382 3817 440 3888 eius
457 3815 642 3887 amandinus
667 3829 771 3883 arpena
792 3822 895 3867 matra.
945 3827 1020 3869 maru
1034 3807 1268 3882 permoratur
1290 3803 1422 3861 aedibcata
1437 3801 1562 3860 Ecclesia
1575 3811 1602 3858 te
1616 3817 1679 3859 cum
1691 3811 1739 3857 tuo

103 3909 250 3982 2‘13950’2'3
270 3912 364 3982 (ΜΡΝ
381 3908 466 3964 '’ledi‘'
480 3908 565 3962 ’Μ
582 3904 677 3960 *Μ
690 3902 895 3968 deseribuntur,·
946 3903 1071 3978 principe
1086 3899 1237 3957 humilians
1254 3896 1535 3962 condemnatetsuo
1551 3892 1667 3964 principi
1679 3907 1741 3948 om·

103 4004 168 4075 quia
182 4003 308 4056 ramirum
320 3998 480 4071 istsrrsctnasi
500 3996 595 4068 quique
609 4004 687 4065 atque
699 3995 732 4046 ab
750 4006 839 4046 arnam
848 4006 897 4060 pa·
947 3994 1080 4068 puppiensi
1101 4007 1210 4051 omnem
1226 3989 1279 4047 ribi
1291 3986 1399 4045 fidelem
1414 3985 1542 4058 precibus
1553 3984 1739 4045 commendat,

105 4093 166 4146 tria:
180 4091 291 4145 celestis
307 4083 619 4145 alienitatisaiaceribss
637 4079 826 4136 sorditinlsas
846 4094 898 4136 ste-
946 4085 1100 4160 qotrmbtr
1126 4092 1152 4139 es
1168 4078 1398 4152 discerpamus,
1415 4089 1473 4133 spo,
1486 4076 1643 4148 aspersam,
1669 4073 1740 4128 Par.

103 4184 161 4239 ttttt'
177 4183 334 4253 confusione
358 4181 526 4235 remeantur.
557 4174 634 4231 Uudt
656 4181 682 4229 tl
710 4171 897 4244 brttdt'wlom
946 4176 1024 4233 aulus
1037 4183 1080 4231 est
1093 4171 1166 4228 enlin
1193 4186 1243 4226 seu
1270 4169 1401 4225 minimus
1424 4165 1526 4232 utnnis,
1556 4162 1602 4234 qrti
1626 4162 1740 4217 terbum

102 4278 194 4334 saneti
204 4277 302 4332 inistis
315 4274 441 4330 nlitiitu
453 4287 504 4327 nott
517 4277 638 4326 autent
656 4282 767 4339 usuum
778 4264 823 4321 teti
835 4279 897 4319 sus·
948 4268 996 4324 liei
1011 4281 1066 4322 nou
1084 4262 1171 4330 audit,
1182 4263 1225 4317 vel
1250 4261 1275 4318 si
1288 4258 1377 4325 audit,
1393 4273 1450 4315 nau
1471 4255 1539 4313 lacit
1551 4263 1597 4310 aut
1608 4252 1738 4309 custodit.

104 4370 325 4443 paduan-quia,
340 4383 401 4423 enar
423 4364 603 4436 infructuosas
618 4377 649 4416 aa
664 4357 788 4431 reprobas
799 4365 897 4414 mentes
946 4347 1429 4425 rQuiautemleceritetdocuerit,
1443 4342 1740 4415 bicmassuusvocabi-

106 4461 317 4533 aspicientibus
337 4456 535 4530 predicationis
548 4470 605 4511 suta
627 4468 680 4508 non
697 4449 829 4507 autor.
844 4445 897 4504 teu
912 4457 935 4515 ι)
949 4456 995 4503 tur
1008 4447 1037 4502 iu
1050 4459 1135 4517 regno
1148 4442 1282 4500 caularum
1308 4438 1419 4513 (statue
1433 4454 1462 4507 u,
1477 4437 1535 4509 19),
1552 4457 1562 4492 s
1588 4447 1616 4494 et
1631 4438 1666 4492 ud
1689 4438 1742 4493 boc

105 4555 196 4625 patius
213 4551 331 4625 luanus
346 4550 436 4607 sime.
946 4548 990 4597 est
1007 4538 1132 4604 idouem,
1159 4543 1301 4593 utcontra
1322 4545 1439 4604 magnos
1462 4528 1539 4584 ciues
1557 4537 1619 4584 tuos
1631 4526 1743 4584 dimicet

143 4647 210 4703 item
235 4645 306 4702 idem
329 4643 358 4699 in
369 4641 465 4698 eodem
477 4637 560 4712 (bil-⁰
576 4636 731 4704 Brittanite,
758 4632 897 4691 exiaamte
948 4631 1034 4701 lunda
1046 4639 1075 4687 et
1088 4628 1179 4702 gladio
1192 4641 1295 4698 eosque
1306 4623 1424 4697 intuiti.
1437 4619 1509 4677 ⁵5⁰¹st
1522 4632 1573 4690 28⁰
1584 4617 1669 4674 David
1678 4616 1740 4683 secl.

106 4754 197 4812 usque
219 4738 253 4795 ad
262 4735 474 4792 tundamentum
498 4728 721 4801 inea.Quisauis
742 4726 824 4799 dipna
834 4725 897 4796 fidei
949 4706 1257 4797 ouaudol’bilistbautu
1268 4710 1639 4784 incomminatione
1649 4709 1742 4767 allidat

105 4848 189 4905 opera
212 4844 316 4886 sonare
334 4825 491 4892 eanumait,
511 4823 571 4893 jora
594 4821 678 4877 etiaat
703 4818 784 4889 ndens
799 4816 898 4888 perdit,
948 4815 1112 4886 adpetrasss.

108 4940 189 5000 pons
212 4933 298 4978 tenere
324 4918 472 4974 ridebatur.
488 4912 577 4986 Super
600 4926 666 4983 quos
680 4910 743 4966 bene
764 4907 899 4979 Proptseto
987 4904 1081 4961 Gloria
1097 4902 1175 4960 Patri
1196 4897 1323 4966 bontra,
1351 4895 1396 4953 cui
1410 4895 1532 4953 dicitur:
1551 4892 1654 4951 Memor
1673 4901 1741 4962 esto,

109 5017 158 5074 sub
171 5013 407 5083 iassabmspern
421 5008 589 5063 inimicorum
609 5000 801 5058 danmatione
822 4997 899 5053 aeria
949 4999 1073 5062 Domine,
1089 4994 1207 5065 iliorum
1231 4988 1328 5044 Edunt.
1352 4985 1446 5043 Gloria
1461 4983 1535 5041 Filia
1548 4980 1686 5040 illiPetra
1707 4981 1742 5037 ad

109 5116 251 5174 manarat,
263 5105 385 5177 aquibus
410 5100 511 5157 saitica
525 5098 647 5153 dieitur:
668 5092 825 5156 bimarito,
839 5091 899 5147 esi·
950 5103 1033 5162 quam
1044 5085 1193 5142 alliduntur
1213 5079 1319 5152 parvuli
1333 5062 1490 5152 babylbais,
1521 5072 1613 5130 Gloria
1628 5070 1742 5173 Spiritui

111 5201 204 5257 nauita
216 5196 347 5269 usquead
361 5193 569 5250 tundamentum
588 5178 615 5243 in
627 5200 670 5243 ea.
683 5184 787 5240 Paulus
799 5181 900 5255 quippe
950 5189 1054 5246 sonato,
1072 5176 1120 5249 qui
1132 5183 1175 5232 est
1184 5173 1231 5231 ills
1244 5170 1394 5238 besdtudo,
1406 5183 1460 5242 qua
1471 5167 1629 5264 beatusest,
1645 5177 1692 5231 qut
1706 5169 1744 5216 te·

108 5289 402 5349 abriundamentum
415 5282 581 5341 aliudnemo
601 5287 815 5351 potestpoaero,
830 5288 899 5346 psa·
949 5268 1028 5326 nabit
1052 5275 1080 5325 et
1101 5264 1194 5323 allidet
1215 5263 1346 5336 parrulos
1366 5276 1432 5319 suos
1448 5255 1615 5331 Babylonius
1638 5250 1675 5311 ad
1691 5249 1743 5308 Po·

108 5392 157 5444 ter
170 5380 209 5449 id,
224 5382 295 5454 quad
311 5381 433 5453 positum
453 5383 505 5444 est,
518 5373 593 5447 quud
614 5380 657 5429 est
678 5368 807 5427 Christus
819 5365 900 5423 lesus
951 5370 1032 5418 uum.

148 5533 279 5614 (nubib.
296 5526 605 5602 renuntiauerant.
988 5511 1119 5585 (totuin.
1137 5523 1202 5577 xxv,
1218 5505 1335 5577 captu.

823 5663 1025 5687 m
