3892 6067
9 64 11 128 ἱ
100 79 169 137 itti

576 78 742 142 abstenta
762 77 1036 137 ineluctatae.
1056 109 1091 122 -·
1108 80 1175 137 tls.
1193 78 1240 146 lt,

1655 81 1725 138 1658

98 192 157 261 eius
171 187 343 246 castoras.»
364 187 610 249 Dissimulautibus
630 192 686 250 illis
701 193 788 261 exire,
800 191 887 264 preti·
900 196 923 252 A
937 207 991 264 pax
1006 193 1105 263 peterit
1115 193 1266 250 conmare?
1284 190 1330 248 Sic
1340 207 1388 264 per
1399 192 1526 250 comitem
1541 202 1636 265 negata
1650 196 1725 264 pacis

97 297 150 337 rrrrs
165 278 301 340 Ostiensis
318 289 345 336 et
366 279 520 352 signiensis
541 285 646 341 vocatis
662 283 824 340 officialibus
842 299 886 339 cx·

96 372 281 442 perierunteos
296 371 332 425 ab
354 371 482 428 ecclesia.
501 372 579 440 Quod
592 373 687 432 videus
700 374 886 446 llagrrntinus,

97 462 144 531 qui
159 472 224 517 tunc
239 460 309 521 lurte
325 476 389 517 curra
406 460 585 521 vizeliacensi
605 466 768 537 loquebatur
784 466 882 522 abbate

98 552 208 619 ibidem,
222 568 350 623 egressus
366 569 422 625 pre
436 555 519 612 nimia
535 557 719 628 indignatione
742 558 810 615 abiit
824 568 886 630 post

9 713 11 726 ‚
96 660 155 704 eos.
182 644 275 702 Abbas
291 660 401 717 quoqne
415 645 565 714 Boniradii,
584 649 664 719 cajus
685 650 763 706 lateri
780 665 888 721 semper

97 737 148 809 ipsi
164 738 317 808 proditores
330 739 517 808 adhaerebam,
530 741 626 798 videns
644 759 705 799 sese
725 742 888 800 frustratum

97 843 114 885 a
126 831 277 901 proposito,
289 829 400 886 erubuit
408 833 497 900 valde,
511 843 539 889 et
555 835 668 891 recessit
680 854 688 891 ι
700 851 781 906 quem
794 835 889 908 prodi-

98 927 173 978 tores
181 920 329 991 prosecuti,
343 921 534 979 contusionem
547 933 576 980 et
586 923 764 995 ignominiam
780 943 889 998 prome·

97 1009 179 1067 sitam
190 1012 302 1069 domino
315 1028 367 1070 suo
380 1015 474 1071 comiti
492 1025 711 1086 reportaverunt.
730 1016 822 1075 abbas
835 1034 889 1075 an·

97 1110 152 1157 tem
174 1103 335 1160 Guiilelmus
355 1121 410 1161 non
433 1108 556 1174 recessit,
569 1108 656 1164 donee
681 1109 770 1179 ipsum
789 1125 887 1182 papam

98 1191 282 1249 Alexandrum
295 1211 383 1267 usque
396 1197 430 1253 ad
445 1213 521 1254 mare
532 1207 694 1269 prosecutus
713 1209 764 1256 est.
786 1199 888 1256 Rever-

98 1298 200 1355 sasque
214 1300 345 1357 prospere
357 1298 456 1345 auctus
471 1290 620 1360 apostolica
632 1290 830 1358 benedictione,
846 1292 889 1348 ul,

96 1373 165 1431 timo
177 1375 221 1432 die
234 1377 337 1434 mensis
357 1377 473 1450 Augusti
488 1378 652 1436 lizeleeum
668 1381 807 1454 ingressus
820 1392 863 1438 est
878 1400 886 1440 ε

9 1505 11 1540 ,
96 1465 160 1530 inde
170 1475 231 1537 post
241 1482 345 1539 paucos
357 1468 416 1526 dies
426 1471 500 1526 venit
511 1471 643 1540 Parisius,
658 1473 703 1530 ubi
720 1472 825 1546 llnguni
842 1490 888 1530 ar·

938 284 1136 354 compositione
1150 284 1302 341 discessum
1314 292 1365 338 cst.
1385 281 1463 339 Venit
1474 284 1565 353 itaque
1577 283 1638 340 Gilo
1650 287 1726 360 prior

936 373 1128 432 Pontiniacnm
1144 385 1224 432 nocte
1238 375 1282 430 illa
1302 391 1364 431 com
1380 375 1508 446 episcopo
1522 374 1662 438 ileldcnsi,
1678 378 1725 446 qni

937 465 1085 524 celebrarit
1105 467 1205 523 lesturn
1229 465 1359 523 Omnium
1381 466 1544 523 Sanctorum
1560 467 1631 538 apud
1645 465 1725 522 Viae-

936 556 1036 613 liacum
1047 575 1055 624 ;
1068 556 1222 613 Gauiredus
1235 573 1300 613 sero
1310 556 1438 629 subprior
1446 573 1509 614 curn
1521 555 1643 620 ltenaldu
1655 557 1726 612 clee·

936 649 1106 721 mosynario,
1117 656 1145 705 et
1159 648 1272 719 reliquis
1286 649 1369 705 sociis
1384 657 1528 714 venerunt,
1547 665 1602 705 non
1616 648 1675 704 sine
1689 647 1725 701 ti·

936 754 1025 805 more,
1040 739 1264 806 altissiodorum,
1279 751 1306 796 et
1319 749 1398 797 nocte
1414 749 1556 811 surgentes
1572 741 1630 811 ipso
1642 752 1722 794 mane

937 829 1054 903 ingressi
1068 844 1133 887 suan
1143 830 1424 899 Viaeliacumfflorro,
1437 831 1523 887 abbas
1534 839 1639 886 noctem
1652 830 1725 885 illam

936 923 1002 980 iecit
1016 940 1079 981 cum
1103 923 1255 980 &nonensi
1283 925 1501 995 archiepiscopo,
1527 932 1553 979 et
1577 924 1672 980 abbate
1695 922 1724 980 S.

937 1013 1067 1071 Germani
1080 1015 1113 1071 de
1126 1012 1225 1080 Pravis,
1241 1015 1313 1085 apud
1329 1013 1459 1069 Sanctum
1474 1013 1613 1069 lulianum
1629 1015 1661 1069 de
1675 1013 1726 1069 Sa·

937 1105 1000 1162 lice.
1014 1103 1080 1164 inde
1091 1104 1212 1161 occurrit
1226 1105 1283 1176 regi
1295 1102 1440 1169 lloretum,
1454 1104 1605 1175 efflagitans
1626 1113 1656 1159 ut
1677 1120 1728 1175 pro

936 1194 1058 1267 ingenita
1078 1194 1188 1266 pietate,
1201 1203 1228 1249 et
1241 1209 1292 1265 pro
1305 1193 1447 1264 apostolici
1466 1194 1585 1248 mandani
1601 1208 1728 1248 reveren·

937 1284 975 1343 tia
1001 1286 1029 1342 in
1053 1294 1128 1342 tauta
1151 1293 1179 1340 et
1199 1295 1253 1341 tam
1271 1285 1348 1356 gravi
1368 1285 1531 1341 necessitate
1548 1283 1728 1339 vizeliacensi

937 1377 1095 1435 subveniret
1126 1377 1317 1434 Ecclesiaerd
1343 1393 1399 1448 quo
1424 1391 1585 1447 responsum
1613 1376 1726 1446 acecpit,

937 1482 1078 1537 nunquam
1102 1481 1132 1522 se
1149 1464 1180 1530 B,
1203 1465 1296 1521 llarirc
1317 1464 1482 1538 llagdalenae
1506 1479 1594 1535 neque
1617 1463 1727 1519 famulis

9 1555 11 1568 '
95 1557 270 1630 clriepiscopo
289 1559 452 1630 &nonensi
466 1572 494 1618 et
510 1561 649 1633 Stephano
672 1564 799 1636 episcopo
821 1564 887 1620 ilel-
903 1541 923 1596 Β
937 1558 998 1630 ejus
1010 1557 1187 1626 deitrtmum;
1203 1556 1260 1613 imo
1273 1571 1323 1628 pru
1347 1556 1514 1613 monasterio
1536 1554 1726 1620 vizeliacensi,

95 1645 173 1704 densi
188 1648 337 1717 apostolica
359 1649 461 1720 scripta
476 1650 587 1707 tradidit
599 1670 606 1707 ε
617 1651 664 1722 qui
682 1653 807 1722 protinus
830 1662 885 1714 tam
937 1651 1008 1709 sicut
1021 1665 1072 1721 pro
1083 1664 1185 1707 corona
1200 1648 1276 1720 regni
1287 1648 1498 1705 decertaturum.
1515 1648 1646 1704 donarem
1661 1662 1728 1704 sane

95 1737 146 1808 ipsi
163 1754 244 1809 quarn
260 1739 353 1796 comiti
366 1749 522 1798 statuerunt
533 1742 605 1806 diem
619 1742 691 1814 apud
704 1742 885 1805 latiniacum.
937 1742 1073 1799 sustinere
1084 1741 1117 1797 ad
1131 1740 1268 1796 modicum
1281 1740 1391 1806 debere,
1404 1749 1432 1796 et
1441 1740 1578 1795 declinare
1587 1739 1727 1795 vesaniam

95 1832 155 1898 Qun
179 1848 241 1889 curn
257 1835 461 1902 convenissent,
488 1835 587 1891 obtulit
610 1837 696 1892 abbas
718 1837 887 1899 munimenta
938 1832 1101 1890 insanientis
1115 1833 1234 1905 tyranni,
1246 1841 1274 1889 et
1286 1831 1379 1888 ridere
1390 1832 1413 1887 si
1427 1830 1496 1887 iortc
1509 1831 1542 1885 ad
1553 1830 1726 1898 sacrilegium

94 1921 298 1994 privilegiorum
331 1924 519 1981 llomannrum
553 1926 714 1998 pontiacum
738 1935 766 1984 er
791 1943 887 2001 regum
938 1938 1028 1994 usque
1042 1939 1140 1981 manus
1154 1922 1322 1990 extenderet,
1340 1931 1477 1993 quatenns
1494 1921 1628 1992 completa
1644 1920 1728 1977 tonus

93 2011 274 2085 Francorum,
288 2018 419 2089 epistolas
434 2032 545 2091 qaoque
559 2017 705 2077 bleaamri
716 2036 803 2092 papae,
817 2037 887 2093 quas
937 2013 1014 2071 0rbi⁸
1029 2014 1184 2070 testimonio
1197 2013 1338 2084 punirent·

94 2106 299 2183 prenominatis
312 2108 487 2178 pontificibus
506 2111 541 2166 de
561 2110 735 2169 eamcutione
748 2113 888 2184 compngi-
973 2102 1096 2177 Arciiep.
1113 2102 1271 2162 senonensis
1291 2101 1532 2158 excommunicatos
1547 2099 1666 2157 declarat
1682 2115 1728 2157 cc·

95 2194 179 2258 donis
191 2213 238 2253 seu
249 2201 547 2273 sententiaedelegarat.
556 2201 681 2274 Cumque
696 2203 760 2260 irinc
773 2204 836 2261 inde
847 2204 887 2261 als
937 2199 1028 2256 mitent
1038 2206 1063 2253 et
1073 2198 1130 2268 rjus
1145 2207 1267 2256 matrem.
1288 2192 1415 2265 Suscepit
1430 2195 1511 2266 igitur
1521 2194 1607 2250 abbas
1621 2194 1726 2252 monita

95 2283 251 2358 legarentur
264 2289 353 2359 plura,
369 2299 513 2347 constante
525 2292 711 2355 controversia
732 2294 791 2350 dies
810 2294 886 2353 duita
937 2289 1021 2361 regis
1034 2289 1164 2361 misitque
1178 2286 1320 2359 liuganem
1339 2285 1477 2343 notarium
1498 2300 1578 2341 suum
1593 2284 1728 2343 mandans

94 2383 148 2432 est.
163 2375 200 2434 Ut
216 2393 281 2450 ergo
296 2380 438 2450 pontiilccs
447 2392 635 2453 cognorerunt
646 2385 720 2456 quod
731 2400 780 2456 per
799 2386 887 2442 corni·
938 2375 1091 2434 &nonensi
1106 2375 1323 2447 archiepiscopo,
1346 2382 1481 2445 quatenus
1499 2371 1578 2443 juxta
1598 2371 1728 2440 apostoli·

94 2474 150 2538 tem
163 2476 249 2524 staret
269 2468 336 2539 quin
354 2470 431 2540 pacis
445 2473 610 2544 compositio
632 2474 717 2542 lieret,
734 2475 885 2547 delegatam
936 2483 1000 2534 tum
1015 2467 1174 2528 mandalum
1191 2467 1482 2528 wmllflmssimilfflffl
1496 2463 1728 2546 01030100mfflss·

94 2557 147 2624 sibi
163 2557 198 2614 ab
210 2557 366 2618 Alexandro
380 2577 450 2633 papa
466 2564 759 2622 excommunicationis
775 2578 884 2624 senten-
936 2558 1043 2616 nicetus
1057 2556 1166 2627 publice
1188 2555 1372 2622 denuntiaret.
1398 2553 1466 2610 Cum
1483 2554 1576 2626 ilique
1589 2555 1726 2627 trebiani-

93 2649 160 2708 tiam
176 2665 258 2722 super
269 2653 398 2709 comitem
410 2663 437 2711 et
450 2668 533 2726 super
546 2667 663 2713 matrem
675 2656 749 2713 illius
761 2659 884 2728 prumal-
936 2665 1037 2721 seopus
1051 2649 1138 2705 saeris
1153 2657 1256 2710 astaret
1271 2647 1414 2713 alteribus,
1435 2654 1462 2703 et
1480 2647 1587 2717 explete
1610 2648 1727 2706 lectione

94 2752 237 2812 garerunt.
936 2741 1098 2813 apostoliea,
1123 2741 1254 2799 solemnis
1267 2741 1443 2813 perterretur
1462 2740 1599 2810 jubilatio,
1620 2750 1727 2797 astante

130 2829 231 2886 lteram
242 2832 314 2904 apud
326 2830 433 2889 Ulmum
444 2833 570 2893 nentes
583 2836 656 2900 litem
666 2836 824 2904 decutiunt,
838 2839 884 2894 sed
898 2871 919 2929 C
936 2833 1038 2904 populo
1057 2841 1086 2888 et
1098 2841 1272 2903 exspectante
1286 2831 1411 2899 diacono,
1426 2830 1490 2887 iecit
1511 2845 1666 2887 sermonem
1691 2831 1725 2896 ιιι

92 2927 237 2988 incanam.
251 2920 341 2978 attus
353 2939 439 2994 regern
455 2924 524 2988 adit,
544 2926 673 2997 Sequenti
696 2942 763 2982 sane
782 2928 826 2984 die
839 2943 884 2984 ro·
937 2924 1079 2995 populum,
1100 2923 1258 2993 signiticans
1281 2923 1305 2978 ei
1327 2922 1437 2994 quantis
1452 2921 1655 2993 gravaminibus
1679 2937 1727 2979 co·

93 3024 157 3089 gatu
183 3014 305 3085 ipsorum
323 3014 483 3085 pontiticum
502 3031 600 3072 rursus
614 3015 679 3072 lrinc
703 3016 767 3071 inde
787 3017 822 3073 ad
837 3016 885 3078 Ul·
936 3030 996 3071 mes
1006 3012 1183 3070 Nirernensis
1196 3023 1223 3069 et
1237 3021 1326 3069 mater
1339 3013 1409 3084 ejus,
1423 3012 1570 3069 dilectricis
1585 3011 1632 3069 liei
1644 3012 1675 3068 Β.
1687 3012 1723 3080 ll,

92 3124 169 3172 mum
182 3106 308 3166 Bassoldi
323 3117 521 3174 convenerunt,
548 3106 724 3167 Enumeratis
738 3109 821 3182 igitur
834 3111 885 3167 da·
936 3105 1101 3179 ltagdntene
1126 3114 1183 3161 toto
1205 3104 1272 3161 orbe
1286 3104 1500 3162 famosissimum
1516 3116 1726 3177 persequeretur

92 3201 166 3266 mnis
179 3199 309 3258 Ecclesiae
321 3198 415 3268 illatis,
432 3199 571 3255 tenmbant
583 3199 695 3273 qnidam
717 3202 755 3257 ita
771 3218 884 3274 compo-
935 3198 1102 3270 sepulcrum.
1120 3217 1130 3253 ι
1145 3197 1200 3254 Ριο
1213 3196 1313 3269 quibus
1332 3197 1455 3254 videlicet
1468 3195 1673 3270 precaminibus
1687 3212 1721 3254 cx

92 3307 159 3347 nere
178 3290 250 3362 quod
267 3290 353 3346 abbas
365 3290 466 3352 damna
489 3307 539 3352 sna
564 3293 678 3350 omnino
698 3295 882 3365 condonarem
935 3290 1075 3357 masidam,
1091 3290 1191 3361 inquit,
1205 3289 1309 3346 domini
1334 3304 1410 3362 pape
1433 3288 1596 3345 senentiam
1617 3303 1726 3344 escome

93 3393 187 3436 comes
199 3394 263 3434 reru
277 3379 407 3449 deinceps
416 3395 511 3450 pacem
524 3397 586 3442 eum
601 3383 699 3439 abbate
718 3392 746 3438 et
761 3383 882 3450 Ecclesia
934 3382 1129 3439 manicationis
1162 3396 1244 3452 super
1270 3388 1417 3451 utcumque
1443 3380 1668 3453 promulgamus;
1697 3394 1725 3446 et

93 3471 215 3536 baberet,
230 3469 500 3539 siequeomnesaiiae
509 3474 705 3529 controversie
715 3475 881 3543 sopiremnr,
933 3473 987 3530 nisi
1012 3472 1084 3537 inira
1110 3472 1257 3527 imminens
1281 3470 1381 3529 lestum
1408 3471 1439 3528 B.
1467 3470 1576 3527 llartini
1600 3473 1725 3543 resipucs

93 3562 127 3627 Et
146 3561 286 3633 respondit
307 3560 415 3616 abbas:
431 3579 441 3614 ι
455 3559 542 3628 Quam
556 3577 621 3634 ergo
635 3564 789 3620 cavationem
813 3582 883 3642 prae·
934 3563 1000 3629 rint,
1014 3572 1098 3619 totam
1112 3572 1211 3618 terram
1227 3563 1335 3617 illorum
1351 3563 1403 3618 sub
1416 3562 1560 3618 interdicto
1574 3564 1657 3620 totins
1679 3564 1724 3622 di·

92 3657 175 3716 stabit
186 3669 279 3712 comes
290 3655 400 3725 depace
412 3654 565 3710 tenendae»
583 3653 765 3712 bireruntei:
780 3676 790 3712 ι
803 3657 883 3718 liudo
934 3652 990 3709 vitri
1008 3653 1099 3720 cilicii,
1114 3661 1212 3723 preter
1230 3652 1365 3722 baptisma
1389 3654 1565 3723 parvulorum
1586 3662 1614 3711 et
1635 3654 1724 3724 pleni·

92 3757 199 3814 tantum
212 3747 295 3803 serbo
311 3744 448 3801 terrebitur
462 3762 469 3799 ε
481 3746 555 3815 quod
581 3746 605 3802 si
626 3746 754 3803 comitem
772 3747 807 3808 ad
829 3749 882 3808 boe
932 3739 1475 3813 tentiasmnrientium,punimus.alianc
1483 3742 1644 3798 sententiam
1651 3743 1722 3804 idem

91 3838 236 3912 coegeris,
265 3852 348 3900 manu
374 3852 424 3892 sun
451 3834 592 3893 fiduciabit
613 3837 642 3892 in
663 3853 747 3893 manu
771 3838 882 3910 madi·
931 3836 1157 3908 archiepiscopos
1170 3834 1249 3908 lingo
1261 3835 1370 3907 scripsit
1396 3835 1484 3892 illanc
1509 3834 1724 3897 altissiodoren,

91 3945 186 3993 cum.»
199 3947 256 3986 -c
270 3927 303 3984 lit
318 3927 352 3998 si,
365 3928 452 4000 inquit
463 3927 559 3995 abitas,
574 3928 654 3985 tidem
674 3930 882 4001 compromissae
931 3928 1016 3995 sium,
1028 3926 1167 3984 bernardo
1178 3925 1397 3991 biterrensium,
1407 3922 1522 3984 ilenrico
1542 3920 1721 3991 diluendum,

91 4023 168 4098 pacis
177 4022 336 4091 excesserit,
349 4022 413 4093 quis
435 4020 503 4076 mibi
521 4019 657 4092 justitiam
672 4020 755 4078 laciet
766 4022 802 4078 ιι
824 4020 880 4083 ile·
931 4017 1052 4082 (ialtcriu
1066 4016 1278 4090 lingonensium
1293 4014 1467 4087 episcoplsin
1480 4013 1554 4070 hunc
1564 4012 1685 4069 modum.

91 4117 287 4189 sponderunt:
314 4112 379 4168 «Tu
400 4111 544 4176 videbisr
571 4110 631 4175 Nea
653 4128 719 4185 erge
743 4114 880 4187 acquievit
966 4108 1009 4165 ila
1022 4110 1093 4166 ciere
1113 4108 1171 4180 ejus
1194 4106 1352 4179 epistolare
1365 4106 1510 4178 misceres.
1537 4123 1547 4158 ι
1569 4101 1657 4173 lloco,
1674 4101 1721 4169 lini

91 4207 176 4264 abbas
207 4203 363 4261 remissioni
392 4211 530 4266 tardorum
556 4203 792 4274 detrimentorum,
824 4207 881 4265 imo
896 4196 919 4254 b
933 4204 1021 4278 gratia
1037 4201 1205 4259 &nonensis
1220 4199 1350 4258 Ecclesiae
1362 4197 1475 4260 lrurailis
1489 4197 1623 4264 minister,
1637 4210 1719 4253 rene

91 4295 180 4368 magis
189 4293 302 4350 omnino
315 4294 436 4351 instabat
447 4302 477 4348 ot
485 4294 643 4363 gravamina
656 4297 879 4367 procurationum
931 4296 1065 4354 rabilibus
1077 4293 1207 4351 iratribus
1220 4303 1248 4349 ct
1258 4291 1356 4349 amicis
1370 4289 1491 4348 tirrano
1505 4288 1634 4355 lidueasi,
1647 4288 1720 4349 Gra·

90 4390 200 4458 penitus
214 4403 230 4443 ι
245 4387 345 4444 comite
362 4388 575 4451 remitterentur,
594 4385 699 4460 Quippe
710 4405 773 4447 cum
785 4400 881 4448 ιιιοιο·
930 4407 1003 4449 rrae
1018 4388 1197 4462 tingemini,
1219 4386 1312 4444 burne
1325 4383 1560 4451 altissiodorensi,
1576 4381 1721 4436 Berricen

91 4474 171 4531 ritate
186 4475 324 4531 testatoris
345 4484 373 4531 et
397 4475 602 4547 privilegiorum
619 4479 754 4535 neminem
781 4481 881 4538 babeat
928 4479 1211 4549 cremonensium
1224 4479 1311 4551 gratia
1324 4476 1470 4551 episcopis,
1486 4474 1601 4531 salutem
1615 4473 1720 4528 ctdiles

46 4615 49 4620 .
91 4565 212 4623 Ecclesia
231 4582 389 4638 procurare,
405 4569 458 4625 nisi
469 4580 567 4640 sponte
580 4581 608 4630 et
619 4588 652 4632 ex
667 4573 811 4631 charitate.
826 4575 879 4632 Co·
928 4574 1047 4631 edonem
1058 4573 1085 4628 ia
1096 4571 1222 4628 Domino.

91 4674 150 4715 mes
163 4673 227 4714 vero
236 4660 376 4729 respondit
389 4662 466 4731 prius
481 4662 590 4719 revelle
603 4665 781 4732 exheredari,
796 4681 878 4735 quam
965 4664 1154 4723 ‹biscretinni
1173 4672 1271 4720 vestrae
1290 4660 1483 4735 signibeamus-
1498 4658 1570 4731 quod
1590 4658 1719 4716 dominus

90 4747 229 4806 obtentam
243 4764 259 4804 a
272 4750 397 4822 patribus
407 4752 465 4808 suis
475 4753 702 4812 masuetudincm
713 4755 877 4827 relinquere.
927 4772 998 4830 papa
1028 4771 1100 4827 seqre
1127 4765 1155 4813 et
1176 4754 1299 4827 repetitis
1328 4753 1461 4811 litterisa
1491 4751 1677 4819 claromonte,
1690 4760 1718 4814 et

89 4837 163 4907 Quin
177 4842 259 4897 etiam
283 4841 313 4897 ni
327 4850 463 4900 trecentas
478 4843 563 4902 libras
575 4845 600 4903 ei
618 4846 705 4903 abbas
717 4863 768 4918 pro
781 4857 877 4920 rregata
928 4864 944 4908 a
972 4848 1072 4913 Pedio,
1100 4857 1183 4920 atque
1207 4864 1223 4904 a
1245 4846 1484 4918 iloatepcssnlano
1506 4853 1561 4900 tam
1581 4842 1719 4899 monenda

89 4932 141 4989 sibi
153 4949 239 5004 nuper
253 4935 444 5006 procuratione
454 4951 485 4992 ea
498 4938 556 5009 ipsa
569 4936 614 4996 die
624 4941 798 5010 persalverct,
815 4942 878 4997 nul·
927 4958 1011 5015 quem
1044 4940 1208 4999 anctoritate
1236 4939 1385 5011 apostolica
1409 4935 1611 5009 precipiendo,
1638 4932 1718 4989 nobis

88 5026 143 5081 lam
164 5026 240 5096 pacis
260 5028 485 5097 compositionem
513 5030 655 5101 reciperet
678 5030 712 5087 Et
736 5032 774 5088 ait
793 5032 877 5090 abbas
928 5034 1039 5106 scripsit
1078 5050 1161 5107 super
1194 5032 1313 5090 indebita
1351 5032 1509 5103 gravamina
1543 5038 1570 5084 ct
1608 5026 1717 5098 iniquas

87 5115 269 5173 Guiilelmus:
286 5115 486 5191 ‹Nequaquam
504 5122 877 5181 morenunnnalariiadlras
927 5127 1140 5199 oppressiones,
1168 5142 1238 5198 qnns
1265 5126 1432 5182 monasterio
1462 5120 1588 5176 vizeliaci
1618 5128 1644 5174 ct
1664 5118 1716 5173 bo-

87 5211 225 5265 uunliuas
238 5212 316 5267 attuli
330 5215 470 5269 sac-culum
487 5230 590 5272 meum.
605 5213 798 5272 Verumtamen
812 5232 877 5274 cece
926 5219 1049 5276 minibus
1062 5218 1149 5276 eidem
1162 5217 1364 5289 pertinentibus
1385 5229 1477 5272 comcs
1497 5211 1674 5268 Nivcrnensis
1688 5217 1716 5266 ct

85 5301 143 5372 iarn
167 5302 194 5358 in
211 5304 355 5374 propatulo
376 5316 451 5375 patet
473 5306 631 5377 superstitio
657 5308 807 5379 tyrannidis
827 5325 875 5365 seu
926 5322 1072 5371 matersua
1083 5310 1183 5367 inferre
1198 5317 1358 5366 nuscuntur.
1374 5306 1506 5377 licnique,
1523 5303 1650 5376 pracepit
1665 5317 1713 5357 no·

86 5396 245 5466 rapacitatis
259 5397 379 5465 comitis,
394 5401 441 5470 qui
459 5400 601 5472 prounins
612 5401 665 5459 dici
683 5404 876 5472 procuratione
925 5404 980 5472 bis,
995 5411 1025 5459 ut
1047 5417 1082 5458 er
1096 5409 1190 5457 tenore
1212 5400 1364 5457 litterarum
1388 5397 1476 5470 ipsius
1488 5395 1581 5452 videre
1598 5392 1712 5464 potestis

87 5494 222 5545 bcucntas
235 5489 319 5547 libras
341 5491 442 5561 crigit3
468 5503 496 5549 et
512 5495 564 5550 sub
585 5505 660 5552 tanto
683 5496 787 5570 lapella
814 5511 875 5567 quae
926 5511 995 5566 quas
1020 5481 1098 5551 robis
1126 5509 1161 5549 ca
1185 5498 1263 5564 parte
1292 5489 1366 5548 illius
1395 5486 1546 5552 utillimus,
1576 5492 1711 5556 quatenns
