3892 6067
119 237 170 297 tas
425 233 704 296 counsurtmuu
722 234 756 294 tn
774 233 944 292 essenos.
964 264 1000 279 -
1013 233 1104 295 usus
1123 234 1178 297 tu.
1196 267 1234 282 -
1250 235 1350 295 essu.
1370 238 1452 297 ιιι.
1536 223 1539 229 “
1698 237 1750 294 rao

118 352 180 412 dieii
190 351 335 425 dicitelpsl
349 351 405 410 Deo
421 354 527 421 :Quart
539 357 670 413 terribilia
681 367 744 414 aaut
759 373 838 429 opero
850 366 907 420 tuo,
923 358 946 414 11
961 354 995 408 tia
1009 364 1061 412 titre
1070 355 1256 421 resurrexisti,
1268 362 1295 410 ct
1309 354 1379 410 alios
1394 362 1484 410 tecum
1495 369 1637 426 resurgere
1648 356 1749 424 iecisti,

119 444 250 501 ”mimi
274 444 343 512 illlis
362 445 398 502 bd
424 447 535 521 plenum
560 465 676 521 pensare
698 450 816 526 valeat,
829 464 908 520 quom
959 454 988 502 et
1000 449 1026 501 in
1039 454 1066 502 te
1081 446 1140 518 ipso
1155 445 1291 517 primitias
1303 442 1496 500 dormientium
1511 445 1574 500 item
1589 446 1617 499 in
1628 445 1751 501 mollito-

117 533 250 589 tem‘iilio
274 544 439 608 tantopere
464 546 521 605 too,
538 537 659 607 Domine,
683 555 746 596 cum
768 538 909 611 prosimos
958 538 1020 593 dine
1041 538 1145 593 rimatis
1171 546 1224 592 tete
1249 536 1470 593 suscitandorum
1487 536 1627 593 dedicasti.
1647 539 1749 595 Revera

116 636 180 683 taos
192 624 304 683 ludaeos
326 628 474 699 repuleris,
493 639 521 686 ct
536 629 607 686 tilios
625 631 775 686 amicorum
797 638 908 685 litorum
959 646 1014 685 uon
1032 630 1120 686 solum
1134 640 1162 684 tu
1175 630 1202 684 in
1218 628 1393 684 multitudine
1402 627 1511 684 virtutis
1528 635 1581 684 tuac
1593 629 1749 698 surrexisti,

116 719 336 823 patriarcharum
357 719 438 791 quasl
462 722 571 791 bostcs,
597 722 654 779 imo
680 738 744 781 rere
761 723 854 780 bostes
881 730 909 778 et
959 723 1006 801 scd
1024 723 1107 778 etiam
1121 721 1181 778 illos
1193 722 1220 777 in
1231 720 1327 777 cadem
1343 719 1604 794 rimutesuseitasti,
1618 719 1750 790 quoniam

115 826 245 868 inimicos
265 811 477 869 detestareris?
959 825 987 872 et
1000 815 1047 871 tibi
1065 829 1140 872 mors
1155 814 1227 871 ultra
1250 828 1305 869 nou
1319 811 1515 876 dominabitur,
1528 811 1601 866 etde
1620 811 1674 867 illis
1685 811 1750 867 bde-

149 900 232 969 Q¹¹0d
246 902 379 959 nimirum
402 903 478 975 ib⁸i0
490 903 596 976 iudicio
611 902 711 971 iecisti,
724 908 854 977 quoniam
881 904 909 960 in
959 906 1063 963 lissima
1081 907 1210 973 ereditur,
1226 905 1300 976 quod
1324 903 1372 974 qui
1388 903 1416 962 in
1438 900 1625 958 testimonium
1638 910 1692 957 tua
1704 918 1750 958 re·

114 993 289 1050 multitudine
312 996 420 1051 metatis
433 1006 486 1051 trite
500 998 658 1053 metrtientur
675 996 724 1052 tibi
738 995 841 1052 inimici
859 995 909 1062 toi,
959 998 1138 1056 surrectionis
1155 998 1212 1068 jam
1227 1004 1354 1066 peram,
1367 1009 1399 1050 ac
1417 1002 1517 1049 „om
1536 992 1626 1053 adhuc
1652 990 1753 1048 smum

114 1095 148 1136 2¹
167 1083 267 1141 amicis
293 1084 347 1142 tuis
366 1085 460 1158 geniti.
487 1085 547 1142 Non
578 1086 699 1158 suiiceit,
715 1087 756 1144 eis
780 1087 909 1144 mentitos
959 1096 1148 1155 surrexerunt,
1172 1087 1287 1143 ulterius
1311 1085 1345 1141 ad
1372 1084 1494 1155 scpulcra
1518 1096 1572 1137 non
1600 1081 1750 1140 redierunt.

113 1192 176 1234 esse
205 1178 347 1237 multoties
373 1181 401 1234 in
427 1179 597 1236 marititrrdine
620 1182 726 1237 uirtutis
747 1190 811 1249 tore,
833 1180 909 1237 verbi
960 1182 1008 1238 sed
1027 1181 1084 1257 jam
1098 1180 1182 1236 stolas
1195 1179 1318 1250 gentines
1338 1184 1513 1247 acceperuut,
1532 1175 1604 1248 quod
1626 1175 1753 1231 ctiarnde

113 1270 213 1342 gratia,
225 1287 290 1328 enm
301 1273 434 1341 dicerent,
446 1273 474 1330 in
486 1273 648 1332 Beelzebutlr
662 1273 761 1358 ejicere
773 1282 799 1330 te
808 1273 911 1330 damo-
959 1272 1118 1330 beatissima
1128 1272 1235 1345 virgine
1244 1268 1340 1338 ilaris,
1349 1267 1556 1341 quamsiscorta
1568 1282 1622 1323 nou
1634 1265 1738 1324 affirmo

112 1365 171 1430 nia,
188 1372 230 1430 ct,
250 1364 311 1421 Nea
324 1367 416 1421 estleia
430 1369 506 1422 leonto
519 1383 537 1421 o
551 1359 617 1434 Deo,
629 1368 676 1438 qui
690 1365 836 1423 Sabbatum
859 1382 909 1422 non
960 1372 1006 1420 tur
1022 1363 1190 1429 assertione,
1205 1369 1295 1417 umen
1321 1360 1472 1415 aestimatur
1496 1359 1540 1429 pia
1562 1356 1703 1428 opinione,
1722 1361 1752 1415 a·

113 1457 233 1511 reatmit
254 1455 347 1529 (loon.
363 1474 402 1525 tx,
417 1456 473 1527 16),
488 1458 555 1529 quin
576 1457 688 1531 iusuper
709 1457 843 1516 adbuoad
862 1474 912 1516 cu·
961 1452 1084 1510 uidelicet
1095 1452 1193 1509 stolam
1205 1451 1341 1524 geminam
1362 1464 1417 1504 uon
1442 1449 1530 1505 solum
1547 1448 1573 1502 in
1590 1445 1692 1512 anima,
1704 1445 1751 1504 scd

110 1549 221 1606 nntium
241 1565 299 1607 sure
318 1550 448 1623 nequitiae
467 1552 495 1606 in
509 1551 594 1607 multa
613 1550 785 1607 multitudine
802 1550 910 1607 virentis
959 1544 1041 1601 etiam
1054 1545 1082 1600 in
1094 1544 1192 1615 spiritu
1207 1541 1425 1614 gloribcotajam
1437 1539 1582 1610 acceperit,
1596 1537 1676 1608 enjus
1689 1551 1738 1593 cor

112 1653 178 1708 teat,
206 1657 271 1698 cum
288 1651 316 1699 tu
341 1657 374 1699 ex
403 1643 520 1700 mortuis
543 1643 755 1711 resurrexisses,
778 1652 807 1699 et
824 1643 909 1698 multa
961 1651 1024 1707 pus,
1041 1644 1072 1692 ut
1088 1634 1185 1701 lertnr,
1201 1632 1362 1689 humanitus
1375 1631 1485 1703 qtridem
1500 1629 1629 1686 assuetis
1644 1636 1754 1699 aposto·

110 1750 231 1804 corpora
262 1742 422 1791 marmium
448 1736 631 1809 suscitasses,
657 1744 822 1792 enrernnta
857 1736 910 1791 mt-
961 1726 995 1783 lis
1012 1723 1065 1781 tuit
1085 1723 1240 1795 sepultum,
1256 1721 1304 1778 sed
1330 1720 1358 1776 tn
1382 1718 1507 1790 sepulcro
1526 1728 1622 1789 postea
1641 1729 1755 1772 nones.

110 1826 212 1882 litibus
248 1826 289 1881 tul
327 1824 452 1898 Sepulcri
493 1826 655 1884 custodibus
697 1829 750 1884 talc
790 1827 910 1882 menda·
961 1821 1112 1887 inuentum,
1129 1818 1201 1873 sicut
1214 1824 1241 1872 et
1252 1829 1353 1886 corpus
1371 1811 1544 1868 Dominicum
1559 1816 1621 1881 post
1632 1809 1755 1880 sepultu-

114 1918 213 1983 tium,
252 1918 326 1989 quod
356 1918 429 1990 apud
460 1934 555 1975 eorum
585 1928 709 1993 posteros
741 1917 909 1991 divulgatum
960 1927 1019 1967 ram
1034 1925 1112 1965 suam
1127 1922 1182 1965 non
1198 1915 1240 1965 est
1258 1906 1286 1961 in
1300 1903 1427 1976 sepulcro
1439 1902 1591 1957 inventum.

111 2009 206 2064 adbuc
218 2018 313 2065 manet
328 2017 356 2065 ct
366 2009 487 2066 maerebit
498 2027 585 2083 usquc
601 2012 627 2066 in
639 2011 720 2067 linem
737 2010 841 2073 seculi,
855 2025 910 2066 eae·
996 2002 1052 2059 Nee
1077 2001 1190 2067 mirum,
1202 1998 1225 2056 si
1252 1999 1281 2052 in
1305 1993 1476 2052 multitudine
1499 1991 1606 2047 virtutis
1624 1997 1686 2054 tate,
1699 2002 1754 2060 qua

110 2101 183 2157 calis
200 2101 255 2157 boc
279 2101 340 2172 ipso
362 2103 506 2159 nienrlacio
525 2100 627 2159 ludaeis
648 2102 776 2159 omnibus
790 2102 912 2173 exceptis
961 2095 1058 2152 matris
1072 2093 1226 2166 uirgineum
1246 2104 1348 2160 corpus
1361 2085 1542 2144 resuscitasse
1555 2083 1670 2139 bdeliter
1682 2079 1756 2135 aesti·

110 2191 438 2264 pancisreliquiisjuxta
451 2191 579 2250 uaticinia
592 2193 788 2264 prophetarum
802 2193 913 2248 salvan·
961 2188 1056 2252 maris,
1076 2186 1236 2242 mentientur
1260 2180 1308 2236 tibi
1338 2179 1441 2235 inimici
1462 2178 1512 2244 tui,
1531 2190 1594 2233 cum
1618 2172 1702 2229 etiam
1726 2172 1754 2226 in
1779 2231 1784 2238 .

109 2284 153 2340 dis
167 2291 198 2339 ct
217 2283 342 2340 salvatis.
358 2283 423 2340 ldco
442 2298 497 2341 uon
522 2267 611 2341 solum
636 2293 702 2340 tune
731 2285 845 2341 mentita
869 2292 912 2341 est
962 2278 1132 2336 multitudine
1156 2274 1263 2330 virtutis
1290 2270 1524 2339 indebitamque
1539 2264 1667 2319 bisinum
1690 2276 1755 2333 pro·

110 2379 247 2451 iniquitas
259 2378 323 2447 sibi,
336 2380 384 2436 scd
405 2389 432 2435 et
453 2380 611 2434 mentientur
627 2379 675 2433 tibi
691 2378 844 2445 mendacio,
857 2394 911 2435 uon
961 2375 1029 2448 prise
1048 2371 1140 2429 earnis
1156 2364 1363 2424 tabernaculum
1388 2363 1515 2419 triduana
1529 2358 1668 2430 sepultura
1679 2370 1756 2412 eorn-

110 2472 159 2527 tibi
179 2471 230 2528 sed
250 2471 305 2527 illis
325 2472 440 2539 riocivo,
456 2470 503 2542 qni
520 2479 613 2527 amant
632 2471 721 2543 ipsum
737 2469 912 2526 mendacium
962 2463 1105 2536 plicatum,
1119 2460 1211 2515 denuo
1232 2464 1354 2512 ereetum
1369 2450 1516 2516 dedicasti,
1530 2448 1693 2503 mentiantur
1708 2443 1756 2498 tiii

109 2562 240 2633 reliquiis
252 2562 308 2618 illis
327 2562 390 2618 inde
406 2562 539 2630 liberatis,
553 2578 622 2633 qrras
640 2573 668 2618 tu
686 2561 788 2617 veritas
801 2560 911 2617 liberas.
962 2552 1065 2608 inimici
1080 2552 1129 2606 toi.
1140 2548 1175 2604 Et
1188 2557 1217 2604 tu
1233 2545 1343 2616 quidem
1358 2541 1469 2598 virtutis
1482 2539 1567 2611 liujus
1577 2552 1647 2608 opus
1659 2532 1757 2590 mirid-

113 2650 209 2708 irtam
221 2662 251 2709 et
264 2668 314 2725 ego
327 2652 449 2710 israelita
463 2670 524 2710 sum
537 2652 625 2723 (Rom.
640 2669 679 2715 ιι,
699 2651 820 2722 l),rait
837 2649 912 2722 Apo·
962 2667 1026 2708 eum
1057 2646 1168 2719 proprio
1200 2639 1358 2700 testimonio
1390 2629 1587 2692 commendasti
1616 2624 1755 2683 diceudo:

9 2787 10 2790 η
110 2745 297 2811 stolus,cum
322 2744 356 2801 de
378 2745 611 2817 reliquiisagcret
640 2743 739 2815 partita
756 2741 869 2797 saltatis
886 2749 914 2797 ct
966 2740 1095 2797 rSoluite
1108 2737 1237 2806 templum
1254 2734 1317 2799 boc,
1328 2738 1355 2785 ct
1374 2735 1436 2799 post
1451 2722 1570 2780 triduum
1585 2714 1756 2786 reaedificabo

110 2837 214 2909 partim
232 2836 383 2905 salvandis,
394 2836 475 2893 etiam
492 2853 522 2894 se
544 2847 708 2908 computans
734 2835 914 2905 interbujus-
964 2831 1030 2887 illud
1053 2828 1144 2900 (loon.
1160 2843 1191 2892 n,
1206 2826 1261 2894 19).
1282 2821 1400 2877 sltem:
1419 2836 1429 2869 ι
1448 2813 1527 2870 Sicut
1552 2809 1603 2865 luit
1619 2807 1705 2864 lonas
1727 2805 1755 2859 in

112 2931 188 2987 ¹¹i0tli
206 2931 350 3004 reliquias.
366 2930 400 2988 Et
413 2928 582 3001 inomnilius
593 2930 703 3002 quidem
716 2929 772 2985 tuis
785 2929 914 3000 operibns
963 2928 1060 2975 ventre
1072 2917 1124 2973 ceti
1144 2915 1232 2971 tribus
1250 2909 1347 2967 dicbus
1357 2915 1385 2962 et
1395 2903 1485 2960 tribus
1500 2898 1638 2963 noctibus,
1655 2894 1758 2952 siecrit

112 3022 277 3094 agnoscitur
292 3023 436 3079 aroititado
456 3022 575 3090 rietatis,
587 3023 652 3094 quia
676 3030 703 3076 tu
733 3033 862 3091 operatus
881 3025 946 3084 esc
964 3012 1052 3068 Filius
1064 3008 1185 3066 bominis
1201 3006 1227 3060 in
1239 3003 1322 3060 eorde
1334 3008 1414 3055 terrae
1424 2994 1513 3052 tribus
1523 2989 1621 3047 diebus
1631 2995 1659 3043 et
1669 2986 1757 3043 tribus

111 3127 210 3188 opera,
226 3132 290 3188 quic
301 3131 382 3172 nemo
394 3115 464 3172 ailus
480 3113 554 3182 iecit,
571 3114 763 3172 uidelicetnon
780 3111 908 3169 utcaetcei
959 3078 1757 3172 noctibuslrilottb.xrr,lb).»Sedinimicitoinilrilominus

111 3211 203 3267 sancti
219 3210 311 3266 aliena
336 3210 438 3266 virtute
453 3209 567 3266 divisiva
582 3249 590 3274 ,
605 3208 733 3280 precibus
754 3207 909 3277 impetrata,
959 3204 1092 3270 negantes
1101 3194 1154 3249 lroe
1162 3189 1292 3261 templum
1304 3181 1430 3253 eorporis
1443 3178 1481 3234 tui
1495 3173 1689 3232 reaedificatum
1700 3168 1758 3226 sive

111 3304 241 3361 iecerunt
249 3302 397 3369 mirabilia,
416 3303 464 3360 sed
476 3304 503 3358 in
513 3302 686 3358 ntnltitodine
698 3316 730 3357 ac
742 3299 910 3372 plenitudine
959 3289 1126 3353 dedicatum,
1137 3283 1184 3341 sed
1194 3280 1352 3336 ntentientnr
1363 3272 1422 3340 tibi,
1436 3280 1466 3326 ut
1476 3269 1528 3324 hoe
1541 3266 1629 3337 ipsum
1644 3260 1760 3318 menda-

112 3397 223 3451 rirtrrtir
245 3404 299 3450 tate
318 3394 436 3465 propriae
449 3410 534 3467 agens
559 3390 715 3464 imperiose,
735 3393 808 3448 verbi
823 3392 909 3465 gratia
960 3381 1034 3437 oium
1050 3377 1110 3443 tibi,
1127 3390 1182 3431 non
1199 3372 1267 3444 ipsis
1281 3367 1315 3424 ad
1333 3367 1465 3422 bonorem
1479 3357 1631 3431 proveniat.
1652 3351 1758 3408 lrttmtci

113 3487 257 3559 imperans
278 3488 368 3543 ventis
392 3495 420 3543 ct
438 3488 520 3554 mari,
535 3495 563 3542 et
581 3485 757 3553 obedierunt';
772 3487 911 3556 insperatis
961 3470 1082 3528 hominis
1090 3464 1231 3524 domestici
1242 3461 1302 3533 ejus
1315 3451 1463 3528 aliquanda
1473 3451 1513 3507 sic
1522 3450 1556 3506 dc
1564 3447 1612 3503 illo
1620 3442 1760 3501 mention·

113 3578 289 3634 damonibus
308 3585 339 3632 ut
352 3586 472 3633 tacerent
489 3577 531 3632 uel
550 3576 668 3645 exirent,
685 3585 713 3633 ct
731 3576 909 3644 obedieruut;
961 3573 1016 3630 tur,
1029 3568 1060 3616 ¹¹2
1073 3557 1192 3630 (1115101
1205 3546 1379 3608 mendacium
1395 3534 1699 3615 8¹⁰ii²¹¹¹il¹i¹⁰i⁰fs⁵0d
1712 3541 1758 3587 ¹¹¹2

114 3668 257 3739 imperans
284 3668 403 3723 mortuis
430 3675 461 3723 ut
481 3677 676 3739 resurgerent,
692 3674 720 3721 ot
738 3665 909 3723 obedierunt.
962 3652 1048 3728 gloria
1059 3665 1107 3721 per
1118 3650 1170 3702 boe
1180 3641 1298 3713 amplius
1311 3627 1590 3709 magnilicatur,quod
1599 3625 1625 3679 in
1633 3620 1759 3678 attitiae-

115 3757 193 3816 lianc
205 3759 405 3815 multitudinem
429 3759 535 3815 virtutis
550 3768 603 3815 ttto’
623 3758 750 3815 centurio
766 3758 811 3813 illo
824 3772 912 3831 agno·
962 3739 1137 3801 dinctirtutis
1147 3747 1199 3792 tooe
1209 3732 1368 3789 mentientur
1377 3724 1425 3780 titt
1434 3720 1537 3778 inimici
1550 3716 1599 3773 lul.
1607 3714 1636 3769 st
1644 3710 1760 3770 enimde

114 3851 165 3920 til,
176 3853 225 3924 qui
245 3852 293 3908 tibi
315 3852 406 3907 dixit:
426 3850 575 3919 rllomine,
589 3866 644 3906 non
671 3865 732 3906 sum
754 3849 864 3921 dignus,
882 3857 913 3905 ut
962 3843 989 3891 te
1001 3828 1195 3890 mentientibus
1208 3822 1327 3880 inimicis
1346 3833 1399 3873 non
1416 3815 1513 3870 luisset
1525 3806 1673 3865 erucillsus
1689 3800 1757 3874 (ll).

114 3943 203 4000 illim
216 3942 270 3999 ⁸¹¹¹)
295 3951 395 3998 iccium
415 3957 517 4008 oleum,
531 3941 579 3998 sed
603 3948 707 3996 tantum
723 3940 767 3995 die
779 3939 874 4007 verbo,
886 3948 914 3996 at
962 3925 1030 3982 Nam
1040 3924 1064 3981 si
1074 3933 1099 3979 te
1111 3924 1138 3977 in
1150 3914 1321 3975 multitudine
1334 3909 1440 3967 rietatis
1450 3915 1502 3961 tuo
1511 3901 1648 3976 principes
1658 3910 1760 3967 cogno·

114 4035 261 4092 sanabitur
272 4050 341 4106 puer
353 4050 441 4090 meus.
460 4053 470 4086 i
486 4032 543 4099 bie,
556 4032 656 4104 inquit,
673 4050 682 4084 r
698 4031 792 4099 uerbo,
811 4051 821 4084 i
838 4032 914 4089 vide-
962 4024 1077 4086 sissent,
1091 4031 1146 4072 non
1162 4021 1188 4070 te
1199 4000 1508 4069 crucifixissent.Sinon
1518 3991 1761 4053 inissescxaltatus

114 4127 182 4185 lroct
192 4141 251 4182 non
266 4125 450 4197 deprecativo,
468 4126 516 4182 sed
535 4125 708 4197 imperativo,
724 4133 751 4180 ct
773 4123 914 4179 sonabitur
964 4117 992 4171 in
1004 4125 1096 4175 eruce,
1112 4122 1166 4162 nou
1184 4101 1277 4159 omitia
1291 4097 1414 4153 taolieres
1426 4093 1460 4148 ad
1471 4101 1518 4146 te:
1536 4099 1626 4156 neque
1641 4091 1684 4149 tu,
1699 4095 1761 4151 gra·

113 4237 180 4293 pter
192 4235 278 4274 meaa.
295 4219 384 4289 baruc
400 4228 431 4274 ut
443 4218 564 4273 bumana
580 4232 691 4289 quoque
704 4215 915 4272 ratiocinatione
964 4219 1031 4261 nuni
1050 4196 1192 4260 frunimii,
1216 4206 1313 4263 litis-“²s
1327 4183 1504 4255 muliiblifflfi
1522 4179 1574 4235 tide
1585 4173 1761 4248 ll⁰ll¹¹¹⁰'·'¹¹¹¹¹·

113 4311 312 4383 comprobaret
333 4325 364 4368 ὅθ
388 4325 483 4367 verum
506 4308 620 4376 dixisse,
632 4308 735 4364 addidit
750 4328 757 4364 ς
775 4328 784 4362 r
802 4308 870 4364 ptam
888 4318 915 4365 ea
966 4294 1020 4351 nisi
1031 4287 1213 4348 mortificatus
1232 4283 1333 4338 fuisses
1347 4273 1490 4332 mendacio
1501 4267 1681 4341 judiciorum.
1692 4260 1761 4316 Cre·

113 4416 167 4473 ego
191 4402 278 4457 laonio
303 4415 364 4456 suni
389 4399 442 4458 sub
463 4407 596 4471 potestate
616 4397 792 4466 constitutus,
809 4399 915 4454 liabens
929 4374 953 4430 D
966 4390 1054 4446 ditum
1068 4391 1111 4439 est
1130 4394 1194 4451 crgo
1217 4371 1336 4431 inimicis
1354 4367 1409 4425 ibis
1423 4366 1457 4432 de
1472 4373 1499 4420 te
1519 4355 1714 4417 meniiessfflffli
1729 4367 1762 4457 ξ’

114 4496 169 4551 sub
183 4509 228 4551 mo
242 4492 355 4560 milites,
365 4501 394 4548 ot
406 4491 468 4547 dico
482 4491 547 4547 buic
556 4511 562 4547 :
571 4489 655 4556 tane,
666 4500 694 4547 et
704 4491 795 4559 vndit3
807 4500 834 4546 et
846 4490 891 4545 alii
905 4508 913 4546 ε
967 4492 993 4538 te
1019 4477 1189 4537 seductorem
1205 4469 1387 4534 strenuorum
1403 4454 1569 4518 dicentibus,
1582 4458 1613 4506 ul
1631 4448 1720 4502 virlitss
1733 4459 1761 4547 ’ᾗ

115 4582 198 4651 Veni,
213 4592 243 4639 ct
266 4583 355 4650 rcnit;
376 4590 405 4638 et
422 4596 503 4638 serto
527 4597 589 4637 nico
605 4599 613 4637 ε
628 4579 683 4637 Fae
709 4581 776 4647 lroc,
799 4590 826 4636 ct
850 4579 916 4635 lucit
967 4569 1127 4628 infirmitate
1139 4562 1328 4635 perficeretur,
1339 4552 1396 4608 imo
1407 4552 1443 4604 'et
1463 4540 1638 4600 multitudine
1652 4538 1761 4592 simub·

120 4676 232 4745 [llottb.
252 4690 313 4743 rur,
326 4674 378 4730 liet
395 4673 433 4746 9).
454 4692 464 4725 t
483 4672 565 4745 Ergo,
576 4672 675 4745 inquit,
691 4691 701 4725 r
715 4673 914 4729 verbotantnm
966 4673 1022 4720 tuae
1039 4655 1186 4714 multitudo
1200 4642 1367 4705 infirmitatis
1392 4643 1493 4695 nostra
1515 4630 1720 4693 absorberetur,
1736 4634 1760 4681 e·

118 4767 209 4834 dic,at
221 4764 365 4821 sanabitur
377 4779 446 4836 puer
459 4778 546 4820 meus.
559 4763 605 4818 »ln
616 4763 746 4819 omnibus
756 4761 914 4833 hujusmodi
967 4761 1056 4813 morte
1076 4760 1122 4806 tua
1145 4758 1220 4802 mors
1244 4744 1338 4794 nostra
1360 4737 1512 4788 moreretur
1538 4727 1617 4797 illm
1640 4721 1707 4812 iilud
1721 4718 1762 4776 i*

118 4855 295 4913 mirabilibus
309 4853 389 4910 lactis
403 4855 460 4910 tuis
475 4852 681 4910 abundavittibi
696 4852 842 4907 multitudo
853 4867 917 4923 pro-
968 4860 1057 4909 mors,
1069 4855 1118 4898 ero
1132 4849 1208 4894 mors
1223 4840 1279 4886 1¹¹³·
1289 4822 1422 4880 Simiiiii'l'
1435 4819 1524 4876 ‘'iifl'‘
1535 4812 1671 4872 hae¹²¹i⁰i⁸
1685 4810 1749 4866 ”¹³¹⁸

116 4947 186 5024 prim
208 4956 265 5004 tuae
283 4946 402 5003 virtutis.
416 4944 493 5003 llndc
513 4944 625 5017 quando
650 4943 722 5000 iuter
742 4942 807 4998 talla
822 4957 917 5013 preces
967 4951 1021 5010 qne
1033 4926 1188 4999 lulsiloquis
1205 4923 1238 4978 de
1254 4926 1280 4974 te
1295 4912 1491 4973 mentientibus
1505 4908 1624 4980 amplius
1635 4902 1751 4961 clarcsm'

117 5037 217 5100 roam
231 5048 266 5096 nt
277 5039 304 5098 in
318 5039 498 5097 suscitatione
510 5037 619 5104 lazari,
634 5035 687 5093 lioc
697 5034 786 5092 iecisti
798 5051 846 5106 pro
857 5035 917 5091 solo
966 5027 1069 5085 soritas
1096 5017 1268 5089 eloquiorum
1293 5019 1403 5065 tuomm
1428 5000 1638 5060 defendentibus
1665 4994 1762 5095 ortho-

117 5132 259 5208 mlo,
277 5147 335 5189 nou
352 5131 413 5200 sibi,
429 5132 477 5189 sed
502 5130 582 5187 nobis
604 5127 772 5194 necessario,
786 5125 916 5198 quoniam
967 5116 1046 5176 dosis
1060 5115 1148 5185 ipsam
1167 5105 1321 5164 doctrinam
1336 5109 1390 5155 tum
1401 5094 1526 5152 veritatis
1539 5094 1566 5145 in
1592 5086 1762 5143 arultitrtdm.

116 5219 148 5279 ln
167 5221 389 5280 multitudino
413 5223 517 5277 virtutis
545 5230 598 5276 tnoe
620 5218 722 5284 onmia,
738 5228 909 5288 quacunque
966 5204 1085 5265 uirtutis.
1104 5223 1113 5255 r
1132 5200 1191 5255 Non
1217 5196 1290 5253 euim
1318 5191 1453 5249 ertrbcsco
1482 5179 1659 5252 Evasigelium
1673 5216 1682 5242 ,
1698 5192 1708 5227 t
1725 5173 1762 5228 al·

117 5313 361 5388 micuisti,
376 5331 494 5388 quorum
511 5314 565 5370 boe
580 5311 633 5368 fuit
648 5311 826 5383 praecipuum,
840 5305 915 5379 quod
969 5284 1355 5372 Apostolus3ruirtus'enim
1372 5280 1421 5335 Ilei
1446 5277 1530 5332 estin
1550 5271 1668 5328 salutem
1687 5280 1762 5321 omni
1826 5298 1830 5303 Δ

116 5403 286 5479 mim
302 5408 407 5466 babens
419 5406 536 5480 ponendi
550 5403 671 5461 animam
685 5410 759 5458 tuam
771 5410 799 5457 et
815 5399 915 5456 iterum
970 5387 1101 5455 credenti,
1116 5385 1210 5439 tudae
1231 5380 1349 5450 blifflssffl
1373 5379 1402 5425 θῑ
1426 5367 1521 5423 611900
1533 5361 1620 5433 (3011-
1640 5374 1659 5425 ¹,
1676 5355 1759 5459 iiii}

116 5499 319 5560 summota
334 5500 445 5573 propria
465 5507 599 5571 potestate
612 5497 640 5552 in
652 5491 821 5556 multitidine
833 5491 918 5546 cirta·
972 5483 1082 5541 iudans
1103 5490 1193 5537 tamen
1217 5467 1372 5528 incredulus
1395 5456 1542 5528 Evangelio
1566 5462 1613 5509 tuo
1625 5447 1750 5509 contulit

155 5659 215 5733 (ll)
234 5657 325 5731 Forte,
339 5658 363 5715 ti
374 5659 445 5715 enim
456 5656 639 5715 attollentibus
655 5656 687 5709 de
708 5662 731 5710 te
749 5650 861 5709 inimicis
877 5647 1005 5704 creditam
1021 5657 1071 5697 nou
1086 5645 1163 5705 esset,
1182 5647 1233 5686 uoti
1255 5626 1349 5701 {tristes
1365 5619 1516 5692 carradam.
1655 5693 1657 5700 Ι
1682 5671 1710 5700 ,ι
1748 5684 1782 5704 m„
