3892 6067
42 148 45 155 ’
74 112 78 117 ¹
181 173 234 231 m
661 157 815 216 cendunt
831 152 1026 214 eaeeostm
1044 143 1317 210 uttcttttttsttttc.
1779 141 1856 199 88

182 288 284 362 pellere
304 283 397 340 talem
411 285 529 344 nocem,
550 289 625 330 nunc
652 272 823 330 imminentis
845 272 972 338 tristitie,
987 273 1010 334 Α
1025 269 1089 325 lioet
1100 265 1261 325 mundusin
1286 261 1407 332 malique
1424 259 1530 330 positus
1552 257 1588 313 de
1607 264 1720 327 peceato
1734 263 1777 312 et
1808 256 1858 313 ri·

184 394 240 453 qua
252 376 365 434 tabesco
378 383 461 447 super
474 367 529 434 bis,
541 365 590 437 qui
609 363 825 436 prevaricantur
846 370 975 420 mandata
1024 358 1131 430 iustitia
1146 367 1174 414 et
1186 356 1220 414 de
1228 353 1343 428 judicio,
1359 360 1386 409 et
1398 359 1562 423 provocetur
1576 347 1610 405 ad
1626 348 1854 419 ponitentia-

185 479 241 536 ιιι,
257 475 285 522 et
304 477 349 519 me
364 457 613 533 quoqueoderunt,
627 455 752 526 qnoniam
774 454 902 508 nmndatn
929 463 976 507 ιιι
1026 447 1271 521 pomecessarlam,
1300 453 1448 514 antequam
1468 440 1642 499 subvertatur
1664 439 1857 497 mundun

183 557 276 622 dilwi,
296 552 370 625 quod
388 561 415 608 te
428 548 520 605 ridere
542 556 609 618 opto
620 546 715 602 dicens
732 564 740 600 :
759 543 977 615 lidemonium
1025 540 1168 595 veritatem
1183 535 1379 607 prophetarum
1399 539 1427 587 et
1446 530 1657 603 praeordinatam
1676 531 1703 586 ia
1723 530 1856 587 verbis

183 645 313 702 mondotrr
327 652 373 698 trra
388 641 483 707 dilexi,
499 648 531 697 ιιι
543 638 605 695 visu
617 647 665 694 tuo
680 636 832 692 laetificatus
845 635 976 706 respirem
1028 632 1082 689 tuis
1100 628 1215 685 omnino
1227 623 1457 689 immutabilibus,
1470 621 1537 692 quia

184 738 317 803 adolore,
333 750 389 808 quo
402 734 513 790 tabesco
523 731 618 787 ridens
632 744 686 785 non
701 737 842 785 servantes
855 735 975 799 paetum.
1065 721 1146 777 less.
1161 717 1223 774 tou.
1234 715 1402 787 Principiam
1420 712 1559 769 uerterant
1580 724 1686 768 tuorum
1703 715 1852 784 serius,

184 831 247 889 viui
260 831 346 896 enim,
361 836 388 884 ct
405 825 571 897 aspiciebam
583 823 611 878 in
624 822 685 878 uisu
696 822 785 877 noctis
799 820 979 891 praerarican·
1027 831 1060 871 ιι
1081 826 1137 884 quo
1160 810 1188 867 in
1201 807 1347 880 principio,
1368 805 1395 861 id
1408 813 1451 861 ost
1462 804 1495 875 ‚in
1509 803 1599 860 Verbo
1615 813 1663 861 tuo
1676 805 1856 878 unigenito

185 919 506 981 teszrclsicutbabent
524 915 635 988 quidam
653 913 761 969 codices
776 928 827 967 non
846 920 978 968 ceramum
1028 904 1122 961 dixisti
1140 922 1146 958 :
1165 921 1174 955 r
1192 900 1252 957 Fiat
1266 901 1325 967 lua,
1341 907 1370 955 et
1389 898 1461 955 lacta
1482 896 1585 954 estlut
1611 896 1688 969 (Gerr.
1705 914 1724 966 ι,
1744 899 1852 970 5).»
1929 938 1930 945 ,

185 1025 293 1087 portum
308 1014 366 1070 sire
384 1011 412 1066 in
427 1010 485 1080 lege
505 1008 564 1063 sire
576 1006 604 1060 in
619 1003 766 1075 Evangelio
780 1004 912 1074 scriptum
927 1019 978 1072 pro
1029 995 1087 1052 lloe
1098 1004 1158 1051 erat
1170 992 1331 1065 principium
1343 988 1489 1046 vttrborum
1500 998 1622 1055 tuorem,
1635 988 1663 1044 in
1675 1004 1731 1061 quo
1752 991 1855 1060 prim·

187 1119 254 1177 pace
268 1100 401 1158 seruanda
416 1098 488 1154 inter
503 1095 589 1152 Deum
605 1102 633 1150 et
647 1093 783 1149 bomincs.
799 1090 867 1147 llam
880 1091 980 1147 dicitur
1029 1087 1101 1159 cipio
1114 1083 1362 1142 creasticoelumet
1375 1089 1563 1159 terramque
1575 1080 1746 1137 censitum.
1762 1079 1853 1138 Post

187 1202 295 1265 portum
315 1190 396 1263 quasi
408 1188 485 1260 pacis
503 1195 607 1243 actum.
632 1182 704 1251 Vidi,
723 1183 845 1254 inquam,
865 1181 979 1239 dissolui
1030 1194 1149 1250 quorum
1162 1175 1309 1234 transitum
1323 1175 1350 1229 in
1365 1182 1494 1230 eternam
1515 1171 1620 1242 indicia
1635 1172 1759 1242 justitie
1779 1184 1851 1229 ιιι

190 1287 243 1341 boc
266 1291 376 1355 pactum
399 1295 450 1352 pro
472 1292 539 1350 paee
562 1285 665 1343 actum,
679 1283 707 1331 et
721 1284 902 1341 contractum,
930 1288 981 1329 nec
1031 1262 1851 1344 permanebuntimmntabilitcr,quiasentcntiadeborris
1929 1308 1930 1341 ,

189 1376 283 1432 valens
299 1372 434 1430 obsistere
449 1370 494 1427 isti
510 1369 631 1435 malitia,
645 1382 699 1423 non
711 1366 787 1437 potui
805 1365 979 1429 condolere,
1030 1371 1059 1420 et
1073 1361 1154 1418 malis
1171 1361 1235 1416 data
1251 1358 1279 1414 in
1294 1366 1419 1415 extremo
1436 1353 1541 1426 iudicio
1561 1356 1730 1426 permanebit
1759 1357 1850 1414 im-
1929 1356 1930 1433 l

189 1484 245 1525 non
264 1465 341 1538 potui
356 1479 411 1520 non
426 1462 577 1528 tabescere,
596 1474 652 1516 non
676 1458 752 1530 potui
779 1472 835 1514 non
861 1456 980 1524 tristari;
1032 1456 1195 1514 tractabilis.

190 1557 237 1615 scd
252 1556 339 1612 tristis
352 1562 421 1622 erat,
435 1551 615 1609 etestanima
630 1564 789 1620 meausqnc
804 1548 838 1604 ad
852 1555 980 1615 mortem,
1069 1547 1235 1619 copulemus
1259 1559 1334 1600 nunc
1357 1544 1385 1599 iu
1414 1556 1499 1598 utrum
1528 1539 1584 1596 duo
1602 1541 1661 1597 baec
1687 1541 1849 1601 demensa
1929 1514 1930 1565 ¹

191 1648 321 1705 nimirum
345 1644 444 1706 similis
459 1642 563 1709 israeli,
584 1642 632 1714 qui
654 1641 750 1712 lugens
773 1640 859 1695 lilium
888 1655 981 1707 suum,
999 1633 1018 1688 Β
1033 1641 1098 1711 coplr
1114 1648 1142 1696 et
1159 1654 1211 1703 rer,
1231 1636 1305 1709 quod
1328 1635 1524 1706 interpretatur
1548 1634 1650 1689 oorotio
1667 1634 1786 1703 rapitis,
1804 1647 1848 1695 ex

191 1754 272 1811 quem
287 1738 401 1811 putabat
412 1743 552 1792 munuum
565 1744 593 1789 et
604 1748 620 1787 a
633 1733 719 1788 bestia
730 1732 902 1799 devoratum,
915 1747 982 1787 con·
1032 1746 1089 1804 qao
1105 1730 1257 1801 intelligere
1272 1740 1413 1783 conemur
1427 1727 1455 1781 in
1473 1725 1517 1782 lais
1529 1724 1638 1781 duobus
1660 1723 1844 1782 octonariis.
1929 1752 1930 1755 ¹

191 1830 352 1888 solationem
366 1823 717 1899 praesentisvitaerecipere
731 1822 829 1890 noluit,
854 1821 902 1879 sed
918 1837 982 1878 cum
1029 1823 1218 1898 perdendus
1231 1820 1365 1879 elementa
1385 1818 1512 1891 signatis,
1524 1816 1647 1873 invocari
1669 1814 1842 1882 Christum,

192 1922 267 1978 luctu
278 1922 305 1976 in
317 1919 468 1985 internum,
480 1931 536 1987 quo
552 1916 627 1972 illius
637 1913 769 1985 temporis
782 1928 879 1972 omnes
894 1914 984 1970 bomi·
1033 1917 1082 1988 qui
1092 1923 1230 1984 est‘cnprtt
1241 1920 1269 1968 ot
1281 1911 1454 1982 principiam,
1469 1908 1572 1980 dequo
1585 1907 1615 1963 in
1633 1906 1731 1963 ultimo
1744 1921 1840 1963 ret-stt

193 2029 242 2069 tres
265 2009 476 2074 descendebant,
502 2008 542 2064 ire
565 2006 722 2064 destinauit.
753 2004 806 2062 Sed
830 2016 982 2077 comperto,
1033 2007 1152 2063 dicitur:
1170 1999 1739 2081 Principiumverboram-trtorttmneritnr,
1753 1998 1840 2068 qued
1873 2075 1877 2079 .
1921 2046 1930 2069 ,η

193 2104 267 2177 qnod
278 2102 364 2159 Filius
375 2103 461 2174 ipsius
473 2100 584 2173 loseph,
597 2115 679 2172 quem
692 2099 796 2168 dilexit,
810 2100 900 2157 adltuc
912 2101 985 2157 rito·
1033 2096 1195 2167 principium
1214 2092 1272 2149 sire
1297 2098 1388 2161 rnprrt,
1405 2104 1469 2145 cum
1495 2088 1531 2145 sit
1551 2088 1660 2155 cedros,
1675 2096 1707 2143 ut
1722 2087 1844 2177 (deust
1929 2082 1930 2157 l

194 2204 245 2263 ret,
277 2194 398 2251 «revisit
423 2193 537 2265 spiritns
563 2192 624 2264 rjus
652 2190 728 2264 (Gen.
751 2208 814 2260 ιιι,
837 2192 915 2264 ξυμ
936 2193 985 2263 qui
1036 2198 1088 2254 est,
1104 2200 1190 2257 prope
1207 2194 1249 2242 cst
1259 2182 1390 2239 omnibus
1402 2180 1596 2237 invocantibus
1616 2195 1646 2237 se
1666 2176 1837 2247 mmmm,
1929 2186 1930 2273 t

194 2285 274 2355 quasi
288 2292 471 2358 premortuus
482 2291 510 2339 et
524 2281 601 2355 gravi
612 2296 710 2338 somno
723 2297 836 2353 pressus
848 2281 986 2354 evigilarit
1036 2281 1110 2335 sieut
1135 2276 1163 2332 in
1183 2273 1320 2346 superiori
1346 2270 1490 2328 octonario
1517 2270 1639 2367 dicitur:
1655 2269 1744 2340 Prope
1760 2281 1836 2336 esto,
1929 2276 1930 2285 ¹

193 2384 223 2432 et
232 2375 301 2431 dixit
317 2391 324 2429 ι
340 2393 350 2427 ι
366 2373 394 2431 st
409 2373 511 2446 loseph
526 2375 598 2430 lilius
608 2388 688 2432 meus
698 2374 774 2441 tirit,
793 2374 891 2431 subicit
907 2376 985 2442 milri,
1037 2369 1158 2436 Donrinr,
1169 2376 1193 2422 et
1206 2381 1295 2422 omnes
1307 2365 1356 2420 oie
1368 2373 1422 2419 ιιι
1432 2363 1540 2418 maor.

195 2465 347 2534 redamet
371 2466 469 2526 videbo
494 2480 568 2533 cum,
594 2473 741 2536 antequam
767 2465 871 2520 moriar
895 2465 985 2537 (ibid,
1408 2469 1460 2510 sm.
1594 2498 1598 2504 .
1929 2470 1930 2533 q

194 2556 276 2629 ast.»
298 2558 599 2630 sustenementum
616 2558 743 2612 mandato
761 2567 808 2612 ιιι
826 2556 917 2625 dilexi,
935 2556 988 2611 lio·
1074 2550 1158 2607 tens.
1173 2549 1234 2606 tut.
1258 2547 1397 2619 Principes
1419 2547 1550 2617 persecuti
1562 2555 1624 2602 rant
1638 2562 1678 2600 nte
1697 2546 1833 2617 petinet
1929 2546 1930 2609 l

196 2649 277 2714 mine,
288 2663 351 2721 cum
367 2648 446 2704 tideo
457 2648 503 2703 illa
517 2662 573 2703 noa
586 2646 701 2716 servari,
719 2654 747 2704 et
760 2661 810 2718 per
824 2646 987 2718 hujusmodi
1038 2660 1055 2697 o
1074 2642 1157 2698 pordit
1169 2642 1221 2697 tois
1236 2639 1391 2712 sormmnuit
1404 2654 1451 2693 ror
1461 2653 1559 2695 meunt.
1573 2636 1675 2693 Littera
1688 2638 1746 2694 baec
1755 2636 1833 2709 vipe-
1929 2638 1930 2651 ¹

196 2734 434 2802 prevaricationes
457 2741 568 2804 pactum
593 2732 690 2789 salutis
715 2742 742 2789 et
762 2733 839 2806 pacis
862 2733 987 2801 dissolri,
1039 2734 1109 2792 sima
1126 2734 1214 2806 prima
1226 2733 1268 2788 rin
1281 2731 1374 2788 uarias
1384 2731 1467 2787 babet
1478 2724 1725 2801 interpretationes.
1740 2727 1823 2797 liam,

196 2823 272 2894 qrari
286 2824 405 2881 tristitie
420 2839 518 2880 somno
531 2824 620 2881 sentio
639 2838 684 2880 me
703 2825 795 2896 urgeri
810 2825 844 2881 ad
858 2835 987 2891 morteri,
1040 2827 1113 2883 sieut
1125 2825 1183 2882 rult
1196 2822 1390 2895 Hieronymus,
1409 2822 1499 2893 ipsum
1513 2828 1615 2877 nomeu
1633 2820 1675 2875 rin
1695 2820 1832 2891 interpre-
1929 2814 1930 2817 ’

197 2929 248 2972 nec
262 2915 357 2972 soleas
374 2914 528 2971 nectaleus
542 2914 664 2986 reciperet
685 2917 913 2986 cottsolatiouem,
934 2917 988 2974 nisi
1042 2926 1115 2973 tatur
1136 2918 1226 2973 dentes
1250 2914 1292 2972 vel
1317 2914 1447 2970 dentium.
1472 2910 1631 2969 Secundum
1654 2913 1831 2972 Ambrosium

197 3020 293 3063 tertam
319 3003 420 3076 loseph
444 3005 550 3061 rideam
569 3005 718 3073 virentem,
742 3013 770 3061 et
789 3006 817 3061 in
836 3016 892 3063 tota
915 3016 987 3064 terra
1041 3025 1107 3065 tero
1120 3008 1163 3063 rin
1175 3009 1370 3078 interpretatur
1382 3003 1577 3076 supervolare.
1591 3003 1725 3076 Congruit
1737 3014 1829 3063 autem

199 3094 309 3169 leqypti
319 3094 360 3150 sic
374 3094 574 3163 dominantem,
589 3103 621 3150 ut
636 3095 765 3149 mandata
778 3098 850 3166 eius,
863 3113 924 3169 quae
944 3097 988 3154 di·
1041 3100 1107 3155 buio
1121 3098 1264 3155 octonario
1291 3106 1408 3168 utraque
1424 3096 1625 3167 interpretatio,
1637 3095 1766 3168 qnoniam
1783 3099 1830 3156 bia

198 3186 252 3243 lesi
264 3196 291 3243 et
301 3186 394 3257 diligo,
408 3186 500 3243 nullus
512 3186 611 3242 audeat
623 3187 808 3257 prevaricari,
822 3199 880 3256 aut,
890 3191 914 3246 si
924 3190 987 3260 quis
1039 3198 1102 3246 octo
1125 3189 1251 3245 versibus
1267 3187 1357 3259 agitur
1373 3187 1408 3242 de
1431 3186 1625 3257 perseeutione
1661 3187 1830 3259 principum,

198 3278 394 3350 praevaricatus
406 3277 499 3346 luerit,
518 3278 559 3334 sic
577 3278 716 3348 puniatur,
744 3287 773 3334 ut
794 3280 914 3336 vindicta
940 3281 989 3337 de·
1040 3281 1087 3352 qui
1099 3281 1133 3337 ad
1148 3281 1235 3336 instar
1252 3279 1371 3334 dentium
1388 3277 1579 3334 contriverunt
1595 3287 1704 3335 sanctos
1719 3278 1746 3333 in
1766 3294 1830 3335 cor·
1929 3278 1930 3333 l

198 3371 255 3425 licti
267 3370 304 3426 sit
317 3368 422 3425 caeteris
443 3368 599 3425 interdictio
615 3369 801 3441 delinquendi.
819 3370 880 3437 Quo
893 3372 988 3429 audito
1041 3390 1093 3446 pus
1107 3373 1211 3430 Christi
1223 3371 1413 3444 trajiciendos,
1428 3380 1456 3428 et
1472 3372 1506 3427 de
1524 3371 1713 3428 consolatione
1723 3371 1826 3440 dlriua,
1929 3378 1930 3443 l

199 3460 343 3516 reviviscet
355 3459 467 3529 spiritus
481 3474 568 3523 meus,
579 3458 652 3530 quod
663 3468 841 3530 ttuueoptans
854 3459 916 3517 dico
932 3480 938 3516 ι
955 3460 989 3516 1η
1041 3482 1096 3538 qna
1110 3466 1256 3522 tribulatos
1266 3464 1367 3521 electos
1380 3462 1519 3520 laetillcant
1531 3463 1639 3535 eloquia
1654 3461 1713 3531 liei,
1725 3463 1828 3535 doqui-

200 3553 383 3607 misericordia
395 3560 441 3607 tur
461 3553 565 3621 virifica
580 3569 630 3607 me.
650 3550 710 3608 Non
729 3554 756 3607 in
782 3553 886 3610 meritis
909 3555 988 3617 meis.
1041 3558 1093 3613 bus
1107 3556 1152 3612 lrio
1166 3555 1233 3611 dicit
1242 3554 1335 3625 iustus
1350 3571 1357 3608 :
1370 3551 1495 3610 Loetnbor
1509 3570 1556 3626 epo
1571 3554 1829 3625 supcreloqnirtrrn,

199 3642 285 3698 sedin
299 3644 481 3698 rnirerirordio
493 3653 539 3699 tun
553 3644 657 3714 sinificet
673 3660 723 3714 rae,
737 3645 919 3702 utretitiscat
933 3648 990 3717 spi·
1041 3650 1110 3704 sicut
1124 3649 1169 3719 qui
1198 3648 1297 3703 inuenit
1325 3646 1410 3718 spolio
1436 3646 1533 3703 ntalta.
1556 3644 1748 3716 Huiuscemodi
1762 3663 1827 3702 cou-

201 3731 271 3788 ritus
288 3748 376 3799 meus,
392 3742 422 3790 et
432 3735 511 3805 quasi
529 3733 564 3791 de
577 3735 654 3807 gravi
668 3751 765 3791 somno
776 3737 907 3806 evigilans
921 3737 991 3793 larti-
1041 3740 1139 3796 solatio
1153 3739 1233 3810 quasi
1247 3738 1425 3810 emplastrum
1437 3737 1499 3794 lene
1511 3752 1590 3809 saper
1599 3737 1694 3794 onlnns
1717 3737 1824 3795 tribula-
1929 3800 1930 3805 η

201 3826 296 3883 licetur
322 3829 564 3885 demandaturum
588 3837 699 3884 tuorum
726 3828 916 3896 obseruantia,
941 3832 990 3900 qui
1043 3828 1126 3887 tionis
1153 3837 1307 3900 coaptatur,
1334 3826 1457 3899 quando,
1481 3825 1553 3883 sicut
1580 3826 1619 3883 ait
1645 3826 1787 3898 Apostolus
1814 3852 1823 3882 ι
1929 3822 1930 3825 ’

201 3920 381 3979 contristatus
402 3931 429 3979 et
446 3923 590 3979 tabescens
610 3922 682 3977 inter
702 3920 927 3992 prevaricatores
943 3937 991 3978 eo-
1044 3921 1229 3978 ‹Tribulatio
1251 3920 1423 3993 patientiam,
1461 3917 1592 3989 patientia
1629 3918 1824 3989 probationem,

202 4010 327 4067 eumdem
344 4012 426 4069 nimis
438 4014 587 4085 urgebatur
597 4012 677 4084 quasi
695 4013 729 4068 ad
744 4021 871 4081 mortem,
886 4028 991 4085 praera·
1042 4015 1342 4085 probationemque
1357 4027 1412 4068 nort
1427 4009 1582 4078 conlundit,
1594 4021 1724 4082 oporatur
1740 4012 1824 4086 (ton,
1929 4054 1930 4123 q

202 4101 368 4161 riratoribus
382 4105 450 4177 ipsis
472 4104 661 4176 judicantibus
688 4119 732 4160 me
759 4103 872 4176 digitum
902 4114 992 4162 morte
1042 4123 1070 4174 t,
1086 4108 1125 4177 3).
1142 4105 1232 4163 rllitm
1243 4104 1372 4176 estquod
1387 4120 1435 4176 spe
1446 4104 1599 4176 gaudentes
1611 4114 1693 4161 erunt
1705 4105 1733 4162 in
1746 4106 1823 4164 tribu·
1929 4132 1930 4155 t

202 4207 252 4265 pro
262 4204 306 4263 eo,
318 4196 391 4266 qtrol
404 4195 478 4251 nolui
493 4211 589 4252 eorum
601 4194 870 4266 praevaricationibus
881 4196 992 4268 acquie-
1042 4200 1144 4258 latione
1164 4199 1309 4271 patientes,
1335 4205 1430 4268 utpote
1451 4198 1563 4254 salubre
1585 4198 1643 4269 spei
1655 4199 1821 4271 emplastrum

202 4300 289 4354 socae,
312 4302 382 4356 quas
409 4286 505 4343 ridens
517 4286 703 4352 tabescebam,
718 4287 784 4356 quia
802 4286 842 4343 cis
856 4286 992 4345 obsistere
1008 4303 1124 4365 nsuper
1151 4291 1253 4348 vulnus
1283 4289 1470 4346 tribulationis
1499 4298 1657 4361 coaptatum
1682 4290 1818 4348 servantes.

203 4377 402 4434 nontalebatn.
415 4376 493 4434 Unde
506 4378 608 4434 abillis
622 4385 752 4447 tanquam
768 4364 792 4434 si
806 4386 931 4435 mortuus
944 4395 990 4435 es·
1044 4386 1208 4455 Quicunque
1220 4383 1283 4439 talis
1295 4391 1347 4446 est,
1362 4380 1396 4437 ad
1415 4381 1505 4452 ipsurn
1520 4381 1640 4452 pertinet
1661 4382 1689 4439 in
1704 4396 1820 4455 persecu·

203 4484 272 4538 ⁸²¹⁰,
295 4490 304 4521 ¹
322 4471 473 4527 ssllfflllsss
487 4486 549 4527 ⁵¹¹¹ss
564 4485 627 4526 ⁰⁰¹ss
651 4469 880 4526 dtloessdessllbllt
907 4471 935 4526 in
952 4472 992 4527 la·
1044 4477 1165 4534 tionibus
1180 4475 1292 4547 gloriari
1306 4483 1334 4530 et
1347 4474 1457 4530 dicere:
1476 4473 1615 4545 Principes
1627 4476 1754 4546 perrecin·
1764 4489 1818 4533 rant

203 4577 277 4627 carm,
292 4572 320 4619 et
332 4562 421 4622 lactus
436 4580 497 4621 sum
510 4564 582 4621 sicut
596 4563 680 4620 bomo
697 4563 757 4619 sine
771 4563 909 4635 adjutorio
921 4565 992 4622 inter
1044 4584 1085 4624 nte
1098 4567 1193 4640 protis.
1210 4564 1342 4635 Princeps
1358 4562 1453 4619 mundi
1479 4572 1644 4635 persecutus
1667 4574 1709 4621 est
1728 4580 1819 4623 mere

203 4662 351 4709 mortuos»
368 4672 437 4727 pene
462 4667 599 4725 mortuus
614 4666 641 4713 et
661 4675 671 4709 t
690 4655 764 4712 sicut
775 4656 911 4713 vulnerati
926 4659 992 4714 dor·
1043 4677 1104 4716 rum
1127 4658 1212 4715 Dauid
1228 4660 1302 4713 relut
1316 4657 1385 4712 alter
1408 4653 1475 4711 Saul
1493 4656 1632 4728 projectus
1644 4672 1660 4712 a
1672 4655 1746 4722 lico:
1763 4659 1814 4721 ted,

205 4741 342 4799 mientcsr
360 4747 473 4817 proiecti
503 4749 530 4804 in
554 4745 751 4814 monumentis,
775 4765 784 4799 r
799 4762 916 4817 quorum
936 4763 991 4802 non
1044 4751 1206 4823 quiainme
1220 4749 1369 4805 nonhabet
1389 4746 1550 4819 quidquam,
1565 4747 1625 4804 sine
1639 4764 1722 4804 eausa
1733 4757 1815 4820 etpro-

206 4846 237 4888 ιι
255 4848 361 4889 ιιιιιιιοι·
385 4839 513 4909 amplius,
528 4848 556 4895 et
575 4840 627 4911 ipsi
653 4840 688 4896 de
717 4855 800 4895 manu
819 4848 865 4895 tua
890 4839 993 4910 repulsi
1045 4844 1079 4898 tir
1094 4858 1138 4899 nte
1156 4856 1288 4912 meosque
1298 4850 1460 4912 persecutus
1483 4848 1536 4895 est.
1552 4837 1619 4897 ltem
1634 4840 1760 4911 principer
1772 4840 1817 4895 lm·

207 4933 281 4982 suut.
295 4922 449 4985 Posucrutrt
462 4946 506 4986 mc
519 4931 547 4986 in
563 4932 624 4987 laert
644 4930 779 4999 interiori,
795 4930 822 4986 in
840 4931 994 4988 tenebrosis
1043 4938 1090 5007 jus
1110 4937 1203 4994 saeeuli
1216 4937 1295 4992 multi
1314 4936 1444 5006 persecuti
1455 4944 1518 4988 aunt
1528 4950 1569 4989 me
1585 4949 1669 4990 onam
1682 4932 1815 4991 Ecclesiam

206 5027 234 5073 ιι
251 5015 280 5074 in
306 5018 402 5076 umbra
424 5023 521 5079 mortis
548 5023 634 5092 (Prot.
651 5042 773 5091 tarsun,
800 5027 817 5081 5
839 5036 866 5082 et
882 5027 963 5099 seq).
981 5048 990 5080 r
1046 5028 1212 5096 sinecausa,
1225 5029 1309 5099 protis
1328 5042 1372 5082 me
1388 5026 1518 5095 odiendo,
1533 5042 1595 5082 eum
1607 5027 1759 5098 egocdocta
1775 5041 1816 5098 ptr

206 5108 285 5166 Unde
307 5113 386 5182 quasi
411 5113 444 5169 dc
466 5114 611 5185 profundis
632 5118 755 5174 clanrans
776 5119 839 5176 dieo
858 5120 968 5176 assidue
986 5139 992 5174 ι
1045 5116 1185 5172 Christum
1202 5125 1294 5186 parata
1312 5115 1425 5172 inissem
1440 5116 1555 5172 reddere
1572 5116 1676 5171 Casani
1689 5131 1747 5187 qua
1764 5115 1815 5171 Car·

208 5198 240 5254 ln
252 5203 434 5260 misericordia
458 5215 505 5261 tno
521 5207 624 5275 nidifico
640 5224 689 5262 are.
705 5207 831 5266 Sentiant
844 5228 888 5267 me
905 5212 995 5267 adbuc
1047 5208 1118 5264 saris
1130 5208 1283 5273 sunt,sieot
1294 5206 1349 5262 liro
1360 5206 1476 5278 quailiei
1491 5216 1556 5263 sunt
1570 5206 1682 5277 (dlottd.
1699 5204 1813 5277 tercii).

208 5294 310 5362 virore,
323 5297 371 5367 qui
388 5307 484 5370 putant
495 5299 569 5356 telttt
582 5300 698 5357 alterurn
711 5300 813 5374 loseplr
827 5304 904 5373 qnasi
920 5307 995 5359 abe·
1048 5299 1094 5356 Sic
1112 5315 1161 5370 per
1175 5300 1335 5369 Apostolum
1356 5300 1488 5355 instructa
1512 5297 1625 5353 reddidi·
1637 5300 1759 5355 omnibus
1775 5299 1816 5354 de·

209 5385 260 5440 stia
275 5386 436 5446 devoratum
458 5407 512 5448 non
528 5393 630 5461 virere,
648 5403 696 5450 ant
715 5396 789 5450 velut
807 5396 922 5451 alterurn
945 5395 994 5452 lo·
1047 5392 1113 5458 bita,
1132 5411 1142 5443 r
1161 5392 1203 5447 uui
1221 5391 1364 5453 tributum,
1377 5390 1527 5457 tributum3
1545 5390 1591 5446 eui
1606 5392 1730 5461 vectigal,
1744 5390 1813 5447 vectid

211 5491 273 5531 nam
290 5478 316 5533 in
332 5490 426 5538 tenire
439 5484 490 5540 ceti
502 5485 662 5555 absorptum
680 5502 734 5542 non
748 5501 829 5549 posse
844 5486 876 5541 td
892 5486 945 5542 hoc
956 5502 996 5542 re·
1048 5486 1108 5557 pah
1127 5485 1171 5540 cui
1191 5489 1334 5548 bonorem,
1356 5485 1488 5538 honorem
1508 5481 1595 5553 (llorn.
1622 5482 1694 5553 xrn),
1711 5500 1719 5535 r
1735 5492 1757 5538 ct
1778 5491 1812 5538 tt-

211 5569 312 5636 l⁰⁰⁹lir
327 5583 355 5625 m
368 5589 415 5643 per
437 5593 481 5633 me
505 5588 635 5650 arqtratnr
649 5578 745 5633 ciuitas
756 5579 783 5632 in
799 5572 908 5644 Sinite,
921 5579 995 5636 ride·
1049 5594 1111 5634 men
1124 5578 1175 5649 ipsi
1186 5578 1408 5649 principes,quos
1425 5575 1515 5632 taliter
1532 5576 1676 5643 honorati,
1703 5573 1813 5643 pnrnrttl
