3892 6067
93 182 173 238 925
406 175 684 236 conmeantum
702 176 738 234 ttt
754 177 926 236 Psabttos
944 177 1070 237 -eatts
1087 179 1124 238 X.
1141 209 1178 220 -
1195 176 1294 237 PSXL.
1311 179 1456 239 cxxxix.
1704 181 1760 243 ”d

95 292 191 350 tales
201 285 349 347 homicidae
368 291 502 360 accipiant
523 291 552 345 ia
575 289 694 345 raritate
713 290 833 346 civitates
854 305 917 345 snas
931 291 955 350 Δ
969 289 1053 361 buius
1068 288 1219 361 quidquam
1229 292 1398 362 reprobum
1414 292 1462 349 aad
1475 291 1540 365 quia
1551 291 1670 350 ministri
1691 297 1757 367 mei,

97 383 251 441 faciamte
267 391 357 439 sectas
376 383 536 452 perditionis
549 397 636 438 ranas
652 390 681 439 et
696 381 795 450 maias,
811 382 840 439 in
857 397 917 439 tuo·
967 381 1169 452 quantumlibet
1181 382 1237 440 sint
1246 384 1366 455 probati,
1377 398 1433 441 non
1442 393 1537 441 carent
1547 386 1758 459 maculaquan·

98 476 187 532 dum
205 473 326 532 civitatis
347 471 468 528 munitas
488 472 681 540 magistrorum
698 471 740 529 rei
758 472 839 527 etiam
853 487 918 527 san·
967 471 1016 529 diu
1032 473 1243 545 peregrinantur
1263 475 1420 547 incorpore
1435 475 1520 547 (unde
1536 475 1588 547 ipsi
1606 478 1759 547 piscatores

101 576 232 621 ctorem
243 561 356 618 Patrum
370 560 512 616 sententiis
523 559 639 616 detortis
655 558 689 616 ad
702 575 783 617 suum
797 559 916 627 libitum,
966 578 1079 620 necesse
1090 564 1200 634 babent,
1217 574 1247 620 ut
1260 565 1351 622 latent
1371 569 1439 623 retia
1465 567 1615 623 inturbida
1629 570 1698 625 mari
1708 585 1758 642 pro

102 668 146 714 ut
165 656 316 712 videantur
330 652 431 708 babere
445 652 531 707 muita
544 651 746 722 propugnacula
761 650 788 706 in
805 651 863 707 suis
875 649 917 706 ci-
966 648 1089 719 piscibus
1103 649 1242 721 capiendis
1256 650 1365 718 tractat,
1386 652 1413 707 iu
1439 652 1493 709 dne
1520 669 1578 710 suae
1597 653 1758 724 piscationis

102 747 265 813 vitatibus,
277 757 366 815 neque
380 742 490 798 valeant
500 740 650 811 expugnari
670 739 915 811 disputationibus,
967 740 1060 796 dicant
1070 756 1176 809 omues,
1200 741 1294 798 dicant
1312 742 1423 814 singuli,
1436 744 1524 801 dicam
1535 752 1561 802 et
1575 759 1625 815 ego
1640 743 1758 801 Psalmi·

105 840 246 897 maxime
256 845 349 893 tuente
361 835 423 891 ilios
432 832 585 904 principatu
601 832 736 901 saecuian,
754 841 786 889 ut
799 832 917 890 Arianos
967 840 1009 889 sta
1024 831 1133 888 :Proba
1145 848 1196 902 are,
1207 832 1289 901 Dens,
1304 842 1329 889 et
1346 836 1415 889 scito
1425 851 1472 890 cor
1484 852 1569 890 omnm
1584 835 1689 891 iaciens
1713 852 1758 891 nre

108 931 274 988 tuebantur
295 926 374 983 muiti
398 932 522 997 potentes
540 942 548 979 :
566 921 643 990 Esto,
671 926 795 995 inquam,
822 932 854 981 ut
876 924 918 981 sic
967 921 1039 980 scire
1057 940 1104 978 cor
1118 939 1214 993 meant,
1243 925 1317 994 quod
1338 939 1389 994 ego
1405 923 1503 981 Petrus
1524 924 1645 996 piscator
1668 924 1760 981 adbuc

108 1019 257 1090 accipiant
281 1018 310 1072 ia
331 1015 448 1072 sanitate
460 1014 579 1070 civitates
603 1029 677 1081 snas,
705 1012 830 1084 nunquid
853 1029 918 1096 pig·
967 1012 1081 1079 nesciri,
1103 1014 1213 1084 quando
1227 1013 1297 1070 ultra
1316 1029 1393 1071 meos
1407 1015 1610 1087 condiscipulos
1624 1032 1759 1087 prasum-

107 1113 217 1177 pterea
228 1116 279 1174 ego
289 1099 385 1166 David,
396 1114 448 1170 ego
462 1096 663 1154 emiesiasticus
676 1097 719 1153 nir
733 1098 856 1155 desinam
872 1107 916 1154 ta·
967 1102 1021 1175 psi,
1033 1114 1103 1160 etet
1114 1102 1159 1159 ilia
1178 1105 1390 1176 presumptione
1406 1105 1434 1161 in
1448 1107 1555 1177 cuipam
1571 1105 1658 1164 decidi
1675 1122 1760 1179 nega·

111 1198 161 1253 ies
175 1197 349 1267 impugnare,
360 1192 424 1249 lieet
438 1205 492 1246 non
506 1190 613 1247 ualeam
629 1205 785 1262 expugnare
796 1192 809 1247 i
821 1190 917 1247 Nonne
968 1195 1051 1252 donis
1065 1198 1153 1253 trinae.
1169 1196 1222 1254 Sed
1238 1206 1268 1254 tn
1282 1206 1378 1269 postea
1401 1198 1574 1269 interrogasti
1597 1216 1640 1256 mc
1665 1201 1760 1257 diceus

112 1288 178 1344 iilis
189 1286 348 1344 odientibus
360 1292 398 1351 te,
413 1281 538 1349 bomine,
550 1281 754 1352 reperidendurn
767 1284 914 1339 estodium
968 1291 1035 1346 ιιιιιιι
1047 1289 1127 1346 tertio
1145 1307 1153 1345 a
1173 1290 1279 1346 ramas
1295 1290 1383 1345 meir
1405 1300 1487 1362 atque
1504 1307 1549 1349 mc
1560 1292 1759 1362 respondente:

113 1381 230 1437 bonttm
246 1392 297 1450 pro
310 1376 391 1442 maio,
405 1375 442 1431 ita
463 1382 493 1430 ut
507 1373 571 1429 odio
584 1373 738 1428 habeantur
751 1390 805 1429 rum
824 1374 917 1430 bomi-
971 1381 1111 1448 abertate,
1127 1400 1137 1433 r
1160 1390 1188 1436 tu
1202 1381 1356 1453 cognovisti
1369 1382 1478 1436 semitas
1500 1398 1582 1449 rrrear,
1597 1392 1624 1438 et
1638 1383 1710 1451 ilias,
1731 1383 1759 1438 in

118 1489 176 1531 nes
190 1472 239 1530 scd
254 1485 362 1527 errores
375 1468 491 1524 eorum?
515 1464 573 1523 ttoo
586 1467 677 1523 sciens
692 1467 801 1521 marn
811 1480 859 1522 eos
871 1467 917 1537 pri
967 1470 1068 1541 quibus
1092 1485 1136 1526 mc
1159 1471 1272 1542 cingens
1285 1469 1487 1526 ambulaveram
1514 1471 1558 1525 ubi
1574 1471 1710 1538 uolebam,
1732 1482 1760 1527 et

117 1566 239 1620 oderarrt
259 1572 293 1628 te,
317 1560 438 1626 banaiae,
461 1573 531 1631 quos
552 1573 616 1615 curn
632 1571 687 1613 non
704 1558 854 1627 potuissem
873 1559 916 1614 rei
969 1561 1040 1631 illas,
1052 1561 1085 1617 ad
1106 1577 1176 1633 quas
1188 1569 1216 1616 tu
1232 1576 1276 1618 me
1289 1560 1426 1632 dirigebas
1440 1561 1535 1617 diceus
1546 1562 1613 1617 mibi
1626 1581 1633 1616 ε
1648 1580 1658 1615 ι
1674 1560 1760 1618 Pasce

116 1668 283 1727 expugnare
302 1651 343 1708 rel
357 1651 452 1708 saitern
471 1648 641 1720 perturbare,
667 1646 725 1702 zelo
747 1646 846 1703 domus
862 1654 917 1702 tuae
932 1622 953 1677 Β
968 1667 1055 1726 agnos
1080 1667 1158 1709 meos
1185 1650 1277 1723 (ioan.
1292 1668 1351 1719 aar,
1371 1652 1406 1708 ιι
1419 1662 1445 1708 et
1457 1653 1583 1724 seembs
1606 1653 1679 1709 Petri
1695 1670 1760 1727 ergo

116 1746 267 1812 ardebam,
288 1751 315 1799 ct
966 1742 1092 1814 exemplo
1103 1758 1154 1816 ego
1162 1742 1259 1811 Dauid,
1274 1758 1324 1815 ego
1337 1743 1458 1814 psallens
1469 1744 1497 1800 iu
1511 1745 1564 1802 boc
1574 1747 1679 1813 psalmo
1697 1747 1760 1802 dico

157 1834 244 1891 Vens.
255 1833 301 1888 ιι.
320 1830 443 1902 Perfecto
453 1832 514 1887 odio
527 1830 635 1886 ederam
646 1829 842 1885 iiiesinimicos
854 1837 917 1885 tuos
968 1834 1028 1902 tibi,
1041 1832 1114 1891 Deus
1129 1848 1207 1890 meus
1218 1853 1226 1890 ι
1239 1832 1329 1889 Prota
1341 1849 1391 1899 me,
1403 1834 1485 1902 Dens,
1498 1845 1522 1889 et
1534 1836 1600 1890 scito
1609 1853 1758 1901 cormeum,

119 1923 293 1997 usqueadeo
304 1931 335 1979 iti
349 1922 445 1977 flerem
456 1936 566 1993 qunque
576 1918 680 1974 inimici
690 1918 743 1974 mei
753 1936 759 1973 ²
769 1918 916 1987 inflandum
966 1928 1102 1998 iuterropa
1111 1942 1162 1994 nte,
1175 1937 1200 1984 et
1220 1941 1345 1997 cognosce
1356 1924 1465 1980 semitas
1478 1941 1550 1979 meas
1564 1925 1715 1996 praeteritas
1733 1934 1761 1981 et

117 2015 332 2090 loquebariiiis,
343 2014 541 2087 impugnabant
554 2026 598 2067 ¹¹¹0
612 2010 708 2084 timis,
721 2017 747 2065 θ’
757 2009 862 2065 inimici
876 2008 891 2080 i
906 2040 918 2052 ·
968 2018 1086 2086 suturas,
1101 2016 1217 2074 delendo
1236 2016 1387 2089 praeteritas
1400 2016 1524 2073 maculas
1535 2017 1563 2072 in
1579 2016 1686 2074 semitis
1696 2032 1763 2073 con-

119 2110 161 2165 ati
176 2116 240 2165 snat
252 2107 329 2162 mitti.
967 2119 1081 2181 tractas,
1096 2108 1171 2182 quia,
1186 2108 1240 2165 nisi
1259 2117 1289 2165 tu
1311 2109 1411 2166 lateris
1435 2106 1502 2165 mibi
1522 2107 1617 2179 pedes,
1640 2122 1695 2163 non
1710 2107 1761 2162 ba·

159 2199 250 2272 Super
274 2200 348 2255 bunc
377 2197 469 2253 iocum
497 2194 564 2252 dicit
591 2193 689 2251 beatus
716 2204 786 2265 papa
816 2192 917 2264 (ἑνικο-
966 2198 1039 2256 bebo
1059 2210 1163 2272 partem
1189 2209 1291 2257 tecum
1316 2198 1403 2256 Porro
1417 2197 1444 2254 in
1464 2196 1587 2254 futurum
1606 2212 1641 2254 ne
1660 2195 1760 2254 amodo

119 2295 182 2349 rius
197 2292 274 2364 (iiia
292 2290 417 2344 inimicat
428 2287 477 2342 Dei
489 2287 601 2358 perfecte
623 2285 720 2350 aditae,
744 2294 783 2339 est
803 2291 828 2339 et
847 2283 917 2355 qnod
967 2289 1049 2362 pedes
1064 2290 1217 2364 inquinem,
1231 2299 1260 2346 tu
1275 2290 1363 2348 deduc
1377 2305 1422 2346 mc
1437 2291 1465 2346 iu
1482 2290 1526 2346 ria
1540 2299 1653 2359 aterna,
1666 2290 1693 2345 in
1704 2304 1761 2361 qua

121 2386 191 2456 {acti
204 2393 264 2440 rant
280 2382 399 2453 diligere,
413 2388 439 2436 ct
452 2379 522 2451 pand
536 2380 649 2450 patiam,
663 2378 811 2448 increpare,
829 2390 915 2430 morer
968 2382 1042 2438 uuila
1057 2389 1100 2440 est
1112 2381 1231 2438 maculo,
1244 2380 1297 2438 sed
1309 2380 1387 2452 prius

120 2494 263 2550 praeeram
284 2490 420 2547 premere,
444 2474 506 2528 vite
525 2472 656 2543 prodesse.
684 2468 857 2525 Pentandttm
878 2477 916 2521 est
1006 2470 1089 2530 Vens.
1108 2472 1156 2529 ιι.
1180 2472 1247 2528 Vide
1261 2471 1366 2529 iaciens
1377 2480 1404 2527 et
1415 2472 1550 2543 meipsum
1566 2472 1668 2540 uidere,
1683 2474 1762 2529 ιιιιο

120 2572 231 2636 etenim,
252 2566 359 2640 quando
383 2564 416 2620 ab
437 2563 615 2636 increpatione
636 2561 791 2633 quiescitur,
816 2569 917 2631 pratia
967 2565 1120 2638 iniqnitatis
1138 2565 1166 2620 in
1187 2573 1289 2632 metat,
1303 2575 1333 2621 ut
1345 2563 1488 2635 iniquitate
1508 2565 1560 2620 bac
1573 2564 1674 2620 abolita
1690 2565 1762 2622 inter

121 2661 203 2730 cntra
219 2669 268 2723 est.
287 2658 312 2713 a·
324 2674 384 2711 cam
396 2656 517 2727 pessimis
532 2668 586 2725 pac
609 2660 722 2715 tenerer,
745 2651 769 2705 st
791 2649 918 2721 proptera
968 2671 1017 2712 eos
1032 2655 1067 2712 do
1081 2664 1179 2711 cancro
1192 2654 1387 2722 ambulamos
1400 2654 1502 2725 quibus
1523 2653 1644 2711 dicitur:
1660 2673 1670 2706 ι
1685 2653 1761 2710 Beati

124 2759 217 2806 tantas
243 2748 291 2803 boc
315 2747 384 2802 ceint
403 2746 429 2800 in
450 2745 564 2800 bostiam
580 2741 755 2808 Denabtniit,
770 2740 840 2811 qnod
855 2755 918 2793 con·
969 2746 1137 2802 immaculati
1157 2745 1186 2800 in
1214 2745 1269 2813 via,
1297 2745 1344 2816 qni
1369 2744 1512 2801 anibulant
1533 2745 1632 2816 inlega
1651 2743 1761 2801 bomini

124 2855 170 2899 tra
195 2857 224 2896 aa
245 2856 292 2911 pro
324 2837 437 2893 iiornino
465 2850 607 2907 praeeram
633 2831 789 2887 inimicitias
817 2832 919 2886 excito·
970 2835 1058 2902 (Psoi,
1073 2852 1169 2903 ctuttt,
1191 2837 1255 2908 t),»
1282 2835 1352 2903 Quia
1375 2848 1441 2891 tere
1464 2838 1498 2890 aa
1520 2835 1575 2891 boc
1596 2835 1663 2890 mibi
1688 2835 1761 2892 vires

124 2934 172 2988 rit.
930 2948 953 3008 c
969 2946 1024 2985 non
1040 2927 1188 2997 sufficiunt,
1205 2942 1222 2984 o
1238 2926 1321 2994 Deus,
1337 2935 1366 2982 ιιι
1380 2927 1450 2981 riam
1468 2926 1619 2997 insignitatis
1639 2941 1760 2980 amoueo

161 3021 229 3090 0⁰1²
247 3036 312 3077 teto
332 3016 573 3091 internatusmout
595 3015 656 3072 lites
675 3025 704 3071 et
724 3014 915 3070 contentiones
968 3039 1009 3077 me
1017 3018 1426 3093 (teia,tagstbancrideristn
1434 3032 1489 3088 me,
1498 3016 1541 3071 cui
1557 3016 1619 3072 dico
1629 3014 1760 3071 assiduat

125 3114 204 3188 qtrasi
219 3112 282 3169 maii
300 3120 394 3169 eotttra
407 3112 506 3178 bonos,
517 3118 544 3166 et
558 3107 623 3164 boni
633 3115 727 3164 cotttra
741 3106 827 3162 maios
836 3120 915 3161 excr—
973 3112 1048 3179 Vide,
1064 3112 1087 3167 si
1099 3111 1141 3166 uia
1163 3110 1313 3182 iniqnitatis
1331 3110 1359 3163 in
1374 3125 1415 3163 me
1433 3117 1515 3175 ert,et
1524 3106 1608 3162 tedae
1621 3121 1663 3160 me
1675 3106 1703 3160 in
1717 3105 1761 3158 tia

126 3214 198 3273 cent,
209 3204 289 3261 tacite
304 3203 455 3274 subrepunt
465 3200 579 3256 maculae
589 3199 647 3255 sire
664 3197 692 3254 in
711 3196 794 3254 aerbo
812 3198 870 3253 sire
886 3196 913 3251 in
967 3215 1078 3269 eterna,
1091 3218 1144 3275 quo
1167 3200 1308 3271 parvenire
1320 3198 1353 3255 nd
1367 3199 1484 3270 patriam
1508 3196 1640 3254 claritatis
1653 3203 1762 3252 aterne

127 3297 302 3369 cogitatione,
321 3303 348 3351 iu
368 3292 451 3357 Deus·
967 3297 1072 3355 valeam
1089 3307 1115 3351 ta
1128 3292 1253 3350 trahente
1267 3307 1299 3349 ae
1312 3291 1472 3359 deducente,
1488 3288 1536 3361 qui
1546 3304 1576 3346 cs
1586 3288 1640 3357 ria,
1652 3297 1680 3344 et
1689 3287 1762 3343 vert·

163 3387 245 3444 Vens.
259 3387 305 3442 ιδ.
324 3383 415 3439 Proba
427 3399 479 3449 me,
494 3383 539 3438 cui
552 3396 692 3438 omneeor
712 3390 797 3452 patet,
809 3388 836 3436 et
852 3395 914 3436 om·
967 3399 1009 3447 aas
1028 3399 1055 3446 eg
1071 3391 1138 3446 viga,

129 3480 172 3537 nis
184 3480 310 3536 noluntas
329 3476 461 3548 loquitur,
476 3486 505 3534 et
518 3490 600 3546 quern
615 3474 720 3529 nullum
738 3472 805 3528 latet
823 3486 915 3528 tecte·
1003 3480 1096 3537 Gloria
1118 3479 1199 3535 Patri
1222 3476 1348 3547 domino,
1367 3476 1412 3534 cui
1428 3475 1515 3531 Filius
1542 3472 1608 3530 dicit
1631 3472 1658 3527 in
1686 3468 1766 3542 prin·

128 3581 197 3638 ¹⁰⁰¹.
214 3567 457 3627 ὒΰὶἆίθθθὸθῑῦῑῑθ
473 3583 481 3623 2
499 3565 589 3621 Pwiss
608 3581 658 3631 ’Μ’
680 3563 762 3629 Μ’,
786 3561 917 3633 imbibi·
966 3572 1039 3644 cipio
1065 3571 1163 3644 psalmi
1186 3589 1193 3626 t
1214 3570 1344 3638 Domine,
1366 3568 1485 3641 probasti
1511 3582 1552 3621 me
1569 3574 1594 3621 et
1619 3563 1751 3637 cognouiat

129 3661 307 3730 lentaeue,
323 3658 465 3727 aenean
483 3666 510 3714 a
527 3658 554 3712 in
567 3655 703 3728 trinario
718 3653 802 3725 brius
815 3654 915 3724 parmi
968 3664 1119 3721 arentem
1134 3662 1185 3735 aps
1203 3660 1459 3718 bertanscotam.
1472 3657 1564 3714 ittarta
1577 3655 1765 3727 spiritatem-

129 3754 185 3813 dixi
208 3774 215 3810 τ
239 3753 361 3819 Domine.
383 3751 502 3823 imiimi
527 3765 584 3815 Μ,
606 3756 690 3818 ”41⁰⁰
712 3760 786 3801 ¹¹¹¹ssss
810 3744 838 3799 ¹¹¹
863 3744 917 3801 fine
968 3767 1011 3812 cto
1028 3756 1141 3827 replenti
1169 3754 1262 3811 orbem
1275 3767 1422 3819 terrarum,
1445 3752 1546 3821 dequo
1562 3747 1765 3805 diciturinboc

128 3849 225 3922 pssimi
235 3847 317 3904 dieo:
332 3845 421 3902 Proba
433 3861 483 3900 me.
504 3842 630 3899 Preiaatr’
641 3857 682 3895 me
695 3840 724 3895 in
736 3854 781 3897 me
793 3838 915 3907 Christo,
968 3847 1074 3921 psalmo
1090 3865 1096 3901 :
1109 3845 1167 3913 Qua
1182 3844 1252 3901 idea
1267 3842 1371 3918 Spirittt
1384 3851 1440 3899 tm.

131 3942 158 3997 ιιι
176 3955 219 3996 me
232 3938 330 4011 eapite,
349 3938 377 3994 io
395 3951 451 4010 quo
466 3951 522 3993 non
538 3935 644 3992 inuenit
669 3932 797 4005 princeps
821 3931 917 3990 mundi

164 4094 219 4168 (ii)
238 4092 305 4165 iicg.
325 4092 405 4150 Curae
414 4092 489 4149 Part.
501 4101 573 4164 part.
587 4105 629 4159 ιιι,
641 4103 667 4146 c.
680 4086 725 4144 32.

658 4470 922 4566 Pstttttts
955 4468 1216 4562 CXXXIX.

169 4845 247 4916 Eripe
269 4857 321 4911 me,
349 4840 471 4908 domine,
497 4840 530 4894 ab
556 4837 661 4895 bomine
683 4836 765 4905 mato,
789 4844 844 4893 etc.
869 4833 918 4891 'ri-
934 4839 956 4895 b
970 4843 1002 4891 ut
1014 4848 1063 4895 cos
1076 4833 1175 4905 eripiat
1187 4848 1203 4889 a
1214 4829 1349 4903 pravitate
1360 4836 1387 4884 et
1400 4824 1523 4899 pertidia,
1535 4823 1638 4905 imonsb
1650 4823 1765 4881 incursu

135 4938 202 4993 tarius
220 4955 229 4991 a
971 4926 1154 4998 malignomm
1170 4922 1328 4996 spirituum,
1351 4919 1398 4992 qui
1413 4919 1487 4977 circa
1501 4917 1585 4973 dnenr
1601 4916 1664 4972 vitae
1682 4913 1767 4984 nujus

238 5024 322 5082 tras.
345 5043 371 5079 a.
400 5040 428 5079 ra
451 5039 532 5079 riusa
549 5038 667 5079 asinum
690 5036 782 5076 aaran.
971 5017 1133 5074 insidiantes
1146 5015 1255 5087 linguas
1279 5028 1346 5071 snas
1360 5017 1498 5068 exacuunt
1513 5009 1548 5064 ad
1564 5006 1764 5071 accusandum,

167 5115 252 5172 Patet.
280 5115 331 5171 Est
349 5123 441 5170 auteur
463 5113 508 5169 bic
522 5113 641 5183 parimas
655 5110 764 5166 initium
783 5107 920 5181 periocha
971 5109 1005 5165 ad
1020 5107 1249 5165 convincendum.
1269 5103 1338 5162 Nam
1356 5104 1422 5176 quia
1435 5101 1532 5158 ultima
1546 5107 1589 5155 est
1601 5099 1659 5153 iraea
1673 5095 1766 5168 perio·

137 5208 243 5273 uitimae,
266 5207 294 5264 in
316 5221 372 5279 quo
395 5206 498 5278 pariter
519 5213 599 5261 orant
614 5212 643 5260 et
668 5202 833 5259 condtentur
860 5218 920 5259 oru-
971 5201 1037 5258 cbes
1055 5196 1208 5272 [itudod.],
1225 5204 1298 5255 recte
1311 5196 1376 5253 binc
1389 5195 1422 5252 ad
1446 5195 1524 5265 finem
1555 5197 1681 5245 nostrum
1703 5201 1765 5258 spe-

137 5314 183 5356 nes
200 5298 267 5369 iusti
290 5308 373 5370 atque
401 5295 515 5369 portem
544 5311 599 5351 uua
632 5308 701 5351 noce
724 5302 855 5364 nuquam
884 5308 917 5349 er
971 5299 1090 5356 ciamus,
1103 5290 1214 5362 quando
1228 5288 1304 5346 venit
1313 5288 1441 5359 princeps
1455 5279 1551 5338 mundi
1565 5289 1593 5334 et
1606 5279 1634 5334 in
1647 5276 1767 5351 singulis

138 5407 332 5462 unacorpore:
360 5390 441 5462 Eripe
458 5383 920 5456 me,1iamine,aiirominemato,
970 5393 1095 5442 nostrum
1115 5380 1218 5454 aliquid
1237 5394 1317 5436 suum
1340 5372 1464 5448 monitis
1490 5370 1562 5426 Dicit
1571 5382 1654 5463 'ergo
1686 5367 1765 5439 quis-

138 5483 318 5556 criminique
331 5483 402 5554 eripe
412 5497 463 5537 me.
478 5480 542 5538 iiaee
556 5487 585 5537 et
596 5488 694 5536 caetera
708 5476 825 5534 dicendo
837 5483 919 5531 orant
970 5493 1025 5550 que
1038 5475 1175 5534 sollicitus
1190 5474 1264 5531 iliius
1286 5469 1353 5539 dici,
1370 5464 1504 5540 providus
1519 5460 1594 5518 iliius
1617 5460 1692 5517 borae
1712 5460 1766 5516 in.-

139 5575 288 5647 iiominum,
304 5584 335 5633 ut
344 5574 480 5633 custodiat
493 5574 520 5631 in
540 5572 581 5630 eia
593 5571 655 5630 tidei
675 5569 881 5643 perfectionem,
892 5576 920 5626 et
970 5566 1101 5626 minentis
1120 5607 1126 5621 .
1145 5564 1258 5624 dnstodi
1277 5578 1317 5618 mc
1329 5560 1361 5618 dc
1377 5552 1621 5628 marrnpercaturia.
1637 5551 1676 5611 dc
1687 5551 1766 5610 dein·
