3892 6067
256 116 331 173 {367
603 150 609 161 ·
726 114 878 171 GEllllOlll
897 114 1093 173 rnffieosm
1110 113 1385 173 emonensem.
1794 122 1841 181 latr

253 238 302 284 tur
318 234 540 291 sacramentum,
556 224 610 279 nisi
626 233 760 294 quantum
776 226 811 282 ad
832 230 950 299 speciem
966 246 1048 301 quam
1063 241 1088 292 ιι
1102 231 1300 289 interueniente
1316 227 1471 300 ignorantia
1483 237 1623 296 excusata,
1637 227 1704 286 sicut
1716 229 1747 286 ab
1758 231 1842 291 ιιιιιι

254 318 383 377 sensibus
396 317 513 389 ingerit:
529 330 591 387 quae
603 316 710 387 species
722 332 777 373 nou
792 318 942 391 incongrue
957 337 1049 378 sacra-
1102 320 1144 376 siu
1170 335 1239 391 papa
1264 327 1330 376 suut
1353 327 1483 375 excusata
1503 317 1681 373 ordinationis
1702 328 1728 374 et
1748 319 1842 390 baptimi

253 416 378 463 mentum
390 405 444 461 dici
464 404 582 475 poterit,
597 413 694 476 utpote
708 407 817 480 signum
828 410 911 467 unius
925 412 1050 482 corporis
1101 417 1272 466 sacramenta
1285 425 1333 481 per
1345 407 1476 465 Acacium
1495 408 1654 464 damnatum
1668 408 1800 476 celebrata,
1810 428 1841 468 cr·

254 500 328 571 quod
353 506 397 555 cst
418 497 558 563 Ecclesia,
586 496 621 554 de
644 499 739 557 multis
763 502 889 572 personis
911 504 992 574 quasi
1016 505 1050 559 de
1098 498 1145 570 ins
1165 499 1238 555 dicta
1262 500 1372 572 quidam
1387 499 1553 570 negligenter
1566 498 1684 570 legentes
1702 509 1841 570 putantem

253 588 347 646 multis
368 588 461 662 gratiis
480 589 509 645 in
528 605 613 645 unum
628 600 781 662 compacta,
799 601 826 649 et
843 610 929 649 uuum
940 596 1049 666 :corpus
1100 590 1203 647 sentire
1215 600 1312 648 contra
1336 592 1494 663 premissas
1508 590 1695 658 auctoritates,
1708 591 1750 646 sed
1760 595 1841 648 nonin

251 679 328 735 reiut
352 694 425 734 unus
443 678 525 750 panis
539 679 648 736 edecta.
658 679 734 738 Hauc
747 683 877 739 uuiouern
892 699 948 740 uon
963 685 1049 757 signi·
1099 682 1201 753 legenti
1214 683 1328 753 patebit,
1344 684 1368 739 si
1380 691 1617 740 sacramentorum
1639 681 1798 739 differentiam
1815 697 1842 740 at-

252 772 318 829 tleat
338 772 420 829 nohis
439 773 565 844 corporis
577 772 681 829 Christi
696 774 861 845 existentia,
886 786 981 848 utpote
1007 778 1050 833 ui·
1098 774 1210 830 tendere
1229 775 1358 838 volucrit,
1377 790 1475 832 eoruru
1492 775 1670 845 scilicetquae
1687 775 1769 846 aliquo
1786 778 1843 833 uolo

252 864 340 921 mium
369 879 385 921 a
411 866 539 923 sensibus
565 866 670 924 nostris
690 877 817 937 remota,
842 871 889 926 sed
914 872 1049 942 ipsaque
1098 867 1288 938 etaiiquando
1309 876 1438 939 poterant
1458 868 1604 937 excusari,
1628 869 1844 940 per-renialeusen

251 956 362 1013 ridetur
376 965 403 1014 et
416 958 536 1014 sentitur
549 959 656 1029 species
670 967 697 1014 et
711 957 811 1015 iorrna.
833 960 901 1015 Cam
912 962 986 1018 cuim
1004 976 1049 1018 sa-
1099 958 1291 1015 invincibilem
1315 959 1497 1031 ignorantiam
1518 959 1615 1016 cadem
1642 968 1791 1021 stemmatii
1801 976 1844 1031 per·

252 1056 426 1104 cramentnm
450 1049 487 1105 sit
502 1048 612 1104 risibile
634 1048 743 1120 signum
770 1050 916 1107 inuisibilis
943 1052 1047 1123 parire,
1099 1050 1270 1122 alpientium,
1296 1060 1325 1106 et
1352 1051 1438 1107 solam
1462 1050 1510 1107 bei
1533 1052 1651 1124 gratiana
1664 1051 1691 1107 in
1704 1053 1846 1108 sacramentis

252 1158 356 1214 carpus
375 1140 479 1197 Christi
501 1149 638 1196 secretam
653 1149 679 1197 et
692 1150 789 1197 nostro
808 1142 879 1198 visui
902 1142 1049 1199 aliseondi·
1098 1141 1293 1213 quaerentium,
1319 1150 1460 1197 eteorum
1482 1149 1715 1198 sacramentorum
1730 1143 1844 1212 quacirca

252 1241 311 1290 tum
326 1246 382 1289 non
400 1232 490 1287 audeo
505 1241 711 1289 sacramentum
725 1233 882 1304 appellare,
907 1234 971 1306 quia
992 1250 1048 1290 non
1100 1246 1146 1289 res
1167 1232 1334 1289 inanimatas
1364 1232 1432 1289 ioris
1454 1232 1578 1288 exhibita
1597 1242 1731 1303 nunquam
1750 1231 1846 1304 leguntur

253 1324 390 1398 significat
406 1338 463 1379 reru
482 1337 608 1392 sacram,
622 1324 670 1380 sed
685 1333 728 1380 est
744 1340 789 1381 res
803 1341 893 1393 saera,
909 1326 962 1382 nisi
979 1326 1048 1383 lortc
1099 1321 1174 1379 intus
1201 1323 1365 1381 confirmata
1389 1322 1433 1378 rel
1460 1330 1592 1379 excusata
1606 1339 1614 1389 ;
1647 1320 1692 1378 sed
1716 1320 1846 1376 omniuobs

252 1416 289 1472 ab
310 1414 407 1471 edecta
423 1414 534 1470 dicatur
546 1427 767 1483 sacramentum,
781 1416 846 1487 quia
868 1417 949 1487 dique
964 1418 1048 1488 parti·
1098 1416 1201 1487 ubique
1213 1425 1278 1472 sunt
1291 1415 1444 1485 exsufflata.
1457 1413 1537 1470 Unde
1549 1412 1702 1469 Alexander
1713 1428 1773 1484 papa
1784 1412 1845 1468 dicit:

252 1507 390 1577 cipantem
418 1515 526 1574 sacrat,
547 1507 620 1563 sicut
647 1518 840 1563 ornamentum
864 1508 929 1578 quia
955 1518 1045 1564 ornat.
1101 1507 1256 1564 «Ecclesia
1270 1522 1333 1579 quae
1345 1522 1393 1577 per
1405 1506 1560 1578 pactionem
1584 1505 1663 1577 pretii
1683 1504 1845 1560 clarueritene

253 1596 425 1653 Sententiam
436 1598 619 1668 quorumdam
635 1600 831 1671 magistrorum
851 1599 1047 1656 adlrmantiour
1062 1580 1084 1635 Β
1099 1608 1271 1664 consecrata,
1285 1607 1314 1653 et
1332 1606 1362 1653 ut
1381 1597 1474 1653 verius
1495 1596 1605 1653 dicatur
1618 1605 1764 1660 exsecrata,
1783 1593 1844 1648 urbo

252 1687 327 1759 quod
350 1697 473 1743 carueet
490 1688 624 1759 sanquine
643 1687 746 1744 Christi
776 1698 893 1759 utroque
918 1687 1047 1743 invisibili
1098 1689 1181 1747 ruodo
1199 1704 1254 1760 pro
1270 1689 1386 1746 ecclesia
1410 1689 1557 1746 habeatur.
1575 1708 1585 1742 ι
1604 1686 1682 1756 Quod
1706 1686 1736 1743 de
1755 1685 1843 1743 ιιιιιιιι

251 1777 416 1849 intelligibili
442 1776 614 1848 significetur
638 1792 742 1848 corpus
767 1777 873 1834 Christi
892 1778 999 1834 risibile
1020 1786 1048 1834 et
1098 1780 1210 1848 dicitur,
1223 1779 1257 1837 de
1268 1780 1398 1836 omnibns
1408 1779 1491 1837 rebus
1503 1779 1719 1835 inanimatisnou
1731 1777 1844 1849 beonprt

250 1865 408 1936 palpabile,
425 1880 510 1935 cogor
526 1864 668 1933 admirari,
696 1881 758 1921 cum
784 1868 876 1936 potins
899 1867 1047 1925 invisibilia
1098 1874 1277 1945 dicipotcrit,
1294 1874 1503 1948 qniaridclicet
1520 1873 1797 1946 neqrterinumueque
1811 1887 1842 1943 pt·

249 1957 448 2028 pervisibilia,
458 1974 545 2030 quana
556 1957 672 2014 risibilia
695 1974 744 2029 per
768 1959 916 2044 inuisibilia
941 1962 1047 2016 soleant
1098 1966 1158 2033 tris,
1173 1980 1263 2036 neque
1285 1966 1376 2021 oleum
1400 1981 1415 2020 a
1436 1956 1842 2036 quolibetlrareticocuseeratura

251 2045 413 2117 signiilcari.
442 2045 527 2117 igitur
552 2046 691 2114 baeretici,
718 2047 888 2104 schismatici
904 2057 932 2103 ιι
950 2066 1047 2107 omrrcs
1098 2057 1289 2128 potiusquam
1310 2064 1502 2113 consecratum
1519 2052 1841 2113 dicendumrelbahenduu

250 2137 412 2207 etranqclica⁴
423 2136 492 2193 ialce
508 2137 634 2208 praecisi,
650 2136 713 2193 lieet
734 2137 844 2208 possint
857 2138 958 2194 babere
969 2137 1047 2193 ideu-
1097 2157 1139 2206 egr
1159 2157 1296 2206 sincium,
1319 2148 1390 2205 Eece
1406 2159 1547 2221 uqi-unque
1568 2149 1601 2207 ie
1621 2145 1786 2218 ‘sacramentis
1802 2160 1842 2217 qun

249 2228 360 2309 ῑῑῑιῑθῐιι
384 2227 513 2284 tatliflcii
534 2226 692 2295 wiliielmi.
718 2228 820 2299 quibus
832 2229 878 2284 5¹¹2
893 2228 989 2300 Ainus
1004 2241 1046 2286 0⁵1
1097 2242 1233 2299 sentimus
1248 2242 1435 2313 expressimus
1451 2242 1557 2314 absque
1570 2241 1722 2314 prejudicio
1734 2238 1841 2294 melioria

249 2320 365 2377 unicum
380 2320 558 2386 sacrificium,
571 2336 653 2393 quem
666 2321 694 2376 iu
713 2336 767 2377 una
780 2328 886 2377 tantum
900 2321 982 2378 domo
1003 2336 1047 2378 cu-
1097 2345 1125 2390 02
1150 2334 1264 2390 meliora
1293 2334 1445 2390 dicentium
1460 2374 1468 2402 ,
1495 2333 1597 2405 quihus
1612 2332 1771 2404 acquiescere
1780 2327 1842 2401 parati

250 2411 324 2467 ΜΠ
339 2412 437 2484 lis⁰b²¹
447 2410 653 2468 ilidessfifflffli
663 2410 766 2467 leiim
778 2411 985 2482 praemissarum
996 2428 1046 2467 ³¹¹·
1097 2441 1207 2495 sumus,
1229 2436 1340 2483 ostensa
1364 2426 1444 2483 nobis
1468 2426 1577 2482 ratione
1597 2425 1639 2481 vel
1655 2418 1840 2487 teneritatem

249 2502 419 2558 cleritatem.
964 2522 976 2543 ⁰
1097 2532 1153 2573 non
1164 2516 1315 2573 debeamus
1324 2515 1527 2585 contradicere,
1539 2522 1684 2587 etprapter
1694 2525 1766 2583 quau
1774 2507 1841 2564 itit*

285 2590 331 2647 3⁰.
346 2590 454 2659 Quibus
468 2593 520 2649 etsi
538 2591 640 2647 alicubi
654 2592 800 2675 rideantur
815 2595 878 2649 aliae
897 2594 1046 2650 auctorita·
1097 2625 1159 2665 mu,
1169 2609 1241 2664 diiii
1256 2616 1351 2664 nostia
1364 2617 1482 2664 murare.

249 2695 293 2742 tes
315 2685 447 2753 ebriare,
463 2699 526 2755 qua
540 2693 606 2741 sunt
619 2695 675 2741 tam
693 2685 765 2741 intra
787 2701 872 2757 quarn
895 2693 973 2742 extra
991 2685 1045 2743 Ec·
1132 2698 1179 2756 ιι,
1201 2698 1280 2755 Linea
1292 2708 1383 2755 aunem
1396 2697 1489 2754 aalma
1510 2697 1607 2753 dicare
1632 2695 1717 2766 aliqua
1733 2691 1762 2748 de
1776 2688 1842 2757 iniqua

248 2777 374 2846 elesianr,
392 2777 528 2834 affirmant
543 2778 640 2834 eadem
660 2793 723 2835 esse
740 2778 775 2834 ad
793 2779 905 2835 modurn
926 2789 1047 2852 quatuor
1097 2797 1183 2862 paraq
1198 2787 1332 2845 simonia.
1345 2785 1418 2843 inter
1431 2801 1528 2843 omnies
1545 2785 1644 2859 qnippe
1655 2778 1842 2855 vulpecularum

248 2867 370 2939 paradisi
386 2867 542 2934 huminum,
557 2884 620 2940 quae
636 2879 703 2925 sunt
716 2878 771 2925 ιιιι
788 2870 860 2926 iutra
872 2886 955 2943 qnam
967 2880 1045 2928 extra
1103 2880 1291 2937 depretionem
1314 2878 1421 2945 vineas,
1439 2876 1515 2932 nulla
1540 2874 1681 2947 vulpecula
1691 2882 1694 2887 ’
1704 2868 1797 2941 nequior
1813 2861 1841 2915 nl

247 2962 421 3032 paradisum.
445 2960 519 3017 Nibil
543 2977 594 3018 nos
614 2970 706 3018 moret
723 2962 880 3035 hujusmodi
895 2964 1045 3020 auctorita·
1059 2940 1082 3004 (ἶ
1096 2974 1214 3033 astutior
1227 2971 1361 3028 simonia.
1374 2967 1455 3036 Nam,
1471 2960 1629 3039 nequidem
1647 2965 1705 3030 ait,

152 3099 156 3105 .
248 3064 307 3111 tam
328 3055 501 3135 diversitas,
515 3054 580 3125 quia
615 3069 669 3110 nos
698 3068 754 3110 nou
778 3054 946 3127 denegamus
967 3065 1045 3112 extra
1132 3065 1191 3133 Quo
1206 3074 1306 3119 teneam
1320 3061 1388 3116 nom
1403 3066 1553 3114 mactantem
1569 3054 1679 3111 Protlren
1694 3048 1786 3107 uber?

248 3147 400 3204 Ecclesiam
420 3162 482 3203 esse
497 3162 577 3216 posse
591 3154 827 3202 sacramentorum
843 3148 1044 3218 integritatem
1132 3157 1179 3212 sic
1201 3170 1253 3210 nos
1275 3154 1368 3210 dicare
1392 3166 1565 3223 possumus,
1584 3163 1639 3220 quo
1653 3157 1776 3203 teneamus
1789 3134 1839 3193 noir

249 3236 297 3292 Ἐὖ
314 3234 601 3292 θθθΐῖίῖΰῑῐιθιῑῑΰῑθῦι
622 3235 701 3305 illm
720 3237 926 3307 immissarum
950 3246 1046 3293 ancto-
1096 3248 1250 3305 Simoniam
1263 3245 1436 3318 vulpeculam
1448 3242 1658 3308 astutissimam,
1674 3237 1740 3293 vultu
1749 3226 1839 3289 multila
1873 3290 1874 3299 χ

248 3328 363 3382 ritatum
380 3327 576 3392 assertionem,
591 3326 761 3396 quibusillae
775 3327 952 3383 auctoritates
971 3336 1046 3383 recte
1095 3343 1183 3409 nam,
1198 3341 1293 3396 pipini
1309 3337 1514 3405 milleformem,
1529 3335 1839 3407 etpeneeamperucnte
1873 3326 1874 3331 ’

248 3420 378 3488 inspectae
389 3432 443 3473 non
454 3417 715 3487 obr·iant,quaenon
728 3416 893 3500 sacrificium
905 3427 1043 3487 sanctum,
1094 3434 1151 3488 qum
1172 3431 1234 3487 ,aliis
1255 3429 1417 3501 vulpeculis,
1432 3443 1528 3484 rernm
1545 3437 1574 3482 et
1585 3420 1737 3492 sibimetipsi
1748 3410 1838 3470 dictini-

248 3510 296 3567 8θᾶ
311 3517 515 3565 Sissfimffllii'm
528 3507 675 3578 miiitum,
685 3523 740 3563 ⁰⁰¹¹
754 3522 855 3579 millis
865 3507 974 3564 D0ffl5¹¹i
996 3510 1044 3565 80⁸¹
1094 3524 1160 3590 lem,
1175 3536 1263 3593 usque
1278 3521 1347 3576 adeo
1361 3529 1391 3575 nt
1405 3535 1468 3575 curn
1483 3518 1584 3574 vineas
1590 3515 1689 3572 Christi
1701 3505 1838 3567 denotatur,

249 3611 454 3660 ‘ailifflessiilm
467 3601 592 3672 wiltiris
606 3599 715 3656 ⁰⁰¹¹¹i³¹¹
729 3611 806 3657 essii
819 3600 970 3659 Eiilsssiffi’l
983 3620 1045 3661 ⁰⁸³³
1095 3615 1233 3672 interdurn
1253 3614 1280 3669 in
1303 3613 1391 3685 ipsius
1411 3610 1539 3667 vinitoris
1552 3610 1645 3667 babitu
1659 3592 1839 3661 cernatnrtiru

248 3710 331 3765 P⁰⁵⁵⁹
343 3694 489 3751 iffifmffin·
1095 3707 1168 3766 enim
1183 3707 1278 3763 inune
1293 3704 1416 3776 qualibet
1438 3718 1490 3760 sua
1511 3702 1585 3773 pelle
1611 3692 1724 3770 dignosci
1747 3684 1838 3757 crearit,

284 3785 330 3840 iil.
346 3784 395 3842 Est
412 3785 441 3840 in
456 3785 508 3841 hac
521 3784 694 3840 diversarum
717 3799 774 3840 uon
791 3784 970 3842 adversarum
994 3801 1044 3841 au·
1094 3798 1227 3855 continuo
1253 3797 1336 3853 aliam
1361 3795 1463 3863 induit,
1484 3801 1512 3850 et
1530 3793 1626 3849 vinens
1646 3802 1710 3860 quas
1731 3781 1837 3839 detestat,

248 3878 406 3934 ctoritatum
433 3875 662 3932 determinatione
688 3885 767 3932 cante
790 3877 953 3946 notandum,
978 3873 1044 3950 qui'a
1094 3890 1232 3946 inperium
1247 3889 1414 3960 septimane
1429 3885 1553 3943 simulat.
1569 3878 1716 3954 Aliquando
1732 3867 1838 3931 etmulto

248 3986 349 4042 magna
365 3970 503 4026 invenitur
515 3968 668 4025 differentia
681 3970 753 4026 intra
768 3983 939 4027 sacramenta
954 3980 982 4027 et
999 3987 1045 4028 sa·
1095 3984 1146 4038 ties
1159 3983 1219 4038 ιρι
1232 3979 1377 4051 vulpecula
1401 3993 1416 4033 ῃ
1433 3971 1688 4049 ,agacqqmqqqqsq
1702 3958 1838 4023 renatmibtt

249 4071 402 4118 eramenta.
424 4060 492 4117 Nam
514 4062 568 4117 alia
583 4069 648 4118 sunt
664 4073 909 4132 sacramentaque
922 4072 1044 4118 tantum·
1093 4071 1265 4143 deprehensa
1284 4077 1337 4137 ast,
1350 4077 1379 4124 et
1393 4067 1463 4139 pelle
1476 4082 1525 4122 sua
1541 4065 1666 4137 spoliata,
1681 4067 1707 4115 at
1722 4067 1784 4112 nuuc
1796 4046 1836 4118 pti·

248 4153 332 4210 modo
357 4154 431 4210 circa
449 4163 603 4209 creaturam
620 4152 782 4208 rationalem
801 4152 880 4220 hant,
905 4161 1042 4209 utsacra-
1093 4163 1147 4219 iem
1177 4162 1259 4219 qqlem
1291 4159 1396 4217 invenie
1424 4159 1451 4213 q„
1483 4172 1537 4228 qq,
1564 4157 1609 4212 ,qq
1627 4148 1740 4225 dignosci
1760 4145 1836 4215 possit,

249 4256 373 4303 tarentum
399 4246 581 4303 ordinationis
601 4253 629 4301 ιι
655 4245 797 4316 baptismi3
826 4245 878 4300 alia
892 4260 954 4317 quae
969 4244 1042 4301 circa
1058 4253 1206 4328 „qnando
1221 4253 1250 4308 in
1266 4267 1298 4307 ea
1310 4267 1366 4307 non
1380 4263 1459 4305 more
1474 4249 1569 4319 culpis
1581 4247 1666 4303 utitur
1683 4237 1787 4299 asotia.
1802 4240 1836 4283 att

250 4353 296 4394 res
312 4338 478 4393 inanimatas
496 4337 583 4403 berit,
598 4346 629 4392 ιιι
642 4338 688 4392 illa
704 4353 782 4393 sacra
796 4337 885 4408 signa,
906 4353 967 4408 quae
981 4352 1043 4392 rer·
1095 4343 1209 4399 omnino
1227 4349 1340 4412 apparet
1361 4338 1440 4410 quasi
1464 4338 1575 4406 bestia,
1602 4336 1650 4392 ιιι
1663 4328 1733 4406 quasi
1747 4316 1835 4382 arisit·

177 4434 182 4445 '
249 4430 293 4486 bis
313 4429 415 4486 divinis
438 4428 633 4485 accedentibus
654 4429 687 4483 ad
709 4428 1045 4485 eleutentabuntiucon·
1095 4436 1218 4493 mastica.
1247 4432 1317 4489 cnm
1342 4433 1416 4488 onim
1445 4430 1635 4488 coenobiorum
1659 4415 1790 4497 pindarici
1806 4408 1835 4508 bii

249 4522 404 4578 sacratione
418 4520 577 4578 chrismatis
591 4520 632 4575 rel
651 4520 758 4588 altaris,
772 4522 813 4575 rel
827 4521 909 4576 etiarn
921 4521 1043 4591 panisar
1094 4542 1165 4600 quoi
1180 4525 1209 4580 in
1234 4539 1316 4580 suum
1331 4525 1501 4580 musonium
1526 4521 1660 4593 fecqpqqm
1678 4520 1776 4569 minen
1794 4512 1834 4599 ιιι·

248 4614 323 4683 ιὶιι;
348 4624 373 4671 ιι
393 4613 440 4669 illa
462 4613 573 4685 quidem
597 4621 769 4669 sacramenta
793 4627 854 4683 ιιι
877 4613 950 4668 circa
965 4628 1043 4668 crea-
1094 4625 1171 4691 gunt,
1187 4617 1275 4688 ipsam
1289 4614 1470 4670 simoniacam
1485 4613 1627 4670 avaritiam
1639 4606 1739 4665 nomine
1751 4594 1836 4691 antaee

249 4715 342 4762 turam
358 4707 519 4762 rationalem
535 4705 620 4771 liunt,
637 4719 700 4761 cnut
712 4716 789 4760 extra
805 4703 955 4759 Ecclesiam
971 4705 1043 4760 celc-
1094 4709 1139 4765 nis
1160 4716 1256 4780 tegunt
1273 4724 1280 4762 :
1298 4706 1428 4762 nimirum
1447 4705 1515 4762 satis
1541 4701 1695 4774 improprie,
1716 4674 1834 4756 cufflssi'ffld

248 4799 328 4855 brata
342 4799 408 4865 sint,
422 4798 514 4868 irrita,
526 4815 625 4868 vacua,
638 4800 775 4855 exstincta
787 4809 815 4854 ιι
830 4809 950 4865 mortua,
972 4798 1042 4854 bunt
1093 4801 1130 4857 sit
1142 4800 1256 4867 oblatio,
1270 4797 1346 4854 aliud
1359 4796 1485 4865 exactio;
1505 4793 1579 4850 aliud
1595 4790 1666 4864 quod
1682 4788 1767 4857 apelli
1776 4769 1834 4829 ⁰³⁰¹*

248 4900 310 4948 rata
321 4900 349 4947 et
362 4888 453 4946 lucida
468 4897 496 4945 et
514 4893 586 4959 sira,
608 4892 673 4946 dnm
689 4892 843 4948 rationabili
862 4901 999 4959 creatura,
1015 4891 1042 4947 id
1093 4901 1150 4961 tur,
1165 4890 1239 4947 aliud
1253 4890 1327 4961 qnod
1347 4889 1430 4945 etiam
1446 4888 1480 4945 ab
1496 4885 1590 4944 inritis
1610 4879 1725 4939 aufertur
1735 4880 1758 4927 ιι
1770 4872 1833 4921 θῐῑθῐ·

248 4995 292 5046 est
312 4984 424 5041 bomine
445 4984 634 5054 poerritentiam
651 4995 747 5056 agente
771 4984 950 5041 sacramentis
964 4995 1042 5042 extra
1093 4995 1202 5057 quetur.
1217 4985 1277 5041 lion
1294 4985 1335 5041 sic
1356 4984 1454 5040 beatus
1472 4980 1633 5036 Benedictus
1651 4975 1678 5030 iu
1695 4962 1781 5055 Reguli
1797 4963 1832 5008 ⁵⁰³

249 5076 405 5144 celebratis,
431 5075 538 5132 accedit
556 5074 686 5131 Ecclesiae
699 5076 881 5131 corrllrmatio.
907 5075 954 5131 illa
978 5091 1045 5131 rero
1094 5084 1130 5151 (a.
1145 5082 1192 5153 59)
1204 5078 1332 5151 praecepit
1347 5077 1406 5135 lieri
1423 5077 1501 5132 :iuro
1515 5073 1587 5131 istud
1601 5054 1833 5154 recurrentium*

249 5178 434 5236 sacramenta,
449 5183 511 5239 quae
524 5169 600 5224 circa
613 5182 658 5223 res
675 5168 841 5225 inanimatas
862 5169 950 5237 bunt,
966 5169 1042 5225 nullo
1093 5183 1124 5231 ut
1144 5187 1291 5246 pauperes,
1303 5171 1350 5243 qui
1366 5184 1467 5242 pueros
1480 5183 1548 5225 suos
1562 5165 1685 5225 oderunt,
1709 5138 1832 5218 simpiciter

250 5261 333 5318 modo
351 5260 511 5318 confirmari
530 5270 677 5332 poterunt,
695 5260 760 5332 quia
771 5261 825 5317 illae
839 5271 972 5317 creatura
984 5277 1042 5332 pte-
1092 5267 1249 5339 petitionem
1262 5263 1400 5329 lucianea
1411 5261 1542 5318 divitibus
1550 5266 1637 5314 autem
1650 5240 1830 5323 parenthesim

249 5354 395 5411 nitentium
418 5371 499 5429 agere
515 5370 572 5413 non
587 5362 727 5429 poteram.
745 5352 824 5410 Unde
839 5353 988 5425 aliquando
1000 5354 1042 5409 lo·
1093 5358 1158 5415 sinit
1169 5357 1279 5429 quidem
1294 5353 1398 5426 aliquid
1411 5353 1498 5423 exiqi3
1519 5349 1565 5407 sed
1580 5348 1603 5404 si
1624 5341 1684 5416 quid
1697 5319 1830 5408 sponbtit·

187 5437 189 5439 ’
251 5448 342 5517 qimus
356 5462 540 5516 personarum
552 5457 726 5505 sacramenta
739 5445 810 5503 ioris
824 5448 886 5504 data
902 5446 945 5501 rel
957 5448 1042 5502 inter·
1093 5457 1169 5515 runt,
1180 5446 1331 5518 acquiescit
1345 5458 1427 5517 posse
1438 5443 1533 5514 recipi,
1545 5437 1616 5514 quod
1626 5434 1661 5490 ita
1671 5421 1828 5515 ,emptun‘it

252 5539 366 5595 cedente
379 5542 540 5610 poenitentia
556 5557 605 5612 per
621 5541 779 5598 Catholicos
803 5542 963 5601 contirmata
977 5582 985 5607 ,
999 5542 1042 5597 vel
1093 5549 1148 5599 test
1159 5538 1289 5611 appellari
1302 5525 1421 5605 oblatio,
1438 5551 1493 5593 non
1517 5532 1629 5591 exactio.
1648 5521 1759 5583 consus
1769 5512 1828 5565 ΦΨ
