3892 6067
236 262 306 319 rans
752 255 905 315 cantroru
922 256 1118 316 rnmrosrrr
1137 257 1412 317 nucusnsrnnc.
1775 265 1824 321 ner
1879 240 1880 243 ‘

234 373 321 432 cutiat
335 373 422 430 illum.
441 371 493 440 Qui
509 371 740 428 autemcumdem
754 372 885 443 parietem
896 372 1024 443 fulciunt,
1039 379 1064 436 tl
1077 383 1154 447 ptum
1175 372 1237 429 fuit.
1255 369 1334 428 llnde
1347 384 1411 428 oum
1421 368 1513 427 omnia
1533 378 1715 425 consummata
1728 370 1826 446 fuissent

234 464 316 531 longe
329 481 346 521 a
360 462 446 520 Paulo
453 463 577 535 apostolo
588 462 764 532 dissentiunt,
776 465 824 535 qui
840 474 917 523 stans
930 480 1025 522 coram
1076 484 1139 540 quae
1152 468 1186 524 de
1201 463 1428 537 passioneipslus
1439 470 1518 519 erant
1531 462 1643 534 scripta,
1661 461 1724 517 nihil
1736 464 1825 523 ultreia

234 556 353 629 quodam
368 556 416 612 tali
428 555 568 626 porrtiflce,
586 555 651 611 dnrn
664 555 725 626 ipso
740 556 914 627 praecipiente
925 572 1025 628 porcu-
1076 558 1140 616 eum
1152 558 1297 615 carnifices
1310 562 1469 628 potuerunt.
1490 552 1589 609 Verum
1603 552 1626 608 si
1642 552 1762 611 divinitus
1772 559 1825 613 cubi

234 655 359 704 teretur:
385 645 531 714 Perestiet,
545 648 646 719 inquit,
660 660 686 703 to
699 648 782 716 Drna,
803 651 892 719 paries
905 650 1027 706 dealbate
1076 650 1127 707 biti
1147 666 1202 705 non
1220 648 1346 713 fuissent,
1366 647 1483 702 libenter
1497 658 1561 701 ossa
1577 642 1636 713 eius
1654 652 1680 698 et
1697 658 1768 699 crura
1780 660 1825 702 cor·

234 738 305 809 (Aet.
325 754 409 805 xxrrr,
429 738 469 800 Ξ).
497 737 550 796 Sed
570 740 644 797 bunc
663 740 793 812 parietem
818 741 977 798 dealbatum
1000 751 1028 799 et
1078 741 1233 814 fregissent,
1245 750 1273 796 et
1287 738 1404 795 fortasse
1424 739 1462 793 ita
1476 751 1539 792 eum
1554 734 1728 808 dilaniassent
1737 753 1765 793 ao
1775 737 1827 797 diti·

233 828 352 898 quodam
367 826 482 898 justitiae
494 830 574 900 quasi
588 839 722 886 caemento
748 830 877 886 restitum
895 829 952 887 beo
964 847 1027 903 per·
1077 835 1190 900 sissent,
1200 831 1272 887 sieut
1282 845 1424 887 servorum
1436 828 1497 900 ejus
1511 826 1612 883 multos
1624 826 1732 897 legimus
1741 828 1828 886 dilania-

233 918 396 976 cutlettdutu-
408 920 613 990 relinquamus:
634 930 662 978 et
675 937 727 979 nos
745 922 832 978 eideru
844 922 957 994 jamiam
967 922 1028 978 rui-
1079 933 1122 981 tos
1136 934 1164 979 et
1183 922 1357 978 membratim
1378 921 1540 991 discerptos.
1560 916 1614 974 Sed
1628 915 1756 988 Scriptura
1772 936 1829 977 mora

233 1021 297 1067 turo
311 1011 407 1067 saltem
423 1012 541 1069 latenter
555 1014 762 1082 subtrahamus,
776 1023 1027 1085 proutpossumus,
1079 1032 1141 1088 quae
1172 1014 1338 1086 predicabat
1367 1012 1469 1069 Christi
1503 1011 1688 1076 occisionem,
1724 1027 1830 1081 nusqoau

234 1119 269 1160 ne
290 1105 314 1162 si
329 1121 393 1162 eum
413 1108 489 1163 uelut
506 1108 614 1179 stipites
629 1106 727 1164 fulcire
742 1109 873 1176 nitamur,
889 1123 952 1164 curn
971 1108 1029 1178 ipse
1079 1107 1261 1180 predicabat,
1278 1106 1333 1163 iuro
1355 1105 1443 1162 morbo
1464 1103 1592 1159 onrnihus
1609 1101 1762 1183 ,prohibebat
1777 1120 1828 1174 quo

233 1198 672 1268 merecoeperitnosobruamrrr.
686 1198 799 1272 stipites
813 1193 1028 1270 lruncparieteni
1079 1215 1134 1273 que
1160 1200 1287 1257 crurium·
1315 1197 1376 1268 eins
1406 1194 1644 1261 confractionem,
1673 1195 1767 1250 dicente
1791 1195 1830 1250 bn·

234 1286 378 1346 fulcientes
391 1299 456 1348 sunt
472 1291 566 1347 clerici
584 1292 709 1348 ralerrter
722 1292 846 1356 litterati,
864 1301 891 1349 et
906 1291 968 1348 laici
987 1307 1030 1347 rc·
1079 1292 1156 1349 mino
1175 1307 1224 1363 per
1252 1289 1363 1362 lfopserr
1396 1287 1430 1344 de
1456 1287 1535 1359 dgno
1560 1285 1679 1357 paschali
1708 1287 1733 1341 ln
1760 1296 1830 1358 typum

234 1380 345 1452 ligionis
358 1380 474 1446 inimici,
486 1392 514 1438 et
529 1398 625 1438 omnes
636 1383 759 1453 ipsorum
776 1383 844 1440 tales
852 1383 944 1450 amici,
957 1398 1027 1454 qua·
1080 1379 1182 1437 Christi
1197 1399 1204 1436 z
1222 1379 1256 1435 ln
1270 1395 1323 1435 nuo
1346 1378 1424 1433 dono
1442 1376 1594 1432 comedetur
1608 1374 1705 1447 (Esod.
1723 1391 1768 1442 rvr,
1784 1375 1829 1445 lig

234 1471 270 1528 lis
284 1471 337 1527 fuit
355 1472 401 1529 ille
414 1474 520 1530 arnicus
539 1463 753 1545 pontilicis,qui
767 1472 910 1532 Christum
926 1491 1025 1546 percu-
1080 1471 1155 1545 quod
1190 1471 1261 1528 idem
1295 1479 1338 1528 est
1372 1485 1406 1527 ac
1434 1469 1461 1526 si
1489 1468 1604 1526 dixisset
1633 1486 1640 1523 ι
1666 1465 1714 1523 Per
1738 1467 1831 1523 diversas

235 1562 307 1619 tiens
316 1562 454 1620 dirit:Sr'o
466 1565 604 1635 respondes
614 1566 735 1636 pontifici
743 1566 756 1620 t
770 1563 860 1636 (Joon.
876 1584 955 1635 xvrrr,
969 1568 1029 1638 22.)
1081 1566 1178 1622 domos
1194 1579 1266 1621 nnus
1283 1563 1329 1620 ille
1345 1564 1440 1635 Agnus
1458 1576 1513 1618 non
1533 1560 1680 1627 dividetsr;
1693 1559 1736 1616 sed
1754 1558 1776 1613 in
1792 1576 1831 1619 uro

234 1654 347 1712 Poterat
362 1657 472 1729 quidem
487 1658 631 1713 brachium
646 1657 756 1715 bomini
776 1670 950 1730 repercutere
965 1677 1030 1731 per-
1081 1659 1163 1715 domo
1176 1657 1347 1714 comedetis:
1358 1655 1392 1710 lit
1404 1672 1433 1711 os
1444 1671 1495 1709 non
1506 1648 1830 1722 comminuetiseoeollooo.

235 1748 396 1816 cutientem,
419 1764 471 1805 nee
486 1765 550 1804 eum
565 1749 666 1815 solum,
685 1748 831 1805 sedetiam
848 1750 925 1805 illurn
948 1767 1030 1822 quenr
1047 1718 1067 1773 R
1084 1749 1213 1832 ambli).
1237 1747 1325 1819 Culpa
1348 1763 1413 1818 ergo
1437 1745 1573 1801 malorum
1593 1743 1700 1813 indigne
1719 1750 1831 1812 corpmu

235 1850 292 1896 tarn
304 1841 409 1912 rigidus
426 1842 511 1912 stipes
526 1840 656 1897 fulciebat
667 1843 761 1898 statirn
773 1841 931 1898 subvertere
945 1844 1032 1915 paris·
1083 1840 1243 1912 sanguinem
1260 1839 1369 1895 Dcnrirri
1385 1836 1578 1908 accipientium
1600 1834 1627 1890 iu
1649 1832 1767 1900 Ecclesia,
1778 1831 1830 1902 judi·

234 1940 291 1986 tem
307 1931 476 1999 dealbatum,
488 1933 515 1987 id
527 1941 569 1989 est
582 1933 670 2003 ipsius
683 1932 753 1990 falso
764 1933 922 2004 pontificem
938 1935 1032 2006 appel·
1082 1941 1161 1989 canto
1173 1930 1316 2001 Apostolo,
1330 1939 1372 1985 est
1382 1928 1465 2000 quasi
1480 1926 1584 1985 occisio
1596 1924 1693 1981 Christi
1705 1921 1831 1995 repuunds,

235 2024 339 2090 latum;
357 2021 406 2080 sed
423 2023 529 2093 accepit
548 2023 696 2094 injuriam,
719 2024 840 2089 servarit
858 2024 1031 2096 patientiam,
1083 2025 1147 2095 quia
1167 2038 1246 2079 reum
1263 2021 1388 2091 corporis
1407 2028 1435 2077 et
1450 2018 1595 2090 sauguinis
1608 2014 1710 2072 bomini
1726 2030 1777 2070 eum
1788 2026 1831 2068 esst

235 2129 288 2171 nec
302 2114 384 2170 ullam
400 2125 455 2171 um
474 2115 561 2187 iniqui
575 2117 713 2186 pontilicis
726 2117 846 2187 captarit
858 2132 923 2189 erga
935 2134 965 2175 se
976 2120 1033 2176 ole-
1083 2116 1192 2182 asserit,
1204 2115 1251 2186 qui
1262 2113 1372 2185 indigue
1382 2100 1568 2169 mandueatet
1578 2110 1654 2166 bibit.
1665 2107 1697 2162 lit
1706 2114 1743 2163 est
1750 2105 1830 2176 quiden

150 2266 152 2273 ,
235 2206 378 2262 mentium.
397 2205 444 2262 Sic
464 2205 548 2277 igitur
562 2215 590 2262 et
607 2223 668 2273 tros,
683 2207 836 2277 opitulante
850 2207 922 2279 ipsc,
940 2224 1033 2265 serro-
1083 2209 1162 2277 eulpa
1187 2209 1246 2264 bae
1270 2221 1380 2277 magua,
1402 2205 1480 2262 seda
1502 2201 1652 2272 Scripturis
1672 2215 1722 2255 non
1741 2199 1830 2253 dissona

236 2311 300 2351 mus
322 2295 493 2366 patientiam,
514 2312 565 2352 nce
587 2295 671 2352 ullam
692 2296 851 2367 iniquorum
871 2298 1031 2368 pontificum
1083 2298 1235 2357 llaereticus
1258 2307 1350 2354 autem
1372 2297 1415 2352 vel
1439 2294 1650 2360 schismaticus,
1677 2307 1726 2347 nun
1747 2298 1791 2345 um
1809 2287 1831 2341 do
1879 2352 1880 2371 ,

236 2385 571 2456 captenrrsdemenrtam,
587 2386 805 2443 benevolentiam
818 2387 1033 2445 velmnnidcen-
1083 2393 1186 2449 Christi
1203 2392 1354 2456 occisione,
1378 2405 1460 2461 quarn
1485 2388 1519 2445 de
1546 2384 1645 2442 Christi
1664 2384 1772 2454 culpatur
1785 2379 1831 2436 divi

236 2475 317 2544 dam,
334 2475 358 2532 si
372 2476 461 2548 magis
473 2477 602 2534 volumus
614 2493 678 2534 curn
694 2477 806 2535 Christo
825 2479 936 2547 salvari,
948 2497 1032 2552 quarn
1084 2482 1173 2550 sione,
1184 2497 1234 2554 pro
1249 2496 1283 2538 eo
1298 2480 1373 2553 quod
1386 2489 1483 2536 contra
1501 2492 1614 2534 omnem
1630 2490 1709 2532 sacrae
1720 2472 1830 2543 Scriptura

238 2567 309 2623 inter
324 2566 473 2638 impiorum
487 2569 649 2640 pontificum
664 2570 821 2627 adulatores
831 2571 966 2628 damnari.
979 2572 1033 2629 lla-
1084 2573 1275 2632 auctoritatem
1288 2570 1431 2628 Christum
1446 2560 1830 2635 conaturdividerc,putansil
1879 2586 1880 2589 ¹

237 2658 303 2715 henr
317 2659 362 2716 isti
376 2660 521 2731 pontifices
535 2660 647 2732 Caipbae
664 2662 836 2730 consimiles,
855 2664 882 2718 in
901 2664 1032 2720 cathedra
1084 2668 1141 2724 lum
1155 2668 1183 2722 in
1197 2665 1314 2725 diversis
1327 2680 1360 2721 ac
1376 2663 1503 2735 pluribus
1517 2663 1646 2719 domibus
1659 2659 1752 2733 comedi
1766 2669 1829 2727 tusis

237 2750 325 2824 lfoysi
338 2751 466 2811 sedentes
488 2753 570 2810 etiarn
590 2755 619 2810 in
642 2754 696 2811 hoc
719 2754 880 2811 affinitatem
901 2770 965 2812 cum
986 2756 1033 2813 illo
1084 2775 1147 2817 cum
1160 2759 1203 2814 lex
1217 2758 1291 2816 dieat
1306 2777 1313 2814 :
1326 2756 1361 2812 ftr
1373 2773 1426 2812 orno
1440 2756 1518 2810 domo
1539 2749 1829 2818 commembrorum

237 2844 354 2916 Caipha,
367 2846 443 2917 quod
454 2846 525 2903 siout
536 2847 581 2902 illc
597 2845 739 2905 Christum
752 2849 889 2920 captivum
905 2850 993 2906 tenuit
1007 2859 1035 2907 ct
1085 2852 1178 2922 itaque
1201 2865 1343 2922 nunquam
1357 2847 1495 2905 dividatur
1516 2844 1646 2904 Christus
1661 2853 1758 2900 :tamur
1772 2837 1830 2908 huius

237 2938 350 3007 occidit,
371 2953 428 2996 non
442 2939 598 3020 somnrsua
616 2941 721 3013 lingua,
741 2942 886 2999 sedetiam
908 2943 1034 3001 Romana
1084 2943 1229 2999 divisionis
1242 2942 1282 2997 rei
1301 2941 1372 2997 flunt
1383 2940 1413 2996 in
1428 2939 1487 2997 suis
1503 2938 1722 3012 cogitationibus,
1735 2933 1772 3004 qvi
1782 2945 1829 2986 oon·

238 3045 323 3087 manu
341 3031 400 3087 :ita
422 3032 468 3089 isti
486 3031 628 3088 Christum
645 3033 725 3104 qnasi
741 3035 878 3105 captivum
897 3035 924 3090 in
939 3053 1070 3121 sarra-c
1090 3034 1208 3091 tentiosc
1221 3032 1358 3091 affirmant
1377 3031 1449 3105 quod
1472 3039 1527 3087 tarn
1546 3040 1622 3088 extra
1637 3044 1712 3101 quam
1729 3025 1785 3081 intra
1796 3019 1830 3075 la·

238 3123 342 3179 mentis
362 3124 474 3179 tradunt
490 3124 545 3180 iilis
560 3124 661 3195 quihus
682 3126 740 3197 ipse
752 3125 823 3181 tradi
841 3141 895 3182 non
921 3128 989 3196 uult,
1004 3139 1034 3186 ut
1086 3127 1196 3185 olesiam
1213 3126 1373 3187 comedatur
1387 3124 1526 3196 paschalis
1544 3123 1647 3196 dgnus.
1660 3120 1705 3177 Est
1715 3124 1829 3181 arrtempe

240 3212 308 3268 bant
324 3214 502 3283 reicorporis
518 3224 547 3270 et
564 3215 708 3287 sauguinis
728 3216 851 3283 bomini,
870 3232 925 3273 non
943 3218 1033 3274 solum
1082 3220 1138 3292 jor,
1169 3218 1359 3276 detestobttipr
1385 3226 1413 3273 eo
1440 3215 1638 3273 exsecrabilior
1665 3209 1788 3271 opperiens
1802 3200 1830 3255 vd

240 3304 307 3360 dum
329 3304 381 3375 ipsi
403 3305 456 3360 sibi
480 3305 648 3362 rnmrducant
664 3315 692 3362 et
705 3307 804 3362 bibunt
816 3307 962 3377 judicium,
985 3309 1034 3364 sed
1086 3310 1279 3368 schismaticus
1298 3309 1366 3381 ipsis
1379 3307 1482 3365 tudaets
1496 3316 1527 3371 et,
1542 3298 1772 3370 militibustrisb‘
1783 3291 1832 3350 oct'r

240 3395 406 3451 etiamdum
426 3395 468 3451 bis
482 3412 551 3467 quos
568 3398 703 3468 usquead
721 3397 885 3467 condignam
898 3398 1035 3467 poeniten·
1086 3404 1206 3470 sprtbup,
1219 3402 1285 3473 quis
1299 3401 1373 3474 quod
1395 3417 1444 3472 per
1468 3400 1532 3457 illos
1557 3415 1611 3455 nou
1633 3395 1714 3469 potuit
1732 3385 1831 3452 tortior

241 3486 306 3542 tiam
322 3486 357 3542 ab
373 3487 489 3543 eeclesia
500 3488 601 3558 pellere
612 3488 754 3550 deberent,
771 3487 969 3558 ipsamcorpus
981 3486 1034 3544 bo·
1086 3493 1176 3551 lacere
1189 3500 1324 3550 conantur
1338 3492 1401 3561 istl;
1422 3491 1469 3549 sed
1490 3489 1606 3557 frustra,
1623 3488 1683 3560 quia
1699 3493 1726 3540 nt
1738 3477 1831 3536 Christus

240 3577 309 3634 mini
332 3578 444 3634 tradunt
469 3579 691 3636 manducandum
720 3588 747 3635 et
768 3580 986 3652 conspuendum,
1009 3592 1036 3636 et
1085 3583 1234 3650 dividatur,
1247 3590 1275 3639 et
1296 3591 1351 3638 tarn
1375 3593 1452 3638 extra
1475 3595 1562 3651 quam
1577 3579 1646 3635 intra
1660 3588 1733 3631 uuanr
1751 3569 1831 3625 donum

240 3668 467 3740 crucifigendum,
481 3670 557 3741 quia,
572 3679 690 3727 testante
703 3672 847 3742 apostolo,
863 3682 956 3730 reatus
971 3688 1034 3730 ocr-
1086 3675 1210 3733 ccelesiae
1232 3673 1370 3731 dividatur
1385 3689 1442 3728 nnn
1457 3672 1586 3728 conpetit
1610 3674 1698 3726 sancta
1717 3658 1831 3755 Scriptus,

240 3760 318 3833 peris
347 3770 375 3818 et
408 3762 521 3835 sanguis
551 3761 664 3819 Domini
702 3764 893 3833 contrabitur,
924 3767 1035 3838 quando
1088 3751 1832 3845 sicutevidentissimeprobantsubiunctaPatrumttslt·

241 3869 344 3926 corpus
354 3862 382 3909 et
394 3853 537 3925 sanguinis
548 3854 609 3926 ejus
619 3854 730 3926 indigne
745 3857 937 3914 manducatur.
950 3858 985 3914 ht
997 3858 1036 3915 illi
1087 3861 1191 3917 monia.
1206 3859 1361 3933 Cyprianus
1375 3858 1403 3914 in
1415 3856 1534 3930 epistola
1546 3856 1580 3912 ad
1591 3850 1736 3911 Cornelium
1750 3862 1757 3899 ε
1769 3857 1777 3894 t
1788 3836 1832 3892 Etr

241 3942 382 4000 manifesti
410 3944 548 4015 haeretici,
581 3947 690 4018 praecisi
713 3947 841 4019 palmites
867 3957 895 4005 ct
917 3950 988 4005 aridi
1009 3960 1037 4006 ct
1088 3951 1181 4009 stirpat
1203 3950 1304 4022 aliquis
1325 3964 1435 4008 summa
1459 3956 1488 4005 et
1509 3962 1622 4020 magna,
1636 3952 1680 4000 aut
1694 3954 1744 3999 uon
1760 3933 1833 3992 sotus

241 4035 356 4092 omnino
367 4038 525 4102 mortui,et
537 4046 709 4095 mortuorum
721 4049 958 4097 sacramentorum
972 4042 1036 4099 tnu-
1089 4045 1144 4103 llco
1162 4052 1211 4100 ant
1234 4060 1289 4100 non
1312 4042 1497 4115 permittente,
1515 4039 1593 4109 fieri;
1608 4046 1636 4095 et
1657 4017 1832 4093 sacerdotesid

243 4124 306 4182 ²³¹3
327 4127 460 4197 minimis
481 4143 532 4185 ⁰0⁰
554 4129 652 4186 ⁸³¹²th
676 4129 729 4187 ¹¹⁰0
748 4129 849 4186 debent
866 4129 1036 4199 θῐῑὸῑῑῐΰθῐθ,
1088 4145 1130 4193 est
1151 4135 1200 4193 Dei
1221 4134 1426 4207 dispensatores
1443 4140 1526 4189 erunt
1544 4134 1598 4188 no'n
1622 4129 1655 4185 de
1668 4126 1722 4199 elus
1734 4110 1833 4180 psentia

243 4219 317 4289 ‘1¹¹⁰d
332 4219 375 4276 tel
389 4220 438 4275 5¹¹⁰
459 4222 543 4277 niodo
559 4237 616 4292 quo
630 4238 693 4279 eum
709 4221 829 4293 Caiphas
844 4223 915 4293 apud
936 4238 966 4279 se
986 4224 1037 4279 ba·
1089 4227 1216 4283 ordinati.
1241 4225 1299 4282 lloc
1319 4234 1362 4281 est
1381 4223 1462 4280 fldem
1485 4239 1541 4279 non
1557 4208 1832 4292 haberequiavirinut
1879 4232 1880 4241 κ

242 4307 314 4378 buit,
329 4309 448 4369 habeant
462 4312 604 4369 Christum
615 4314 659 4369 vel
671 4328 773 4384 corpus
783 4313 871 4385 ipsius
883 4314 1035 4382 vivificum,
1090 4321 1143 4377 troc
1156 4329 1197 4377 ost
1210 4317 1265 4374 beo
1283 4308 1416 4372 bonorem
1428 4330 1482 4373 non
1495 4314 1575 4382 dare,
1588 4310 1633 4369 scd
1647 4303 1832 4376 dertosanus

244 4417 403 4476 quanquam
422 4405 541 4461 babeant
553 4407 678 4478 corporis
694 4406 803 4462 bomini
820 4415 1035 4475 sacramentum,
1052 4396 1074 4452 Β
1090 4412 1126 4469 tia
1142 4426 1196 4467 non
1212 4408 1375 4466 ordinantur
1391 4404 1563 4472 sacerdotes,
1579 4401 1627 4475 qui
1644 4385 1716 4456 extra
1726 4385 1833 4450 ecduittt

245 4503 276 4550 '¹‘
291 4497 473 4566 superteneat
484 4506 638 4555 ostensnm.
1090 4505 1180 4570 bunt,
1208 4499 1256 4572 qui
1285 4509 1382 4557 contra
1409 4496 1619 4569 dispositionem
1650 4499 1677 4546 et
1700 4478 1832 4573 usdrusu

280 4588 326 4644 at.
347 4587 468 4647 Rursum
487 4606 542 4646 non
560 4591 624 4647 inde
643 4590 695 4646 sibi
714 4590 901 4659 blandiantur,
920 4591 994 4662 quod
1015 4592 1039 4648 si
1090 4590 1229 4664 Evangelii
1244 4589 1360 4656 faciunt,
1376 4588 1521 4658 sicutipse
1541 4584 1671 4641 Dominus
1683 4579 1709 4634 in
1724 4569 1833 4661 dudsu

244 4695 302 4735 non
317 4690 360 4737 est
373 4680 501 4738 Christus
520 4683 549 4736 in
567 4697 664 4738 eorum
680 4682 872 4748 sacramentis,
887 4682 940 4753 ipsi
951 4683 1039 4753 parti·
1090 4683 1232 4756 proplretis
1249 4681 1328 4753 ponit
1346 4688 1375 4737 et
1391 4680 1459 4736 dicit
1474 4699 1481 4735 ι
1496 4674 1668 4745 sibimetipsis
1678 4680 1753 4740 repat
1765 4660 1834 4714 souu-

245 4772 364 4843 cipando
378 4773 443 4841 illis,
460 4791 513 4831 non
528 4777 596 4830 fiant
606 4775 645 4830 rei
656 4774 781 4845 corporis
796 4781 823 4829 et
835 4772 1041 4843 sanguinisbn-
1091 4784 1209 4843 ruerunt,
1223 4784 1249 4830 et
1262 4790 1315 4830 nou
1328 4789 1375 4845 pet
1388 4788 1439 4827 me.
1451 4768 1486 4826 Et
1499 4771 1599 4827 iterum
1612 4784 1620 4822 z
1633 4756 1759 4830 Sacrificio
1771 4755 1833 4805 totto

245 4861 325 4933 mirri.
341 4861 404 4918 Pari
424 4863 500 4919 enim
517 4866 559 4920 vel
578 4866 696 4937 graviori
711 4880 761 4922 eos
779 4875 857 4920 reatu
872 4873 982 4921 constat
996 4880 1041 4920 as·
1092 4877 1219 4939 tuaquom
1231 4866 1308 4937 porris
1325 4863 1423 4933 luctus,
1436 4877 1524 4917 ornnes
1539 4859 1586 4931 qui
1600 4854 1747 4927 mondaverat
1755 4846 1834 4943 ttttt'

247 4954 345 5027 tringi;
357 4955 530 5012 occisoribus
540 4957 613 5012 enim
626 4957 713 5028 ipsius
726 4957 830 5016 Christi
845 4957 1042 5028 perseveranti·
1093 4959 1293 5017 torninobnntur
1304 4956 1378 5027 (Oce.
1403 4971 1442 5022 rx,
1463 4954 1502 5025 d).
1518 4950 1552 5006 Et
1571 4964 1619 5022 per
1635 4944 1727 5001 lsaiaru
1748 4933 1833 5004 Stffl‘l‘

247 5044 323 5102 tibus
341 5045 369 5101 in
392 5053 469 5101 reatu
487 5061 539 5102 suo
557 5047 676 5117 graviter
697 5048 884 5118 imputabatur
901 5046 960 5118 ipsa
981 5045 1042 5119 ejus
1093 5061 1205 5109 sanctus
1225 5050 1325 5106 clamat
1344 5046 1474 5103 codicia:
1493 5042 1539 5100 Vra
1557 5039 1639 5106 cotto,
1656 5030 1832 5108 piliitluttltffb

247 5141 368 5210 occisio;
384 5141 432 5198 sed
443 5143 560 5222 gravius
571 5143 704 5213 imputata
718 5143 817 5201 fuisset
830 5144 917 5215 ipsius
937 5142 1041 5198 Christi
1093 5143 1149 5199 lroeo
1163 5138 1372 5195 ototrttontnos
1389 5153 1398 5191 :
1416 5134 1546 5190 doluistis
1562 5128 1696 5187 consiliunt
1712 5131 1734 5177 et
1753 5116 1832 5175 ttttlfr

248 5231 359 5302 divisio,
371 5233 394 5290 si
405 5249 468 5290 eum
481 5242 612 5306 tauquam
625 5234 730 5292 lanistae
740 5234 944 5301 divisissent‚et
955 5249 1043 5290 mern-
1094 5250 1145 5302 vno,
1155 5243 1181 5288 et
1195 5231 1294 5303 focutis
1309 5227 1502 5284 concoctionem
1520 5241 1572 5280 nou
1589 5237 1635 5294 per
1649 5214 1762 5289 Spiritum
1773 5206 1831 5256 sota

249 5326 351 5382 lrratim
363 5326 577 5399 decerpsissent,
592 5342 712 5399 ossaque
727 5328 814 5399 ipsius
830 5328 1040 5399 confregissent.
1094 5324 1208 5395 adjicere
1224 5330 1331 5394 peceato
1350 5336 1429 5391 super
1451 5326 1558 5389 possm
1581 5313 1648 5386 (lto.
1663 5322 1722 5372 att,
1735 5302 1766 5359 ll·
1781 5290 1829 5347 iiim

250 5415 309 5474 lloc
320 5431 413 5474 autem
426 5418 548 5476 flerincn
562 5420 663 5488 decuit,
677 5422 808 5492 quoniam
823 5419 909 5476 Filius
923 5419 1043 5475 bominis
1094 5418 1131 5473 ad
1147 5430 1277 5487 magnum
1298 5413 1488 5484 presbyterum
1503 5407 1642 5465 :Ecclesia
1664 5412 1713 5454 una
1732 5397 1774 5451 ost.
1790 5388 1830 5452 Ψ

250 5509 403 5566 secundum
424 5513 498 5582 quod
521 5513 555 5568 de
570 5528 604 5569 co
623 5512 773 5575 diftiuitum
791 5522 860 5578 crat,
883 5512 918 5568 ad
933 5509 1042 5567 Patrem
1096 5509 1169 5566 intus
1182 5515 1211 5564 et
1222 5505 1292 5564 foris
1305 5519 1368 5562 osso
1386 5518 1443 5561 non
1455 5509 1555 5574 potest.
1576 5497 1605 5554 st
1618 5495 1687 5552 enim
1699 5472 1828 5604 atttttiiiffl‘¹
1879 5546 1880 5549 ,

252 5601 365 5667 taient,
384 5602 453 5657 nihil
467 5605 520 5661 sibi
535 5604 579 5660 rel
593 5607 702 5676 corpori
720 5620 772 5663 suo
785 5620 932 5676 prunarum
947 5603 990 5659 vel
1001 5602 1043 5659 in·
1097 5601 1202 5658 tionum
1216 5607 1269 5668 est,
1283 5597 1356 5670 apud
1368 5596 1526 5654 Cornelium
1542 5606 1596 5648 non
1610 5587 1673 5653 fuit;
1687 5581 1709 5638 sl
1720 5585 1772 5630 tert
1781 5573 1822 5697 spo:

250 5687 388 5758 inflatum
408 5692 502 5751 inferri
522 5695 662 5765 permisit,
683 5695 737 5754 nisi
764 5696 837 5769 quod
858 5695 893 5752 de
914 5710 947 5751 eo
970 5693 1039 5771 scri3
1096 5692 1253 5752 Cornelium
1268 5688 1339 5769 fuit,
1363 5687 1533 5749 Novatianus
1558 5684 1586 5741 in
1609 5673 1718 5738 Ecclesia
1734 5676 1777 5722 porr
1793 5666 1826 5706 ὅ·
