3892 6067
219 304 274 364 ιιι
702 305 855 377 destrunt
873 307 1069 367 ennensttt
1088 310 1364 373 nsmnsnsrsno.
1805 330 1862 389 ιιι

220 423 295 479 uenis
309 418 474 482 soliditatem
495 421 617 476 retinens
631 420 753 477 nredium
772 423 883 479 etheris
901 439 935 479 ne
951 440 1012 481 me·
1026 432 1050 488 Α
1064 424 1147 480 noina
1174 427 1225 482 ista
1242 428 1421 486 similitudine
1437 431 1584 490 adtentum
1596 437 1657 508 ejus
1679 442 1799 511 primum
1814 461 1863 502 oo-

218 511 295 568 uiuus
312 512 483 583 planetarum
505 511 600 569 locum
621 512 761 580 obtinem,
787 514 879 570 medio
901 516 964 572 eoeli
985 526 1014 572 et
1064 530 1176 585 gnesen.
1188 515 1256 574 Nam
1272 520 1301 575 in
1315 523 1435 579 meirade
1445 533 1577 582 venturus
1585 536 1627 582 est
1638 528 1666 585 io
1682 532 1782 603 spiritu
1795 550 1863 591 eon-

218 611 299 660 terrae
312 603 429 659 libratur
442 604 542 675 spatio,
562 619 614 661 nee
636 620 747 662 sursum
762 604 876 663 evolans
892 621 945 664 nec
963 607 1011 664 de·
1063 616 1169 664 terente
1178 619 1282 682 petras,
1298 614 1364 684 qnia
1382 634 1391 666 ι
1413 615 1511 685 spiritu
1523 618 1661 677 labiorum
1675 639 1789 682 suornm
1815 629 1862 684 inn

215 706 315 749 ussum
332 693 490 760 subsidens,
510 696 559 751 sed
585 695 650 752 binc
665 697 693 752 io
722 697 836 770 physico
857 698 1010 769 ponderum
1066 698 1302 773 terficietimpium
1316 702 1387 773 (lon.
1400 705 1488 778 rut),
1504 726 1513 759 ι
1530 724 1611 780 quem
1623 711 1695 768 sicut
1708 714 1863 786 Apostolus

216 784 323 841 ratione
340 785 442 854 medio,
473 795 504 841 ut
516 786 622 843 dictum
650 795 703 856 est,
719 787 837 845 libratus
860 790 1011 861 spatiosus
1063 790 1112 859 ait,
1140 790 1305 850 ‹Domiuus
1328 793 1410 853 lesus
1435 797 1582 857 interliciet
1605 801 1711 874 Spiritu
1732 809 1789 866 oris
1814 813 1860 867 sui

217 875 327 947 umque
336 876 399 946 jur,
415 886 561 934 comm„
576 886 705 935 napum:
733 880 774 936 310
786 879 919 939 pominus
930 881 1012 940 tusus
1062 879 1107 952 (tt
1124 881 1214 938 Tiress.
1230 902 1262 953 rt,
1275 886 1314 959 8).
1334 906 1344 940 ι
1368 887 1465 947 Veniet
1484 908 1595 964 quoque
1618 895 1645 951 in
1661 902 1859 973 commotione,

215 966 332 1036 geminae
345 965 422 1036 gigas
435 966 596 1024 substantiae
607 977 695 1052 reete⁸
705 970 840 1026 mediator
851 970 900 1028 Dei
912 982 940 1029 et
960 974 1011 1029 bo-
1061 973 1126 1044 quia
1137 978 1320 1034 commovebit
1334 994 1389 1036 non
1405 982 1494 1038 solum
1506 993 1617 1056 terram,
1637 988 1685 1044 sed
1699 999 1728 1046 et
1737 993 1856 1049 coelum:

216 1054 322 1110 minum
337 1057 506 1112 constitutus
533 1065 585 1125 est,
611 1059 639 1114 in
662 1061 809 1131 semetipso
835 1063 957 1120 coelestia
978 1080 1011 1121 ne
1064 1066 1159 1124 tilam
1181 1069 1298 1127 virtutes
1322 1073 1457 1130 ciclorum
1486 1079 1673 1137 merebuntur
1694 1082 1772 1154 (tue.
1798 1103 1857 1155 xri,

215 1152 324 1200 torrem
340 1145 507 1202 continuans
518 1155 546 1202 et
560 1146 722 1218 pseidcaus,
736 1151 860 1207 eoelestia
878 1153 1009 1223 illustrat,
1060 1159 1118 1230 26).
1130 1180 1141 1214 ι
1155 1159 1252 1219 Veniet
1263 1164 1345 1220 etiam
1360 1165 1388 1221 iu
1403 1168 1476 1239 igne,
1493 1170 1623 1239 qrroniam
1635 1192 1646 1225 ι
1660 1173 1732 1246 ignis
1747 1177 1775 1233 in
1789 1194 1855 1235 con-

109 1267 116 1277 ·
215 1236 469 1306 terrenacaieiacit,
483 1238 668 1298 illuminatae
692 1256 744 1298 suo
762 1242 856 1299 calore
877 1244 1008 1314 strident,
1060 1260 1154 1321 spectu
1168 1254 1229 1324 ejus
1246 1257 1416 1326 exardescet,
1429 1270 1457 1316 et
1472 1260 1500 1316 in
1524 1262 1642 1319 circuitu
1664 1267 1726 1338 eius
1751 1276 1857 1339 tempe-

213 1326 373 1383 eeetestibus
393 1326 482 1396 adest,
509 1330 626 1386 terrenis
649 1346 705 1387 non
727 1332 815 1401 deest,
836 1336 1010 1408 exsultetque
1060 1351 1118 1399 stas
1132 1342 1221 1400 talida
1240 1345 1328 1415 (Psoi.
1343 1366 1419 1418 reis,
1438 1352 1498 1424 5).»
1514 1351 1542 1408 Si
1555 1356 1777 1425 primoadventu
1791 1362 1855 1418 talis

214 1428 245 1474 ut
262 1420 340 1492 gigas
356 1419 390 1475 od
404 1421 570 1478 currendam
595 1421 667 1477 riam
693 1438 773 1480 suam
787 1426 879 1483 medie
896 1429 1008 1485 univer·
1059 1443 1086 1491 et
1098 1435 1189 1493 taliter
1199 1439 1330 1509 venisset,
1344 1443 1407 1513 quis
1426 1458 1489 1500 eum
1517 1447 1721 1505 sustinuisset?
1738 1450 1798 1507 Non
1813 1455 1857 1511 sie

215 1509 306 1565 sitatis
315 1509 350 1564 ad
359 1508 506 1567 utilitatem
521 1511 675 1568 coelestium
687 1529 720 1570 ac
739 1518 910 1574 terrestrium
922 1519 1008 1577 libra·
1058 1527 1134 1581 uenit
1146 1527 1175 1583 io
1188 1529 1320 1600 virginem
1334 1535 1425 1604 partui
1436 1540 1652 1595 consecrandam
1678 1542 1784 1601 divino.
1800 1543 1855 1602 Sed

213 1607 281 1667 tam,
300 1614 350 1656 nec
358 1610 410 1667 est,
425 1601 473 1672 qni
489 1617 519 1657 se
537 1603 691 1661 abscondat
712 1607 831 1663 acalore
843 1609 915 1680 ejus,
926 1620 954 1667 et
969 1611 1008 1669 ita
1059 1619 1198 1686 quomodo
1209 1621 1347 1679 descendet
1362 1626 1391 1680 in
1409 1624 1548 1700 Virginem
1572 1630 1661 1700 ipsnnr
1690 1632 1789 1690 Filium
1805 1636 1853 1692 bei

211 1705 272 1745 cent
284 1689 349 1758 sole,
362 1701 388 1746 et
401 1693 567 1749 antedonem
582 1709 718 1765 perrnonet
731 1698 949 1771 incastrationes
962 1720 1007 1775 pe·
1059 1708 1230 1779 unigenitum
1259 1714 1422 1785 parituram,
1438 1729 1466 1773 ct
1489 1720 1626 1777 descendet
1652 1723 1679 1780 in
1700 1725 1851 1783 Ecclesiam

210 1783 388 1839 necationem.
1023 1791 1044 1845 Β
1058 1800 1130 1858 lilios
1141 1803 1242 1860 multos
1253 1810 1428 1879 pergratiam
1448 1814 1665 1883 regenerationis
1676 1816 1827 1886 parituram
1840 1822 1853 1874 ι

244 1868 489 1931 liebraicaucrilas
503 1874 604 1932 babet:
620 1877 654 1933 dit
668 1879 796 1936 liniebant
824 1891 859 1950 te,
887 1886 1007 1957 quandiu
1057 1891 1203 1953 Descendit
1216 1906 1241 1952 et
1256 1899 1394 1956 descendet
1404 1902 1474 1958 sient
1488 1904 1579 1974 plania
1602 1908 1631 1960 io
1650 1907 1852 1979 cellos,ettie·

209 1962 312 2018 erittoi
326 1962 435 2018 eteltre
449 1970 543 2021 lantrat
556 1969 586 2023 in
608 1972 778 2041 generatione
794 1978 1004 2047 perationem.
1056 1995 1085 2041 nt
1116 1987 1256 2044 stillicidia
1271 1991 1407 2049 stillantia
1429 2013 1508 2067 seper
1529 2008 1637 2055 terrem.
1662 2001 1738 2058 Sient
1759 2006 1851 2075 plenia

209 2047 268 2107 iloc
281 2062 324 2108 est
338 2072 345 2111 ι
357 2054 503 2114 humiliato
515 2062 715 2120 ottomniatore
729 2064 782 2121 snb
804 2066 888 2137 pedes
900 2084 1005 2141 paupe·
1058 2077 1118 2135 siue
1130 2082 1247 2152 strepitu
1258 2084 1401 2143 descendit
1421 2089 1449 2144 in
1467 2090 1570 2160 lanam,
1594 2094 1635 2151 sic
1660 2094 1734 2153 bens
1753 2097 1852 2156 leniter

210 2157 273 2199 rum
286 2151 411 2215 tuorum,
432 2149 534 2217 quibus
549 2152 599 2208 das
614 2162 775 2224 potestatem
789 2156 911 2215 calcandi
923 2175 1007 2232 super
1055 2171 1162 2227 occulta
1178 2173 1280 2231 uirtute
1303 2179 1333 2233 in
1360 2176 1512 2252 Virginem.
1533 2183 1610 2241 Lana
1634 2187 1662 2244 in
1689 2188 1808 2246 bibendo
1823 2204 1852 2247 et

209 2244 352 2306 serpentes
361 2247 389 2293 et
406 2242 568 2311 scorpiones
582 2253 609 2300 et
634 2261 718 2317 super
741 2262 850 2304 ornnem
875 2249 1004 2308 uirtutem
1055 2261 1196 2319 reddendo
1221 2282 1322 2337 aquam
1347 2285 1403 2326 non
1425 2275 1582 2345 rumpitur:
1599 2279 1640 2334 sic
1661 2278 1745 2353 l'irgo
1758 2286 1851 2341 conei-

208 2325 324 2394 ioimici,
340 2345 474 2402 pnnpcres
488 2334 541 2404 ipsi
558 2351 613 2392 non
626 2337 660 2393 de
674 2338 727 2394 itae
743 2340 857 2397 victoria
868 2343 1005 2401 extollen·
1054 2353 1132 2424 piens
1148 2358 1183 2426 ζει
1204 2360 1316 2427 pariens
1332 2360 1433 2419 Filium
1455 2370 1608 2436 permansit
1637 2370 1797 2445 incorrupta
1822 2385 1851 2432 et

207 2428 263 2482 tur,
282 2420 330 2475 sed
348 2421 413 2477 lieet
426 2422 453 2477 itt
469 2432 495 2479 te
512 2426 641 2496 audaces,
658 2429 789 2485 tamenin
805 2433 1005 2502 separidisuae
1054 2443 1171 2517 integra.
1186 2446 1319 2507 Similiter
1341 2462 1368 2510 et
1394 2465 1485 2513 mater
1498 2457 1622 2517 Ecclesia
1640 2472 1668 2519 et
1686 2465 1745 2536 ipsa
1759 2465 1850 2525 vnto

206 2509 259 2564 S'lffi
271 2511 427 2580 fidilffllilli
438 2516 543 2571 cmiii
560 2519 690 2575 tintebnnt
709 2531 745 2588 te,
756 2521 876 2593 luadiit
887 2527 938 2581 erit
962 2527 1004 2582 ⁸⁰!
1053 2535 1101 2594 lto
1115 2537 1271 2609 fecundata,
1286 2544 1358 2602 iiiios
1385 2545 1433 2604 bet
1449 2551 1522 2620 parit
1533 2568 1650 2611 tnanens
1676 2557 1848 2631 incorrupta,

204 2610 230 2656 et
253 2603 429 2659 allisionum
458 2606 486 2660 in
507 2610 674 2678 neutralia&
698 2617 907 2683 sellssrtlwddm,
921 2616 948 2671 id
961 2628 1004 2674 esi
1053 2630 1118 2699 quia
1135 2632 1176 2687 sie
1189 2634 1285 2691 leviter
1298 2638 1391 2695 reniet
1402 2641 1436 2697 ed
1451 2658 1512 2699 eam
1530 2663 1648 2717 sponsus
1658 2652 1719 2722 ejus
1727 2652 1847 2712 Verbum

206 2693 283 2747 omni
298 2700 429 2766 tempore,
441 2711 497 2767 quo
509 2697 550 2752 sel
561 2706 589 2754 et
609 2699 675 2755 inire
693 2702 738 2757 sui
752 2716 852 2761 cursus
867 2718 1004 2780 peragunt
1053 2719 1101 2777 Dei
1112 2724 1181 2778 sicet
1194 2726 1336 2784 stillicidio
1348 2732 1432 2801 roris,
1447 2734 1557 2805 blande,
1581 2739 1642 2796 sine
1661 2745 1775 2814 strepitu
1790 2747 1836 2801 stit

204 2781 390 2838 ministerium
405 2785 440 2841 dd
453 2801 535 2842 itsiim
555 2790 755 2858 θθιιθΐῦιὶοιιιιιιι
770 2794 959 2854 decedentium
975 2809 1003 2856 ei
1052 2810 1225 2887 lapptiaguper
1236 2829 1345 2878 terram,

204 2874 418 2932 succedentium.
1087 2904 1174 2976 Cujus
1188 2909 1228 2965 rei
1253 2912 1362 2985 signum
1377 2915 1498 2975 Gedeoni
1513 2923 1652 2992 quondam
1678 2927 1730 2983 luit
1754 2943 1846 2986 osten·

238 2965 313 3024 Pons
343 2986 454 3026 rrnrrt.
487 2971 571 3030 Vsus.
592 2975 619 3032 6.
638 2974 785 3034 Deaceudet
813 2982 885 3038 ticet
907 2985 1001 3055 niuniu
1052 3001 1187 3070 snm,qui
1203 3011 1661 3074 pugnaturuscontrabladianitas
1676 3021 1845 3092 petiit,qnod

203 3059 232 3114 in
245 3059 339 3127 ιιιιιιι,
358 3062 464 3116 etaient
479 3064 621 3120 stillicidia
635 3068 769 3125 stillantia
790 3090 870 3144 anper
890 3085 999 3136 terrent.
1053 3085 1076 3140 si
1093 3097 1166 3143 esset
1181 3089 1321 3149 uictoriam
1342 3096 1595 3168 accommodetis
1608 3109 1727 3177 positunr
1739 3110 1766 3164 in
1780 3125 1844 3167 area

203 3148 279 3205 Ordo
293 3151 446 3208 artilleialis
461 3166 514 3209 est.
532 3155 617 3213 Prius
629 3160 702 3215 enim
723 3162 884 3223 dictumest
903 3170 938 3224 de
952 3170 998 3226 in·
1013 3157 1033 3213 C
1051 3193 1114 3233 rore
1127 3178 1288 3250 impleretur
1298 3196 1324 3242 et
1345 3204 1408 3245 area
1424 3206 1580 3251 remaneret
1596 3199 1683 3267 sicca,
1707 3202 1780 3275 quod
1805 3203 1845 3259 ita

204 3250 267 3296 turo
279 3241 385 3310 judicio
399 3242 492 3315 Regis,
502 3260 576 3302 nunc
587 3248 622 3304 de
639 3252 781 3310 nativitate
790 3255 888 3326 ipsius,
898 3275 997 3331 quern·
1050 3269 1152 3325 iactnm
1168 3283 1218 3328 est.
1233 3273 1300 3331 ltem
1312 3292 1422 3352 propter
1434 3283 1505 3341 idern
1524 3290 1613 3358 petiit,
1627 3302 1657 3346 ut
1678 3309 1739 3350 rore
1751 3297 1846 3351 made·

202 3331 350 3389 admodum
376 3336 517 3406 precedit,
537 3339 724 3413 subiungitur.
753 3345 787 3403 Et
814 3348 860 3405 bic
874 3353 953 3421 ordo,
968 3365 999 3410 ut
1048 3361 1200 3421 fieretarea
1216 3376 1244 3422 ct
1268 3369 1351 3427 uellus
1375 3377 1495 3444 positum
1514 3381 1541 3435 in
1556 3397 1587 3436 en
1604 3383 1770 3443 inueniretur
1789 3390 1844 3445 sic·

203 3422 372 3492 dictumest,
389 3425 543 3485 illificlilii
557 3439 610 3497 0⁸²2
630 3436 748 3491 ”siusili
763 3440 916 3509 ⁰ilil⁰⁸il¹¹³2
932 3444 997 3514 ‘luia
1049 3470 1124 3525 cum,
1140 3459 1308 3528 quodetiam
1323 3463 1364 3521 sie
1388 3466 1557 3530 factumest.
1570 3472 1774 3547 Mysticeeelles
1794 3480 1846 3537 bn-

202 3516 337 3575 nntnralis
344 3526 397 3585 ost,
408 3533 471 3573 eum
484 3521 560 3592 qnod
571 3524 649 3593 prius
663 3536 755 3584 actum
772 3540 825 3599 est,
839 3534 917 3603 prius
930 3551 997 3592 rrar·
1048 3545 1152 3602 midum
1166 3545 1271 3618 iudaea,
1281 3570 1343 3625 qnae
1353 3571 1416 3614 rore
1428 3562 1548 3621 eoelestis
1557 3565 1686 3624 doctrinae
1696 3585 1745 3640 per
1755 3571 1843 3643 legem

201 3612 290 3674 ratur,
310 3615 339 3663 ct
358 3610 496 3679 posterius
510 3613 659 3682 posterius.
681 3617 840 3680 tenueratis
858 3640 923 3682 vero
943 3637 995 3696 cst,
1048 3653 1081 3693 ue
1095 3639 1242 3709 prophetas
1261 3644 1478 3709 irrorataunum
1495 3656 1583 3713 tleum
1605 3661 1723 3719 colebat.
1740 3662 1773 3720 in
1790 3667 1844 3725 boc

203 3708 266 3751 cum
278 3697 351 3768 quod
364 3701 502 3769 posterius
515 3712 607 3759 actum
620 3717 673 3775 cst,
689 3711 847 3769 narratione
860 3716 995 3788 anticipa·
1047 3731 1130 3785 uellus
1144 3731 1297 3802 ipseFilius
1311 3736 1357 3795 bei
1369 3743 1438 3798 sicet
1448 3745 1539 3817 pincio
1549 3749 1693 3821 descendit,
1702 3758 1766 3827 qnia
1778 3774 1843 3831 gra·

201 3795 258 3856 tur,
273 3796 302 3844 et
313 3790 387 3859 quod
411 3792 489 3861 prius
504 3803 596 3851 actum
609 3806 662 3866 cst,
677 3798 815 3869 posterius
829 3810 995 3879 artnectitnr,
1048 3820 1085 3875 tia
1100 3838 1149 3878 sua
1161 3823 1194 3878 dc
1205 3820 1299 3882 tunsa
1318 3831 1347 3885 in
1373 3834 1480 3907 virgine
1496 3854 1606 3897 cartrem
1623 3848 1780 3917 assumpsit.
1794 3847 1842 3904 bi-

202 3886 234 3934 nt
246 3879 275 3935 in
291 3881 343 3937 bec
355 3881 416 3939 loco
431 3894 542 3942 narrato
568 3887 651 3962 Regis
677 3893 782 3964 indicio
799 3899 877 3968 quasi
891 3913 996 3972 quaerat
1047 3912 1168 3985 scipulos
1183 3920 1246 3978 inde
1259 3924 1342 3996 elegit
1354 3926 1437 3983 totius
1448 3931 1524 3988 orbis
1534 3949 1598 3990 arca
1614 3937 1687 3994 sicca
1702 3950 1839 4007 enarrante,

200 3968 337 4042 aliquis:
364 3973 509 4042 Quomodo
529 3981 583 4034 erit
611 3982 746 4043 adtentus
769 3988 839 4059 ejus,
861 3994 901 4047 tel
923 4011 995 4067 qno·
1047 4007 1111 4075 quia
1129 4011 1249 4070 nubibus
1265 4016 1471 4088 prohibebatur,
1489 4038 1524 4078 ue
1534 4027 1659 4095 pluerent
1672 4046 1754 4100 super
1768 4032 1841 4090 bane

200 4062 284 4119 modo
295 4064 407 4136 incipiet
417 4083 532 4140 regnum
545 4074 606 4143 ejus
618 4075 630 4130 l
643 4075 833 4149 despondetur
849 4104 856 4141 t
870 4084 931 4145 Nan
945 4107 994 4157 tc·
1047 4116 1148 4159 aream.
1163 4105 1241 4166 Uinde
1251 4120 1293 4168 est
1312 4096 1379 4171 illud
1393 4137 1401 4170 ε
1422 4136 1432 4168 ‹
1451 4116 1568 4177 istriam
1582 4126 1704 4194 genitium
1719 4145 1753 4183 ue
1764 4130 1840 4185 abie-

201 4154 608 4232 nietinspiritugrandietiorti
617 4179 773 4230 conterente
781 4187 942 4248 petras,nou
951 4201 996 4242 ve·
1045 4194 1105 4252 ritis
1120 4197 1229 4268 (ιιιιιιι.
1255 4219 1284 4272 1,
1298 4205 1361 4275 5).)
1379 4205 1482 4267 ludaeis
1509 4224 1601 4271 autem
1625 4218 1697 4275 banc
1719 4222 1840 4291 pluriam

200 4247 296 4304 trietin
311 4254 497 4311 commotione
516 4258 558 4312 vel
580 4259 652 4332 igne,
675 4266 749 4336 sed«
767 4269 794 4323 in
820 4272 900 4330 sibilo
920 4293 995 4335 aurae
1045 4287 1169 4356 gratiana
1197 4307 1227 4347 se
1243 4297 1439 4365 repellentibus
1463 4303 1546 4360 uelles
1576 4320 1718 4368 excecat-e
1739 4312 1840 4371 tardas

201 4337 271 4396 lenis
282 4339 345 4411 (ιιι
361 4341 425 4414 ileu.
442 4360 500 4412 ιιι,
517 4349 572 4420 ¹2),
586 4369 596 4404 ι
619 4356 762 4413 utdictum
774 4372 816 4416 ost
831 4363 906 4421 nttae.
920 4368 994 4426 Prae·
1045 4379 1150 4436 siecum
1180 4389 1324 4459 remansit,
1347 4399 1375 4447 et
1392 4401 1458 4452 tuuc
1482 4398 1683 4459 descenderunt
1697 4406 1838 4464 stillicidio

200 4431 284 4487 cessit
294 4433 404 4503 quidem
416 4436 563 4495 adrentum
588 4444 648 4514 ejus
661 4456 688 4502 et
715 4453 829 4521 spiritus
847 4471 993 4524 coniterens
1009 4492 1031 4547 D
1045 4475 1139 4543 gratiae
1150 4491 1229 4548 sepo
1239 4489 1338 4536 terrem
1348 4485 1513 4560 stoeaeprtns
1528 4508 1598 4549 arcae
1613 4498 1745 4568 gentium.
1765 4498 1837 4556 Betae

200 4528 292 4591 petras
304 4522 331 4579 in
346 4526 502 4596 captiuitate
512 4530 606 4588 decem
620 4536 740 4595 tribuum
755 4540 837 4602 israel
852 4566 859 4616 ;
874 4554 920 4608 sed
937 4570 992 4612 non
1044 4572 1135 4619 autem
1148 4564 1243 4625 Jndaea
1258 4573 1363 4630 velleris
1378 4581 1490 4639 immine
1509 4583 1677 4657 designetur,
1692 4607 1754 4662 que
1764 4593 1837 4649 sieut

202 4611 230 4667 in
244 4615 344 4684 spiritu
360 4616 583 4695 Donamusque
597 4628 721 4687 nondum
740 4633 793 4691 luit
819 4647 927 4713 ternpus
944 4649 993 4704 ad·
1043 4650 1124 4709 uellus
1135 4658 1260 4717 aufertur
1274 4664 1309 4719 ab
1323 4681 1383 4733 ore,
1397 4668 1436 4725 ita
1447 4680 1506 4727 erat
1517 4676 1693 4745 exspolianda
1704 4681 1836 4741 doctr-ineu

164 4764 168 4772 ⁸
200 4712 299 4760 reatos
316 4707 386 4776 ejus.
407 4709 554 4771 Praecessit
575 4726 603 4773 et
630 4727 779 4782 commotio
794 4728 822 4783 in
836 4735 993 4800 captivitate
1042 4748 1205 4805 auctoritate
1222 4754 1284 4811 :vel
1295 4756 1361 4826 quia
1377 4759 1448 4817 sicut
1464 4764 1545 4818 celles
1560 4768 1660 4825 retinet
1674 4787 1785 4842 aquanr,
1797 4772 1835 4828 ita

200 4789 275 4889 regis
286 4790 539 4898 inachim-spoliata
560 4803 712 4868 Jerusalem
726 4833 733 4870 ε
745 4817 791 4873 sed
808 4833 863 4875 tren
874 4822 902 4877 in
915 4841 993 4883 com·
1041 4835 1135 4897 tudaea
1152 4842 1305 4904 doctrinam
1323 4851 1382 4909 sine
1393 4852 1495 4911 iructn.
1512 4858 1583 4914 drea
1597 4876 1719 4934 veroper
1733 4880 1834 4936 aquarn

200 4887 324 4936 ¹¹¹⁰⁰⁰¹¹0
336 4880 633 4997 ⁰⁰m¹⁰⁰J·Pf³{⁰0⁵⁸ll
646 4910 674 4956 0²
686 4904 768 4974 ignis,
783 4913 893 4978 qnando
905 4920 992 4987 capti-
1043 4931 1155 5005 irrigata
1182 4940 1341 5008 germinans
1354 4948 1528 5017 germinabit.
1544 4952 1589 5008 Sic
1604 4964 1631 5011 et
1642 4958 1749 5014 vocatio
1767 4975 1835 5030 gen·

200 4978 264 5027 rato
278 4986 343 5045 rege
366 4973 479 5036 Sedecra
496 4987 914 5062 ctrrmslerusniemClraldaico
930 5009 992 5082 igne
1042 5024 1109 5081 oium
1125 5032 1264 5100 compluta
1288 5051 1337 5106 per
1363 5041 1476 5097 terbum
1490 5047 1647 5115 germinans
1669 5051 1834 5119 germinabit

199 5063 369 5166 conflagrata
382 5078 410 5125 el
420 5082 526 5132 lanitia
546 5087 589 5134 esi
604 5081 631 5137 iu
646 5091 884 5164 transmigratione
903 5100 992 5176 Baby·
1041 5124 1069 5170 et
1079 5120 1227 5178 exsultabit
1240 5125 1395 5187 letabunda
1408 5144 1435 5191 et
1461 5137 1589 5207 inridens,
1612 5141 1729 5211 eoquod
1744 5142 1831 5215 gloria

199 5154 285 5214 ιοιιιι.
302 5155 357 5215 Sed
372 5175 461 5232 neque
472 5165 499 5220 in
527 5175 712 5234 commotione
723 5196 812 5254 neque
823 5187 851 5243 in
864 5190 926 5264 igne
937 5194 991 5251 bo·
1041 5205 1138 5265 Libani
1153 5212 1214 5269 data
1245 5228 1287 5273 est
1302 5219 1338 5286 ei,
1353 5223 1436 5282 tironi·
1459 5229 1578 5287 Carmeli
1592 5241 1619 5288 ct
1634 5231 1744 5306 Saron;
1764 5237 1830 5308 quia

198 5245 642 5322 nitus,q1¹0niamtliffetebtlnr
665 5269 799 5332 adrentus
818 5280 878 5352 ejus
903 5300 991 5357 usqne
1043 5301 1166 5359 restibus
1180 5303 1253 5362 Esau
1267 5312 1437 5384 raldebonis
1456 5320 1551 5390 junior
1572 5325 1644 5383 iilius
1659 5328 1783 5400 indutus,
1796 5345 1831 5385 er

199 5337 235 5393 ad
251 5337 402 5413 Virginem,
426 5354 633 5414 annuntiatione
647 5365 770 5435 aragolica
793 5385 843 5441 per
856 5372 989 5444 Spiritum
1040 5387 1099 5458 ipsa
1111 5393 1335 5458 vestimentorum
1350 5402 1497 5477 iragmntia
1525 5415 1612 5484 spirat
1636 5417 1830 5492 odoremque

199 5439 326 5487 nanctum
338 5442 469 5509 nuquam
495 5444 577 5501 sibilo
597 5465 671 5509 aurae

766 5594 774 5607 .
786 5553 864 5623 Quod
874 5576 926 5634 ego
939 5564 990 5623 tta·
1040 5571 1111 5630 sicat
1123 5576 1191 5635 odor
1202 5584 1260 5653 agri
1269 5585 1440 5658 pleni,quem
1456 5592 1595 5655 benedixit
1605 5599 1739 5661 [lominus
1748 5602 1826 5675 (no.

218 5612 229 5703 ¹.
252 5670 255 5673 .
524 5630 688 5692 :necorde
702 5642 771 5697 sicut
784 5645 875 5716 pluuia
894 5655 923 5709 in
935 5658 990 5714 cei-
1040 5681 1126 5736 urrr,
1139 5669 1216 5741 bil.»

319 5711 326 5721 Ι
1232 5672 1279 5730 Vis
1296 5677 1390 5736 audire
1402 5682 1485 5753 liujus
1499 5689 1557 5760 agri
1580 5695 1664 5762 pleni,
1679 5697 1827 5755 stillicidiis

263 5717 371 5769 ederent
397 5716 537 5778 stillicidio
564 5726 698 5786 stillantia
711 5750 789 5805 super
801 5749 908 5803 terrem.
934 5750 988 5808 Ge·
1041 5758 1076 5814 tie
1090 5775 1153 5819 rere
1170 5765 1222 5821 cuci

1225 5766 1309 5837 ipost
1335 5771 1443 5843 latagum
1462 5778 1612 5843 siceitatem
1637 5788 1827 5862 irrigati,th
