3892 6067
140 247 211 309 rata

619 240 831 300 obaeratus
849 238 1036 295 ADVERSUS
1055 234 1273 293 sruotttacos

1694 231 1763 293 ldifl

135 366 254 439 agimus,
282 375 336 417 uon
357 359 483 415 ridentur
501 357 663 414 norrrrnatim
680 357 707 411 in
722 356 859 426 praedictis
874 370 923 407 au·
940 368 962 423 ,q
977 349 1100 421 nunquid
1113 349 1187 405 bunc
1199 349 1280 404 talem
1293 348 1477 419 judicabimus
1489 362 1549 406 esse
1563 347 1761 406 simoniacum.

135 452 311 511 ctoritatibos
332 466 478 521 expressae.
499 447 531 503 lli
544 450 658 504 audiant
679 448 744 503 illud
760 464 792 503 err
806 447 923 503 coneilio

135 546 284 604 Clementis
296 558 390 614 papa:
410 561 420 593 ι
441 540 553 596 dossum
572 549 614 595 cst
635 539 796 609 antiquitus,
822 547 848 592 et
872 554 923 593 nos

136 639 188 695 snb
204 636 376 693 anathemate
396 634 423 687 in
446 642 605 704 perpetuam
624 631 811 687 interdicimus
822 630 855 686 dc
866 632 922 687 bre·

128 728 192 785 ‘resi
212 725 384 790 simoniaca,
406 740 468 794 quae
490 723 575 776 creuit
601 721 702 790 inepta,
715 721 815 791 dequa
829 730 922 776 sancta

135 818 256 874 decrerit
280 816 411 887 synodus,
440 814 544 867 millum
559 821 606 866 aut
629 810 807 867 ecelesiarum
825 828 923 868 consen

134 911 300 975 orationem,
318 917 363 963 aut
388 906 697 976 archipresbyteratum,
715 913 762 959 ant
781 919 922 959 common·

136 1001 325 1057 nrondatinnes
342 997 479 1059 altarium,
496 1005 544 1049 aut
560 994 720 1050 traditiones
732 995 922 1059 ecclesiarum,

134 1100 183 1147 aut
197 1091 321 1146 abbatias
331 1096 379 1144 aut
391 1088 587 1158 praeposituras
597 1089 731 1154 verrdere;
744 1088 846 1157 quique
858 1102 924 1142 con-

135 1184 246 1239 dorcrit
272 1191 319 1236 aot
338 1180 500 1246 vendiderit,
524 1189 571 1235 ant
586 1183 691 1247 emerit,
718 1181 862 1234 anatliema
876 1182 921 1236 sit.

133 1281 232 1335 Amen.
253 1277 285 1332 Et
305 1277 505 1346 responderant
519 1288 615 1330 omrres
633 1274 714 1329 tertio
732 1273 822 1337 :Flac
837 1273 891 1328 bat.
912 1295 922 1327 r

133 1371 252 1426 Audiam
264 1367 506 1431 illudconductltii,
516 1384 550 1421 ne
561 1382 659 1421 norum
672 1374 766 1436 putent
776 1367 848 1435 qnod
858 1382 926 1420 con-

134 1463 279 1518 ductiones
304 1459 483 1515 nihilominus
498 1471 580 1528 qnam
605 1459 758 1528 emptiones
770 1466 817 1512 ant
831 1458 925 1513 renali-

134 1556 224 1609 tiones
237 1552 484 1608 ecclesiasticarum
504 1566 594 1605 rernm
611 1551 728 1605 elicimus
742 1550 878 1619 pertinere
891 1550 923 1603 ad

134 1647 397 1702 arratbematimturn
411 1643 540 1699 Simonias
552 1644 772 1700 mercimonium.

974 441 1037 510 qaia
1048 440 1204 495 nullatenus
1218 439 1358 494 existimat
1369 440 1411 493 rel
1421 439 1473 494 boc
1483 439 1517 494 de
1537 455 1566 495 se
1580 442 1655 510 eupit
1669 442 1763 497 eristi·

974 531 1044 585 nrari
1057 531 1129 601 quod
1152 530 1253 585 donum
1268 528 1314 584 liei
1330 530 1488 600 possideat?
1509 530 1567 584 lmo
1593 531 1616 586 si
1642 547 1765 604 congrua

975 622 1056 676 rebus
1071 620 1182 675 nomina
1197 621 1335 690 ponimus,
1358 637 1410 675 noa
1427 620 1624 689 simoniacum,
1648 624 1695 677 sel
1719 638 1765 680 sa·

974 712 1104 782 erileqnm
1121 710 1194 766 lrnnc
1206 711 1286 765 talem
1300 711 1428 774 dicitnns,
1444 713 1507 781 quia
1523 712 1642 766 tollendo
1654 726 1763 766 sacrum

973 802 1007 856 dc
1022 817 1110 869 sacro,
1124 801 1320 868 ecclesiastica,
1336 814 1468 872 qnantum
1481 805 1508 857 iu
1524 820 1553 859 se
1570 816 1621 868 est,
1635 802 1701 858 lacit
1715 819 1764 860 sco·

974 890 1089 952 colaria,
1108 899 1135 946 ct
1150 906 1203 945 non
1220 893 1404 947 ecclesiastiea
1418 894 1545 947 existere.
1560 891 1632 949 istud
1654 895 1764 949 sacrilc·

975 981 1049 1050 giam
1073 981 1151 1037 laicis
1166 992 1209 1038 εει
1222 983 1424 1053 imputandam,
1451 984 1497 1053 qui
1513 998 1557 1038 ns
1571 985 1766 1040 ecelesiasticis

975 1075 1259 1132 administrationibus
1275 1077 1380 1133 debitas
1394 1078 1535 1147 possident
1558 1094 1607 1148 per·
1632 1080 1764 1135 saeculare

975 1169 1137 1237 obsequium
1154 1170 1254 1223 talibus
1266 1170 1348 1225 rebus
1360 1171 1524 1225 indebitam.
1545 1170 1584 1225 lle
1601 1171 1653 1226 boe
1677 1174 1765 1226 sacr-i·

975 1257 1045 1325 legio
1061 1267 1190 1313 notantur
1206 1259 1268 1328 laici
1292 1259 1458 1314 decimarum
1472 1275 1656 1330 possessores,
1669 1271 1695 1316 et
1706 1263 1762 1332 epi·

975 1352 1050 1420 scopi
1069 1354 1226 1407 earumdem
1242 1354 1411 1409 decimarum
1440 1357 1558 1412 ultr-unet
1574 1373 1764 1428 concessores,

972 1445 1051 1514 jutta
1065 1446 1130 1500 illud
1144 1445 1214 1500 beati
1232 1444 1334 1501 Urbani
1362 1463 1438 1517 papae
1448 1458 1475 1504 ει
1500 1451 1630 1518 maryris
1647 1469 1653 1505 :
1669 1472 1679 1503 ι
1699 1450 1767 1521 lpsre

975 1552 1040 1591 aero
1053 1552 1096 1591 rea
1108 1538 1278 1608 singularum
1292 1540 1485 1607 parocbiarom
1499 1541 1525 1594 in
1542 1541 1647 1596 ditione
1659 1544 1764 1611 episco-

975 1645 1083 1699 porum,
1095 1629 1142 1699 qui
1160 1630 1350 1684 loerrnrtenent
1364 1633 1562 1701 apostolorum,
1577 1643 1655 1689 erant
1667 1643 1765 1689 etsuat

170 1740 197 1795 9.
216 1737 281 1793 Ιιειιι
308 1747 371 1794 sunt
395 1738 442 1808 qui
456 1737 640 1792 conductitios
656 1751 688 1790 ae
701 1743 814 1790 caeteros
828 1735 923 1804 bajus·
941 1740 961 1792 lt
978 1738 1064 1793 usqne
1087 1722 1186 1785 adhuc,
1201 1732 1227 1778 ⁰1
1244 1722 1344 1777 suillis
1361 1735 1564 1795 sempiterno!
1582 1727 1763 1796 temporibus.

134 1830 210 1885 modi
229 1838 398 1885 mercatores
409 1830 521 1900 perboe
541 1827 663 1881 nitantur
685 1827 864 1893 deleadere,a
880 1824 924 1880 st-

135 1923 262 1978 moaiaea
275 1921 383 1987 baeresi,
399 1921 472 1991 quod
487 1929 601 1991 peccant
612 1919 762 1989 eupiditate
777 1920 869 1989 potius
884 1918 925 1972 lu·

135 2013 185 2078 erl,
206 2028 289 2083 quam
312 2012 459 2068 seducendi
482 2012 573 2067 studio
594 2008 744 2078 stimrtlati3
772 2010 851 2081 quasi
868 2025 926 2079 per·

135 2119 213 2157 versa
241 2118 336 2158 eoram
353 2103 489 2173 cupiditas
513 2103 620 2158 minuat
646 2118 678 2157 ae
694 2117 749 2157 non
770 2102 861 2172 potius
876 2118 926 2158 ao·

135 2206 194 2265 gear
212 2196 313 2250 malum
328 2195 400 2265 quod
413 2204 508 2266 agunt,
520 2196 567 2266 qui
584 2195 703 2250 maxime
717 2196 864 2266 peripsam
877 2211 925 2250 ca-

137 2287 277 2355 piditatem
292 2288 463 2343 accusabiles
480 2289 557 2342 liunt.
579 2287 672 2358 Neque
687 2289 759 2343 enirn
776 2288 850 2343 Giczi
865 2288 925 2344 idco

136 2381 226 2450 putuit
248 2396 263 2434 a
283 2397 312 2437 sc
336 2380 438 2451 lepram
464 2396 592 2438 amovere
611 2381 732 2437 Naaman
757 2384 829 2455 Syri,
851 2385 924 2455 quod

136 2481 296 2538 peccaverat
321 2474 408 2543 magis
437 2474 586 2543 eupiditate
610 2475 727 2529 vestiam
753 2487 781 2531 et
809 2479 924 2547 argenti,

136 2579 218 2631 quam
239 2564 329 2618 studio
345 2580 510 2635 quemquam
536 2566 693 2621 scduccrnli.
710 2567 821 2623 Talibus
837 2571 925 2624 marri-

138 2654 204 2708 leste
228 2655 321 2710 obviat
347 2653 473 2710 Urbanus
498 2672 567 2726 papa
592 2658 791 2724 secundusne
807 2660 924 2715 dicens:

139 2764 149 2795 ι
169 2742 331 2817 Quicunque
344 2761 388 2801 res
409 2747 610 2802 ecclesiasticas
622 2762 677 2802 non
690 2748 724 2802 ad
737 2747 789 2803 boc
805 2749 838 2802 ad
852 2750 925 2819 quod

138 2835 268 2889 institutae
282 2846 356 2904 suat,
372 2838 418 2892 sed
431 2838 465 2891 ad
481 2838 592 2907 propria
610 2838 686 2892 lucra
698 2854 810 2893 monere
827 2838 927 2910 lingna

137 2927 177 2979 rel
189 2928 301 2982 indebiti
325 2929 448 2999 obsequii
464 2930 505 2983 rel
516 2930 632 2999 pecunia
655 2928 769 3001 largitor
782 2932 823 2985 rel
839 2933 926 3002 adipi·

137 3015 234 3083 scitur,
262 3014 437 3073 simoniacus
461 3028 502 3072 est
520 3034 526 3070 ι
543 3031 605 3072 conr
630 3018 791 3088 principalis
810 3020 926 3073 intentio

138 3103 261 3163 Simonis
274 3106 356 3163 luerit
367 3109 424 3165 sola
435 3110 562 3181 pecunia,
579 3118 606 3164 et
625 3110 751 3177 avaritia,
768 3111 850 3167 idest
865 3111 925 3165 ido·
940 3075 960 3131 c

137 3196 257 3265 lolatrla,
271 3207 301 3253 ut
322 3201 361 3254 ait
375 3201 523 3271 Apostolus
540 3218 547 3253 :
566 3200 600 3254 Er
615 3203 730 3257 onaritin
742 3219 802 3273 qnoe
819 3212 858 3257 est
872 3205 928 3256 ido-

136 3291 223 3345 lorum
234 3291 346 3346 semitas
357 3290 464 3363 (Epiros.
476 3309 502 3359 r,
518 3293 572 3355 lcii.

174 3378 218 3436 ll).
240 3379 311 3437 llnio
336 3383 452 3439 llornani
475 3384 611 3453 pontificis
635 3384 792 3441 auctoritati
815 3387 926 3456 quidam

138 3473 242 3529 iaciunt
257 3474 376 3545 ineptam
395 3475 607 3545 oppositionem.
632 3476 731 3532 Dicunt
745 3477 817 3533 enim
838 3497 844 3534 :
870 3498 879 3529 ι
898 3478 926 3532 Si

137 3582 229 3621 rerum
253 3566 501 3622 ecclesiasticarum
523 3582 571 3637 per
592 3583 694 3623 munos
713 3569 823 3639 linquae,
845 3569 923 3625 ubso-

138 3659 195 3728 quii
222 3657 352 3724 indebiti,
381 3672 482 3727 perque
504 3674 605 3714 nrrrnus
630 3658 751 3727 pecunia
778 3659 849 3715 laeta
872 3661 927 3714 lar-

138 3752 205 3821 gitio
219 3753 260 3806 ecl
275 3752 383 3821 adepto
394 3762 436 3807 est
447 3751 586 3818 Sirnonia;
600 3752 656 3820 jam
668 3750 833 3807 Simonideis
846 3752 927 3821 plena

138 3853 180 3899 εει
195 3846 287 3899 ειιιιιίε
301 3854 383 3910 terra,
395 3844 525 3914 quoniam
546 3853 574 3900 ει
588 3844 686 3899 villicis
706 3845 865 3913 caterisque
877 3858 924 3899 eo·

139 3934 211 3988 lonis
227 3949 332 3990 necnon
344 3934 477 3989 militibus
487 3935 564 3990 laicis
577 3936 713 3990 donantur
732 3934 866 3988 interdurn
883 3948 927 3989 ee·

138 4024 303 4092 elesiastira,
328 4024 526 4080 interveniente
548 4024 657 4095 linquae,
684 4023 808 4094 obsequii
823 4038 927 4078 acmu-

139 4115 214 4172 neris
224 4116 412 4171 mercimonio.
429 4136 439 4169 ι
454 4115 506 4183 Qut
519 4118 577 4172 haee
590 4116 695 4182 dicunt,
710 4130 764 4169 noa
778 4116 845 4170 satis
856 4116 926 4171 inter

139 4207 312 4281 saerilegium
341 4218 368 4265 ει
393 4206 545 4265 simoniam
566 4209 750 4281 distinguunt.
773 4205 841 4262 Naar
862 4222 924 4262 eom

140 4299 301 4356 beneficium
312 4310 338 4356 ει
350 4300 466 4356 officinm
480 4301 694 4357 ecclesiasticum
709 4301 744 4355 ita
757 4300 924 4370 sibriensis,

976 1813 1125 1883 cx'quilrns
1151 1814 1270 1883 episcopi
1288 1824 1314 1869 et
1333 1814 1425 1869 tldeles
1441 1816 1647 1886 dispensatores
1668 1834 1765 1875 corum

976 1919 1148 1961 communem
1166 1907 1247 1960 vitam
1260 1908 1356 1979 degere
1367 1909 1522 1965 volentibus
1535 1912 1688 1966 arinistrare
1699 1928 1766 1969 eurr-

975 2006 1018 2051 cta
1036 1998 1190 2052 necessaria
1210 2000 1320 2062 debeat,
1345 2001 1537 2069 prontmelius
1556 2012 1714 2070 potuerunt,
1737 2015 1767 2061 ut

976 2103 1057 2143 nemo
1070 2088 1096 2142 ia
1109 2090 1149 2143 eis
1161 2104 1243 2161 egens
1254 2090 1416 2145 invenietne
1427 2090 1494 2161 Ipsae
1503 2092 1576 2146 enim
1589 2108 1632 2149 res
1646 2095 1767 2154 bdelium

976 2180 1129 2235 oblationes
1154 2182 1348 2251 appellantur,
1371 2184 1435 2252 qnia
1463 2181 1581 2239 llonrino
1599 2184 1765 2242 oderantur.

976 2270 1034 2327 Non
1049 2289 1114 2345 orgo
1125 2274 1224 2329 debent
1237 2274 1263 2327 ia
1292 2276 1361 2330 alios
1378 2291 1444 2330 usus
1461 2292 1544 2346 qoam
1565 2278 1767 2335 ecclesiastaes

976 2375 1002 2420 ot
1016 2368 1208 2436 praedictorum
1223 2365 1443 2422 Christianorum
1459 2368 1575 2423 barrum
1588 2370 1630 2424 vel
1645 2372 1768 2441 indigen·

977 2461 1044 2514 tium
1069 2461 1203 2526 erraret-ti,
1228 2461 1293 2530 qnia
1322 2470 1385 2515 rota
1403 2474 1466 2516 sunt
1489 2464 1610 2518 lideliom
1633 2474 1660 2519 ει
1682 2465 1768 2533 pretia

977 2562 1160 2624 peccatorum,
1183 2564 1265 2623 atque
1280 2553 1313 2608 ad
1330 2555 1488 2624 praedictum
1514 2572 1584 2627 opus
1604 2558 1767 2628 explendum

978 2643 1093 2699 [lumino
1112 2645 1228 2699 nadme.
1244 2645 1349 2715 Siquis
1369 2655 1471 2711 antem,
1487 2649 1562 2716 quod
1578 2649 1670 2703 absit!
1687 2663 1768 2704 secus

977 2732 1072 2806 egerit,
1098 2737 1187 2790 rideat
1200 2751 1234 2789 nc
1260 2737 1463 2791 damrratioaem
1478 2737 1590 2792 Ananiae
1603 2749 1631 2793 ει
1644 2739 1768 2808 Sapbirre

978 2830 1129 2899 pereipiat,
1157 2841 1184 2885 ει
1201 2846 1265 2886 ιειιε
1291 2833 1424 2902 sacrilegii
1453 2831 1597 2900 efficiatur,
1626 2832 1697 2888 sicut
1726 2833 1766 2888 illi

978 2916 1088 2974 luerunt
1102 2921 1148 2989 qui
1165 2921 1251 2990 pretia
1269 2921 1461 2990 praedictarum
1475 2937 1567 2978 rernm
1592 2921 1766 2979 fraudabant.

978 3009 1016 3065 lle
1026 3013 1126 3082 quibus
1135 3015 1161 3068 in
1175 3016 1310 3085 praelieris
1322 3017 1510 3085 apostolorum
1524 3019 1623 3089 legitur
1634 3017 1768 3075 rictibus:

984 3103 1030 3159 Vir
1050 3117 1138 3159 cretona
1153 3108 1257 3161 nornine
1273 3108 1403 3172 Αιιιιιιιιιε,
1428 3120 1492 3176 eto,
1511 3125 1599 3180 usque
1617 3111 1707 3180 iactas
1729 3119 1768 3167 erl

979 3200 1058 3253 tiator
1071 3216 1181 3270 mnpnus
1193 3200 1220 3254 irr
1231 3216 1320 3255 ειιιιιει
1332 3201 1377 3271 qai
1393 3202 1534 3255 narriiernat
1547 3202 1603 3257 brec
1616 3202 1688 3275 (Act.
1698 3218 1726 3271 r,
1735 3203 1767 3273 ι).

979 3286 1052 3354 llaec,
1070 3288 1179 3359 iratres,
1203 3292 1280 3347 raldo
1293 3293 1413 3348 carenda
1442 3302 1506 3348 sont
1517 3300 1543 3348 ει
1557 3294 1686 3360 timenda,
1704 3294 1769 3364 quia

980 3397 1023 3436 res
1041 3381 1168 3437 Ecclesiae
1187 3399 1240 3438 non
1259 3385 1339 3453 quasi
1362 3386 1488 3454 propriae,
1501 3384 1548 3438 sed
1562 3393 1592 3440 ot
1607 3400 1769 3440 communes

978 3482 1005 3528 et
1017 3472 1130 3530 llonrino
1143 3475 1241 3530 oblatae
1256 3490 1319 3532 oum
1338 3492 1447 3531 summo
1468 3476 1567 3532 litttore
1592 3493 1646 3532 non
1660 3478 1687 3532 in
1699 3479 1769 3534 alios

978 3583 1060 3637 quam
1072 3567 1202 3638 prelatos
1226 3585 1294 3625 usus
1305 3581 1369 3626 sont
1387 3572 1502 3629 lideliter
1517 3573 1718 3642 dispensandae,
1734 3588 1770 3629 ne

978 3657 1113 3725 sacrilegii
1137 3665 1242 3712 reatum
1271 3658 1415 3715 incurrant
1439 3659 1486 3730 qni
1503 3676 1550 3715 eas
1573 3660 1636 3714 inde
1660 3659 1769 3715 abstra-

980 3746 1059 3814 bunt,
1075 3748 1121 3802 obi
1142 3748 1249 3804 traditae
1264 3758 1338 3815 sunt,
1353 3760 1389 3815 et,
1406 3753 1478 3822 qood
1492 3753 1570 3820 peius
1588 3760 1640 3818 εει,
1657 3751 1770 3806 nnatbe-

979 3852 1023 3892 ma
1041 3836 1117 3903 bant,
1130 3840 1182 3894 etsi
1208 3855 1262 3895 non
1286 3855 1412 3911 corpore,
1426 3850 1456 3896 nt
1470 3840 1592 3898 dilanias
1602 3851 1629 3898 ει
1652 3841 1767 3913 Sapbira

979 3928 1110 3996 lecerunt,
1124 3931 1171 4001 qui
1187 3933 1289 3987 mortui
1304 3933 1473 3999 oeciderunt,
1489 3934 1580 3990 anima
1602 3944 1694 3989 tamen
1705 3949 1768 4003 quor

978 4023 1068 4093 potior
1081 4031 1124 4079 est
1136 4038 1251 4093 corpore
1265 4033 1372 4078 mortua
1384 4025 1535 4080 etalienata
1551 4040 1567 4080 a
1579 4026 1720 4081 consortio
1735 4023 1768 4079 a·

979 4119 1078 4174 delium
1091 4119 1199 4183 cadant,
1213 4126 1240 4175 ει
1252 4120 1279 4174 in
1292 4119 1456 4189 profundum
1470 4119 1591 4174 barathri
1603 4119 1739 4173 labantur.
1755 4138 1765 4170 r

980 4207 1125 4278 llucrrsquo
1138 4208 1229 4264 uerbis
1243 4206 1343 4263 Urbani
1358 4209 1439 4278 primi
1465 4208 1580 4264 subleiat
1594 4208 1673 4263 nobis
1686 4223 1768 4278 eraq-

979 4316 1089 4375 gerasse
1103 4300 1205 4356 crimen
1221 4300 1366 4371 sacrilegii,
1382 4300 1455 4371 quod
1485 4300 1513 4355 in
1535 4298 1712 4355 distractione
1725 4312 1767 4352 re·

139 4393 369 4462 annradrmrdum
385 4408 485 4463 eorpus
508 4403 534 4449 et
555 4393 657 4460 anima,
680 4392 806 4463 quisquis
830 4407 924 4448 eorum
942 4413 963 4468 p
979 4410 1039 4449 rom
1055 4393 1303 4449 ecclesiasticarum
1314 4392 1489 4447 committunt
1512 4389 1644 4461 episcopi,
1657 4389 1704 4460 qni
1718 4403 1766 4442 ne·

140 4485 257 4539 alterum
274 4484 309 4538 ita
324 4492 476 4554 comparat,
493 4493 522 4539 ιιι
549 4484 665 4539 alteram
689 4486 749 4540 siae
764 4487 849 4539 altero
871 4500 925 4539 non
977 4502 1115 4558 quaquam
1143 4487 1170 4541 in
1185 4484 1280 4541 illicita
1304 4486 1473 4540 decimarum
1489 4484 1668 4539 concessione
1683 4497 1767 4552 qnam

140 4576 293 4646 proveniat,
316 4577 374 4647 ipse
391 4578 485 4647 utique
498 4578 525 4633 in
537 4575 670 4647 Spiritum
681 4586 806 4634 sanctum
823 4587 926 4648 peceat,
946 4584 953 4593 '
978 4580 1056 4636 laicis
1082 4578 1186 4635 iaciunt
1202 4620 1210 4646 ‚
1228 4576 1382 4634 Simoniarn
1409 4577 1595 4641 eonrrnittnnt,
1622 4576 1687 4645 quia
1703 4590 1767 4629 com

141 4669 200 4721 siae
223 4682 278 4739 quo
293 4670 397 4724 nullum
419 4670 635 4725 ecclesiasticum
649 4670 768 4725 ollicium
783 4682 865 4739 posse
877 4669 928 4722 rite
975 4672 1034 4728 illis
1049 4672 1163 4729 decimis
1179 4674 1281 4729 nullam
1307 4671 1476 4741 spiritualem
1499 4667 1767 4724 administrationem

142 4758 327 4831 ralrnirristrari
341 4768 458 4815 constat.
477 4758 570 4814 Officia
581 4760 766 4815 ecclesiastica
782 4771 844 4815 sunt
860 4774 929 4830 quo·

143 4864 205 4903 ram
218 4851 270 4905 ista
284 4860 349 4905 sant
363 4852 486 4917 nomina,
512 4852 696 4922 episcopatos,
715 4851 928 4921 presbyteratus,

142 4940 315 5007 diaconatus,
339 4943 527 5014 praepositura,
554 4943 674 5008 abbatia,
695 4941 850 5008 clericatus,
868 4951 894 4996 ει
906 4941 929 4997 εἰ

142 5050 195 5106 qua
208 5044 274 5094 sunt
287 5036 454 5104 bujnsmodi,
469 5051 530 5105 quae
544 5035 603 5090 sinc
622 5035 694 5091 dono
710 5034 829 5104 Spiritus
843 5035 934 5089 saneti-

144 5145 198 5183 non
223 5138 339 5198 possunt
367 5128 419 5184 rite
439 5128 634 5184 administrari.
652 5125 688 5182 llr
712 5129 795 5198 igitur
814 5129 848 5183 de
876 5142 930 5181 ono

144 5236 277 5291 agnatus,
297 5223 332 5277 de
361 5223 420 5278 solo
448 5222 607 5292 episcopatu
642 5238 828 5292 proponamus
851 5238 930 5291 posse

144 5314 222 5377 lieri,
246 5322 273 5367 ιιι
301 5313 401 5384 aliquis
426 5313 596 5382 episcopales
623 5310 767 5367 facultates
795 5327 842 5380 per
868 5328 928 5365 mu·

145 5418 197 5455 ans
222 5403 362 5470 obtineat,
385 5404 520 5474 villasque
547 5418 578 5457 ac
600 5414 698 5458 caetera
725 5403 795 5457 bona
824 5403 931 5473 episeo-

142 5493 198 5563 pali
220 5494 450 5552 administrationi
476 5497 566 5552 debita
583 5497 623 5552 sic
646 5498 799 5567 possideat,
819 5505 848 5550 ut
870 5511 931 5550 om·

143 5588 209 5642 alno
232 5589 376 5661 episcopus
400 5605 452 5645 nec
475 5604 556 5655 esse,
581 5606 632 5646 trec
655 5591 709 5646 dici
738 5590 929 5660 concupiscat,

142 5683 242 5750 quoda
259 5683 583 5754 nonnullistyranttorutu
597 5684 680 5739 sociis
694 5684 794 5737 lactnar
806 5691 928 5743 εοιιειιιις

980 4764 1201 4836 illisinjongunt,
1218 4764 1265 4819 sed
1289 4762 1463 4818 nrarrilestum
1480 4760 1665 4832 sacrilegium,
1681 4767 1710 4813 ot
1723 4773 1768 4814 sa·

979 4857 1015 4916 tis
1027 4858 1192 4911 arbitramnr
1206 4856 1332 4926 superins
1357 4855 1584 4921 demonstratum,
1610 4851 1674 4923 quia
1694 4851 1769 4905 vida·

980 4950 1041 5005 lieet
1057 4965 1113 5003 rem
1128 4948 1353 5015 ecclesiasticam,
1375 4957 1509 5017 quantam
1531 4948 1558 5001 in
1575 4946 1645 5015 ipsis
1658 4951 1710 5010 εει,
1725 4943 1768 4997 ia·

981 5044 1056 5096 ciunt
1071 5057 1125 5095 nna
1141 5040 1366 5096 eeclesiasticam.
1381 5038 1508 5095 Urlranos
1522 5047 1614 5094 autem
1630 5034 1771 5091 secundas

981 5134 1014 5188 tle
1031 5132 1130 5189 talibus
1141 5133 1215 5201 egit:
1235 5152 1244 5183 ι
1262 5131 1396 5199 Quietum
1413 5134 1454 5188 rel
1470 5132 1610 5202 possident
1624 5143 1668 5183 res
1681 5126 1769 5182 cerlo·

981 5226 1116 5291 siasticas,
1128 5234 1157 5279 ιιι
1174 5225 1385 5291 ecclesiasticas,
1408 5227 1433 5281 il
1454 5233 1496 5281 est
1511 5222 1601 5277 obicio
1615 5221 1656 5274 vel
1684 5217 1768 5273 mini·

981 5318 1064 5371 sterio
1079 5312 1222 5388 spirituali,
1235 5317 1465 5385 quemadmodum
1477 5314 1578 5383 corpas
1589 5311 1697 5377 animae,
1706 5324 1771 5365 con·

979 5410 1099 5478 junctas,
1114 5422 1185 5478 quas
1196 5407 1262 5462 durn
1279 5410 1321 5463 rel
1337 5409 1448 5471 babent,
1463 5405 1505 5460 rel
1530 5405 1591 5459 aliis
1603 5402 1769 5472 largiuntur,

982 5519 1035 5559 una
1048 5502 1149 5558 seilicet
1169 5518 1231 5557 com
1256 5500 1371 5570 spiritali
1399 5499 1553 5555 ministerio
1568 5497 1621 5555 snb
1647 5494 1770 5551 Simonis

983 5595 1142 5657 intentione,
1163 5608 1225 5664 quae
1252 5591 1303 5646 luit
1322 5590 1435 5647 avaritia
1464 5590 1522 5645 siae
1535 5585 1671 5658 cupiditas
1688 5584 1768 5648 lucri,

983 5700 1046 5739 rere
1068 5685 1282 5755 comprobantur
1311 5698 1372 5739 osso
1399 5683 1559 5748 Sirrroulaci,
1576 5679 1640 5750 quin
1665 5676 1770 5732 donum
