3892 6067
177 201 231 258 tib
586 205 588 212 “
657 194 813 254 cunuchi
831 195 1029 253 Pumrusttt
1051 195 1324 254 detentusrttsc.

176 327 193 365 u
209 328 251 367 me
263 313 277 366 ι
287 310 357 366 Curn
373 313 460 367 sancti
473 319 579 382 petunt,
592 311 666 385 quod
677 314 717 369 cis
730 329 784 369 non
804 314 922 385 erpedie
939 322 969 368 ut
983 319 1006 376 Α
1020 329 1082 369 runt
1100 315 1213 387 ieiunis,
1228 315 1307 372 ebusi
1321 323 1386 370 sunt
1396 328 1479 384 super
1491 329 1535 370 ute
1548 313 1576 369 in
1588 327 1681 370 eruce.

176 403 290 468 Paulus,
305 403 378 460 Deus
389 405 541 462 orationem
570 420 666 462 eorum
696 405 812 477 repellit,
836 406 901 479 quia
919 421 968 461 eos
1054 402 1136 461 Vens.
1157 404 1199 460 li.
1214 403 1449 485 Circumdederunt
1461 419 1502 457 ms
1515 400 1770 474 induciomarum,
1781 403 1811 459 id

178 495 212 549 ad
231 494 294 559 hoe,
310 493 382 564 quud
398 494 440 550 eis
454 506 565 553 nonest
580 497 657 564 utile,
671 512 727 551 non
742 496 864 553 exaudit.
882 495 967 563 Quasi
1018 505 1062 553 εει
1076 495 1257 553 sieuttiuctus
1268 494 1506 567 persecutionum,
1522 503 1579 550 tote
1589 493 1632 550 die
1644 493 1810 558 Parascere,

177 585 275 640 taciem
291 586 402 654 avertit,
416 587 483 643 dunt
494 604 543 644 eos
555 588 589 645 do
604 588 781 645 tribulatione
802 597 833 643 ut
845 587 969 644 Lauren·
1019 604 1128 645 amane
1145 605 1233 660 usque
1248 589 1281 645 ad
1296 604 1438 660 vesperam
1458 602 1509 660 pro
1528 587 1589 659 cius
1606 588 1718 644 iaterltu
1731 587 1812 644 labe·

177 677 249 732 tiuut
262 693 315 732 non
330 678 423 748 eripit,
435 680 501 751 quia
514 689 616 736 aeterna
631 680 673 737 cis
684 680 783 753 gaudia
797 681 863 736 dare
875 680 969 750 dispo-
1019 681 1127 738 rabant.
1143 680 1432 738 Circsmdedcrttutme
1442 679 1523 735 sinui
1532 678 1664 736 Pharisai
1683 695 1746 736 eum
1762 693 1813 736 sa·

178 767 244 822 suit.
258 767 388 838 Sequitur
399 785 451 826 ror
460 770 578 848 Christi:
589 770 767 840 Quialacieur
779 779 871 838 tuam,
878 770 968 839 Pater,
1019 773 1187 841 serentibus,
1204 772 1310 828 Pilatus
1321 787 1384 827 cnut
1396 770 1566 842 principibus
1576 780 1604 826 ει
1618 769 1738 841 populis.

177 873 251 915 ante
261 859 374 926 avertis,
384 860 454 916 ideo*
601 924 604 936 y
1058 863 1139 920 iens.
1156 863 1199 921 ts.
1226 863 1368 935 Eioupusti
1385 879 1402 917 e
1417 862 1592 918 nte-emicunt
1606 872 1632 916 et
1647 862 1814 932 proximum,

214 948 300 1006 irus.
314 950 359 1007 tt.
375 952 482 1024 Pauper
494 970 552 1008 som
568 971 631 1026 epo,
645 970 701 1010 uon
720 955 825 1010 balens
838 955 966 1011 solatium
1021 957 1048 1012 id
1072 964 1115 1013 est
1136 956 1277 1028 apostolos
1299 963 1328 1012 ει
1351 964 1494 1026 cognatos,
1514 962 1540 1009 et
1562 952 1632 1009 alios
1647 962 1722 1008 notor
1740 970 1815 1008 meos

179 1042 223 1098 rel
249 1044 393 1099 auxilium.
410 1043 444 1098 Et
459 1048 486 1100 iu
507 1046 642 1103 tuberibus
668 1065 684 1102 e
707 1047 844 1117 iuuentute
868 1062 937 1112 mea,
953 1061 969 1099 a
1020 1048 1154 1120 elongasti
1168 1064 1185 1102 e
1201 1062 1263 1102 mea
1274 1046 1391 1101 miserie.
1406 1045 1441 1101 Et
1453 1045 1518 1118 qula
1532 1043 1663 1104 ridebant
1678 1059 1723 1101 nte
1735 1045 1816 1100 omni

1752 196 1806 254 836

83 1211 85 1216 ι
179 1142 304 1205 ternpore
314 1146 463 1207 assumptae
478 1138 569 1194 canals
581 1138 806 1195 relatricesiuto
816 1152 891 1192 auno
902 1151 971 1191 meaa
1021 1138 1124 1195 auxilio
1134 1138 1307 1207 destitutum,
1324 1137 1387 1194 ideo
1400 1137 1562 1193 occiierunt
1584 1152 1628 1199 mc
1644 1145 1674 1192 ut
1687 1136 1816 1191 mtserri-
1844 1180 1847 1183 ,

180 1227 279 1293 attus,
295 1229 358 1284 curu
373 1230 522 1300 praedicare
535 1229 637 1300 iucoepi
656 1247 663 1284 :
682 1228 816 1284 renitetur
831 1236 920 1281 eutem
941 1226 969 1282 in

180 1335 272 1387 eruce,
283 1320 439 1375 humilietur
460 1337 519 1375 sunt
533 1322 561 1375 iu
579 1320 711 1391 repulere,
722 1329 749 1375 ει
758 1317 930 1374 conturbetur
941 1318 969 1374 in

1022 1245 1107 1288 muru.
1120 1227 1191 1285 ltine
1203 1228 1237 1284 ad
1250 1227 1355 1286 inferos
1375 1228 1546 1285 descendens
1561 1227 1661 1284 lenem
1678 1227 1817 1299 alligauit,

1022 1321 1108 1393 spolia
1124 1322 1185 1393 eius
1199 1337 1261 1378 cum
1281 1320 1424 1393 triumpho
1449 1320 1608 1392 reportarit,
1623 1335 1703 1376 mane
1719 1334 1818 1377 resur·

180 1420 278 1465 ¹¹¹⁰fle·
1022 1415 1104 1483 rexit,
1118 1423 1146 1470 ct
1161 1413 1202 1470 sic
1223 1413 1339 1484 glorittm
1355 1427 1433 1468 snam
1457 1410 1637 1468 Rexaeternaa
1659 1410 1754 1482 gloriae
1770 1410 1815 1465 in·

217 1500 299 1558 Vens.
312 1503 356 1557 li.
369 1502 415 1572 ‚ln
429 1520 469 1558 me
481 1504 645 1558 transierunt
660 1503 708 1557 ira
723 1511 787 1566 tuor,
806 1501 832 1557 id
851 1509 894 1557 εει
907 1501 970 1556 rin-
1022 1502 1115 1559 travit.
1124 1500 1181 1558 Hoc
1190 1509 1278 1558 toturn
1292 1502 1327 1557 ad
1342 1500 1460 1557 lerinam
1476 1501 1581 1558 sanetis
1589 1501 1729 1567 scribitur,
1735 1500 1815 1571 quia,

179 1590 359 1662 dieuepoenae
371 1594 486 1663 peccati,
502 1593 568 1649 dum
595 1609 640 1649 me
655 1592 772 1663 flagellis
795 1592 875 1664 quasi
889 1607 968 1649 renrn
1022 1593 1046 1651 si
1060 1592 1118 1650 Rex
1132 1591 1378 1665 gloriaeeiritatem
1404 1609 1460 1650 nou
1480 1593 1534 1649 nisi
1547 1607 1597 1664 per
1609 1590 1754 1647 introitum
1764 1590 1818 1645 tri·

179 1682 338 1740 ceciderunt
353 1704 360 1739 :
375 1693 401 1740 ει
416 1694 527 1741 terrores
546 1688 586 1741 tui
605 1687 827 1742 conturbaremus
850 1702 901 1751 nte,
917 1686 971 1741 hoc
986 1674 1008 1729 Β
1021 1685 1170 1742 bulationis
1184 1685 1306 1751 intrarit,
1322 1701 1372 1742 nec
1384 1686 1438 1757 ipsi
1454 1686 1508 1743 nisi
1533 1702 1582 1757 per
1606 1683 1818 1740 tribulationem

179 1782 231 1840 est,
258 1776 395 1832 terribiles
419 1779 570 1844 cruciatus,
584 1793 655 1849 quos
676 1775 823 1847 predicari
838 1787 864 1833 ιε
879 1777 971 1832 illatu-
1024 1779 1128 1834 intrare
1142 1787 1282 1849 poterunt.

652 2139 954 2247 'estttltts
990 2152 1307 2246 LXXXVIII.

220 2564 419 2623 ιιιιεειεεειιῐεε
434 2566 544 2621 Domini
558 2567 586 2621 iu
606 2573 733 2620 eternum
756 2565 878 2625 cantabo.
892 2564 919 2617 iu
930 2580 974 2634 ge·
1026 2564 1074 2619 siae
1087 2562 1240 2628 coustituit,
1253 2559 1375 2616 loturum
1392 2557 1416 2612 ei
1431 2570 1545 2627 regnum
1564 2567 1630 2610 rere
1640 2552 1755 2624 pacifico
1765 2553 1818 2610 da·

182 2659 356 2726 secretionem,
368 2668 421 2715 etc.
433 2657 504 2727 Quia
515 2656 658 2714 Christum
673 2657 816 2729 oportebat
826 2655 892 2727 pati,
906 2670 974 2726 prae·
1022 2655 1073 2723 hit,
1088 2655 1198 2728 quando
1215 2655 1244 2710 iu
1265 2649 1370 2709 coelesti
1393 2649 1478 2721 gloria
1503 2648 1530 2702 iu
1546 2646 1667 2704 Ecclesia
1688 2645 1816 2719 regnabit

182 2749 289 2806 oeDens·
310 2750 433 2820 psalmus
456 2749 583 2821 praecinit
604 2749 664 2821 ejus
690 2749 886 2819 deiectionem
908 2747 971 2817 quia
1023 2751 1050 2806 ln
1067 2757 1211 2806 aeternum.

181 2856 248 2897 rcro
263 2843 407 2913 oportebat
427 2857 491 2899 curn
504 2857 520 2897 a
533 2841 649 2897 mortuis
671 2855 825 2913 resurgere,
840 2839 913 2895 etita
927 2838 970 2892 in·
1056 2840 1110 2898 Per
1119 2835 1430 2912 quinquediapsalmata
1438 2831 1615 2904 distinguitur
1626 2831 1653 2885 in
1667 2845 1714 2886 seu
1726 2843 1817 2885 mem·

184 2939 257 2989 trare
277 2934 305 2988 in
322 2933 437 3004 gloriam
453 2949 542 3000 suam,
560 2933 605 2987 hic
625 2932 653 2986 in
678 2929 846 3002 octogesimo
871 2939 970 2986 uetare
986 2974 1006 3031 (¹
1023 2932 1083 2990 bra.
1099 2931 1152 2989 Per
1172 2929 1331 3002 quinarium
1357 2923 1489 2982 Iudaicus
1503 2922 1621 2994 populus
1635 2921 1688 2978 stib
1714 2920 1818 2976 Penta-

182 3026 245 3081 ioco
267 3025 429 3091 calculatur,
457 3026 505 3096 qui
529 3039 661 3081 tremores
677 3039 726 3094 per
748 3022 928 3079 undenarium
944 3030 972 3076 et
999 3009 1123 3081 ‘teucho
1140 3021 1328 3085 constituitur,
1351 3034 1399 3090 per
1415 3015 1556 3073 senarium
1584 3014 1672 3070 tidelis
1695 3009 1818 3085 populus

184 3116 358 3172 octonurIurn
378 3115 585 3185 multiplicatur.
596 3113 665 3169 Nant
674 3114 803 3169 undecies
814 3112 906 3168 octoni
918 3112 971 3167 hu·

182 3207 229 3275 jus
238 3207 345 3260 uulneri
358 3221 496 3262 summam
507 3205 665 3261 conficiunt.
682 3201 759 3258 Sicut
769 3218 818 3272 per
827 3198 971 3256 denarium

184 3300 240 3365 lex,
257 3297 294 3352 lta
311 3312 360 3368 per
373 3297 556 3353 undenarium
582 3295 764 3366 transgressio
791 3294 860 3364 legis
881 3292 973 3362 etpri-

185 3389 280 3444 ruitur.
297 3387 347 3443 Per
362 3387 534 3444 octonarium
558 3384 725 3442 resurrectio
744 3382 877 3439 innuitur.
895 3380 973 3436 Desi-

185 3489 250 3552 gnut
263 3478 309 3535 hle
322 3493 388 3550 ergo
405 3494 545 3545 numerus,
556 3476 630 3548 quod
645 3493 731 3550 genus
741 3476 892 3531 humanum
907 3488 973 3544 pro·

184 3582 245 3643 pter
267 3572 515 3643 transgressionem
532 3571 601 3642 logIs
623 3570 670 3625 Dei
686 3578 837 3633 mortuum,
854 3569 975 3638 resurgit

185 3665 212 3718 in
228 3665 319 3720 anima
344 3680 393 3734 per
410 3662 563 3728 Christum,
576 3671 604 3718 et
617 3662 644 3717 in
660 3663 755 3717 ultima
770 3662 974 3718 resurrectione

185 3759 301 3830 percipit
328 3758 458 3829 gabellum
475 3766 538 3813 octo
551 3755 763 3812 beatitudiuem.
790 3753 898 3811 Titulus
914 3754 975 3824 ejus

186 3859 248 3905 est-t

264 3940 357 4012 (Vsus.
374 3941 412 4010 ι.)
431 3956 612 3996 rurattuerus
629 3956 717 3996 sautu
736 3954 894 3996 reuertere.

221 4029 312 4086 Ericen
323 4039 383 4086 erat
396 4031 501 4102 peritus
515 4031 649 4098 musicus,
666 4039 694 4088 ει
708 4030 770 4086 ideo
792 4030 839 4085 bic
852 4028 974 4100 psalmus

185 4124 219 4178 ao
234 4123 403 4180 recitandum
417 4131 459 4178 εει
474 4122 497 4177 ei
511 4138 525 4177 a
541 4120 626 4178 David
649 4123 780 4179 creditus.
798 4121 886 4177 lituae
903 4120 973 4176 diei-

184 4226 231 4271 tur
245 4216 380 4280 robustus,
402 4222 429 4269 ει
441 4220 483 4269 εει
496 4224 647 4286 martyrum
666 4215 784 4285 populus
805 4214 832 4268 in
845 4228 975 4283 perseeu-

1025 3118 1076 3174 euh
1090 3131 1138 3172 sex
1152 3114 1281 3186 operibus
1293 3110 1433 3182 Evangelii
1444 3107 1567 3165 seruiens
1579 3105 1753 3180 exprimitur,
1763 3101 1820 3176 qul

1024 3207 1127 3263 domini
1141 3205 1243 3261 Christi
1267 3201 1424 3273 suhjlcitur.
1446 3199 1475 3255 In
1496 3198 1586 3270 prima
1602 3205 1679 3269 parto
1702 3195 1818 3252 miseri·
1893 3195 1897 3208 ‘

1024 3300 1118 3357 cordia
1132 3308 1159 3354 ει
1169 3298 1271 3353 ueritas
1286 3295 1335 3352 Del
1346 3292 1569 3359 commendatum
1585 3287 1743 3346 insecenda
1757 3288 1853 3362 sin-,p

1025 3391 1129 3465 gelatis
1145 3389 1247 3447 Christi
1273 3384 1476 3459 magnillcentia
1491 3391 1519 3438 ει
1534 3389 1692 3438 sanctorum
1710 3380 1739 3435 in
1763 3394 1837 3436 nu·-

1025 3485 1098 3540 minc
1111 3483 1172 3555 ejus
1185 3481 1349 3553 praedtmtur
1365 3478 1468 3550 gloria;
1486 3477 1513 3532 iu
1525 3476 1606 3531 tertia
1620 3473 1752 3530 beneficia
1766 3471 1816 3528 bet

1025 3575 1170 3632 bomiuleo
1181 3572 1286 3629 homini
1298 3572 1396 3629 collata
1409 3577 1572 3634 narrantur;
1584 3568 1612 3622 in
1626 3576 1722 3636 quarm
1736 3579 1819 3620 ever·

1025 3669 1068 3724 sio
1084 3665 1160 3738 regui
1174 3663 1350 3721 inimicorum
1367 3660 1470 3717 Christi
1493 3659 1527 3715 ad
1543 3658 1652 3714 laudern
1674 3655 1734 3727 ejus
1756 3669 1817 3711 nte-

1025 3766 1164 3823 moratur;
1191 3756 1219 3810 in
1234 3754 1330 3827 quinta
1357 3750 1544 3808 reconciliatio
1566 3747 1722 3804 iudaeorunt
1749 3761 1816 3806 cum

1024 3848 1134 3903 Christo
1150 3854 1277 3912 notatur;
1296 3845 1323 3900 in
1347 3851 1423 3900 sexta
1448 3842 1584 3898 malorum
1610 3838 1751 3895 retributio
1766 3836 1819 3896 dc-

1027 3941 1157 3996 olaratur.
1176 3937 1236 3995 Vox
1251 3936 1339 3993 tidelis
1356 3935 1472 4007 populi=

1060 4030 1143 4088 Vnus.
1165 4031 1194 4086 2.
1220 4027 1418 4085 Misericordiae
1438 4026 1547 4081 Domini
1567 4027 1596 4079 in
1611 4033 1737 4080 uentum
1750 4038 1819 4077 reu-

1026 4123 1098 4178 teio.
1112 4121 1304 4179 Mitericordite
1318 4118 1427 4175 Domini
1443 4116 1537 4175 multet
1550 4128 1625 4182 snut,
1638 4115 1816 4184 illumiuatio,

1024 4214 1163 4278 remissio,
1177 4213 1295 4281 iustitia.
1307 4212 1456 4282 promotio,
1473 4213 1684 4284 perseverantia,
1703 4209 1817 4266 undem

186 4308 307 4364 tionibus
326 4307 467 4370 robustus,
484 4307 532 4378 qui
558 4314 600 4363 εει
620 4307 757 4374 Israelita,
771 4307 798 4362 id
823 4315 865 4361 εει
886 4303 971 4360 Mum
988 4303 1221 4365 premrrneratio.
1239 4301 1294 4359 llas
1308 4317 1406 4359 ornnes
1420 4302 1448 4356 iu
1461 4313 1588 4360 eternum
1604 4301 1817 4369 euutubo‚idest

185 4398 308 4460 risurus.
335 4397 394 4452 illia
418 4397 562 4453 translatio
589 4399 672 4453 habet
692 4417 698 4450 :
719 4396 808 4450 Ethcu
825 4394 972 4459 Ezrubitoe,

186 4491 260 4559 quoi
275 4490 377 4546 dicitur
398 4487 520 4542 robustus
545 4488 679 4557 indigene.
694 4485 744 4541 llic
757 4501 823 4558 ergo
838 4486 972 4557 psalmus,

186 4581 271 4635 idest
287 4581 347 4635 haec
363 4580 424 4634 laus
437 4576 484 4632 Ilei
499 4585 540 4632 est
555 4576 703 4631 intellectus
721 4575 809 4630 Ericen
829 4574 971 4640 israelite,

186 4671 228 4723 rel
252 4669 399 4736 Ezruhitoe,
415 4670 468 4726 boc
487 4678 541 4736 εει,
569 4667 674 4723 robusti
700 4667 795 4737 populi
820 4653 972 4736 martyrum

1025 4396 1070 4452 bie
1084 4405 1112 4452 et
1125 4396 1152 4450 in
1168 4393 1261 4451 luturo
1275 4405 1302 4452 te
1315 4393 1524 4465 manipretiis
1538 4392 1668 4450 laudabo.
1687 4392 1721 4447 lu
1736 4409 1818 4464 geue-

1027 4494 1163 4547 rutioueet
1176 4493 1341 4563 generetioue
1363 4491 1528 4547 enituntiubo
1550 4490 1687 4546 ueritatem
1702 4489 1817 4543 suumin

1025 4601 1069 4639 ore
1083 4600 1151 4649 meo,
1173 4584 1225 4639 hoe
1240 4592 1292 4653 est,
1308 4583 1336 4638 in
1348 4582 1464 4640 Iudaico
1475 4592 1502 4640 ει
1512 4583 1633 4655 gentium
1645 4582 1757 4654 populo,
1770 4583 1817 4640 vel

1025 4675 1146 4747 quetidie
1163 4676 1291 4732 succedet
1303 4677 1442 4747 generatio
1456 4675 1635 4749 generationi,
1649 4674 1816 4730 onerantiuio

187 4759 272 4814 Deum
289 4761 388 4828 uisuri,
406 4761 453 4830 qui
472 4769 532 4815 erat
552 4759 678 4829 indigena
692 4757 810 4814 eisitatis
825 4755 882 4812 Dei·
1025 4765 1136 4822 Christo
1151 4765 1287 4820 teutatem
1304 4764 1354 4821 Dei
1367 4767 1395 4821 iu
1414 4781 1540 4832 oroneo,
1558 4780 1614 4835 quo
1627 4762 1767 4820 eorrlessio
1785 4763 1817 4819 tit

223 4850 335 4905 Materia
347 4852 444 4921 psalmi
460 4860 502 4906 est
515 4850 618 4906 Christi
644 4850 784 4907 exaltatio.
802 4848 918 4905 intentio
933 4860 975 4905 est
1027 4857 1199 4922 adsalutem,
1214 4872 1295 4926 quern
1315 4856 1398 4912 eredo
1411 4857 1494 4913 eorde
1507 4856 1541 4911 ad
1558 4856 1704 4926 justitiam.

187 4941 267 4999 nobis
284 4951 392 4998 aemrttae
414 4942 475 4997 ritu
489 4942 603 5014 gloriam
621 4956 848 5009 continuateurs,
859 4940 975 4997 hortans
1055 4945 1144 5005 'vege
1160 4948 1187 5003 5.
1201 4946 1333 5013 Qeorriam
1354 4949 1448 5003 dixisti
1461 4963 1511 5019 per
1524 4949 1682 5019 prophetas,
1699 4949 1816 5003 inoetcr·

186 5053 238 5094 uos
248 5052 297 5108 per
307 5036 402 5092 laudes
414 5034 556 5091 Christiad
568 5035 641 5090 illurn
655 5033 891 5091 festinarel'erha
902 5050 976 5091 sum·
1026 5056 1088 5094 num
1103 5040 1287 5094 misericordie
1312 5038 1491 5110 edificabitur
1504 5039 1531 5094 iri
1553 5038 1635 5095 colia.
1661 5037 1730 5094 Coeli
1747 5049 1816 5094 sunt

186 5139 231 5202 pta
246 5138 311 5185 sunt
323 5128 357 5183 de
369 5127 495 5194 historia,
511 5128 558 5183 ubi
574 5121 651 5181 Deus
664 5125 748 5180 Dauid
761 5125 911 5181 secundum
926 5141 976 5181 cor
1026 5129 1142 5200 apostoli
1169 5129 1198 5186 in
1213 5130 1291 5187 coelis
1311 5129 1462 5201 regnaturi.
1491 5128 1521 5186 In
1539 5129 1584 5185 his
1607 5144 1657 5201 per
1679 5129 1813 5202 Spiritum

186 5237 267 5280 suunt
295 5221 411 5289 invenit,
425 5237 507 5291 quem
526 5221 587 5276 oleo
612 5220 806 5287 sanctonum,
820 5235 911 5290 regem
925 5236 975 5291 po·
1026 5229 1150 5277 sanetum
1166 5220 1297 5280 aedificata
1311 5230 1354 5278 εει
1370 5221 1418 5279 Dei
1439 5221 1622 5278 misericordia
1637 5222 1665 5277 ir
1684 5229 1814 5277 utentum

186 5315 252 5387 pulo
265 5314 416 5379 constituit,
436 5312 576 5370 Salomoni
592 5328 705 5385 regnunt
722 5313 858 5384 promisit.
881 5311 975 5383 Signi·
1026 5327 1166 5369 mansura.
1193 5312 1396 5385 Preporuiitur
1413 5314 1508 5369 uenter
1522 5325 1568 5368 tue
1581 5312 1735 5376 initiabar
1758 5321 1815 5376 εει,

188 5404 364 5460 licitantem
388 5404 540 5473 Christum,
563 5419 645 5478 queue
664 5403 745 5461 Pater
764 5404 976 5460 secundumcor
1026 5403 1153 5460 ChrIstus
1178 5405 1276 5459 aeritur
1287 5404 1335 5460 Dei
1357 5402 1550 5475 praedicabitur
1560 5419 1610 5475 per
1623 5419 1672 5461 eos
1693 5404 1764 5460 aliis.
1780 5400 1814 5456 Et

189 5512 270 5552 suum
292 5497 405 5564 inuenit,
428 5498 455 5552 in
478 5496 603 5568 quesibi
627 5496 696 5551 Ιιεεε
707 5494 882 5565 complacuit,
893 5508 973 5566 quem
1026 5495 1079 5551 boc
1090 5497 1205 5552 dixisti:

190 5587 251 5643 oleo
266 5588 367 5642 latitiae
380 5588 408 5642 in
424 5587 525 5657 Spiritu
541 5595 636 5644 saneto
661 5587 749 5650 unxit,
766 5585 865 5656 Regem
880 5585 975 5641 Eccle·
1061 5587 1143 5642 Vsus.
1166 5589 1193 5644 l.
1220 5588 1345 5660 Disposui
1367 5598 1549 5646 testamentum
1565 5589 1658 5646 clectis
1668 5592 1744 5656 meir,
1757 5590 1810 5646 hos
