3892 6067
177 327 232 388 ii!
660 314 812 375 sabaotb
831 311 1027 372 PRAEPOSlTl
1047 303 1321 366 RleCHERSPEliG.
1752 300 1807 357 itt

108 441 113 448 ’
177 448 302 521 numam
324 445 396 502 ruris
412 450 460 499 aut
483 437 580 511 pluria
594 436 732 494 stillicidia
753 433 963 492 descenderunt.
980 423 1180 512 Abbristusin
1191 412 1638 492 Prupbetaloqrrensuunqueritnr
1650 414 1728 487 qrrasi
1740 430 1811 487 prse-

181 536 226 597 i'el
240 539 299 595 celi
311 534 520 598 distillaverunt,
533 529 643 601 quando
657 526 726 599 pluit
741 525 914 598 illislmanna
931 520 967 578 de
1021 520 1113 586 terita,
1124 532 1187 589 qun
1198 513 1299 579 deillu,
1314 525 1378 568 eum
1394 509 1453 565 bae
1466 507 1661 572 scriberentur,
1676 517 1754 563 orant
1767 507 1811 564 lu·

127 673 130 680 «
178 622 599 701 emlualnaielteiSirrai,rruia
618 614 832 701 inmonteSinn
848 615 912 670 data
926 620 970 670 est
1021 618 1093 677 tura,
1110 608 1148 663 ita
1171 620 1235 662 eum
1263 602 1309 659 trie
1332 600 1436 658 dietum
1464 595 1544 653 irrita
1559 596 1705 668 propbeta:
1728 597 1811 653 Terra

177 726 232 781 lox.
250 722 446 790 lutterpretatur
457 716 530 772 enim
545 712 613 769 Sina
628 710 750 777 tentatio,
762 707 836 781 quod
849 707 905 763 illie
918 706 969 763 dn·
1020 709 1092 756 mala
1106 707 1156 766 est,
1167 697 1262 753 etenim
1274 693 1332 749 celi
1346 691 1559 747 distillaverunt:
1570 700 1596 744 et
1609 691 1746 760 infirmato
1759 701 1812 760 est,

178 814 278 885 tnlegi
293 811 362 870 satis
375 807 512 881 eungmit,
525 821 588 878 quun
610 804 644 859 ad
666 801 844 859 tentationem
867 796 969 869 populo
1020 802 1049 848 ιιι
1063 790 1267 863 osroprslraisti
1279 803 1338 845 eam
1364 794 1393 842 et
1417 790 1516 846 elstera
1541 782 1570 839 in
1596 783 1670 840 buno
1686 782 1817 850 modom,

178 904 292 975 unoquo
306 902 369 958 data
395 896 448 954 luit
464 896 543 968 juxta
565 893 678 950 uerbum
701 888 810 947 llomiui
831 887 969 945 maeatis:
1019 883 1111 941 serbis
1124 881 1203 953 quasi
1214 880 1356 952 preterire
1368 875 1490 934 bistorire
1502 873 1658 930 contexitur
1667 872 1701 930 de
1711 871 1814 931 tutoris

182 1015 192 1048 ι
211 992 247 1050 Ut
262 1001 363 1049 tenmm
384 1005 459 1056 eum,
478 998 570 1045 unum
585 987 707 1042 ambulet
721 983 748 1039 in
764 983 824 1053 lege
845 995 917 1047 mea,
934 995 969 1035 an
1019 972 1172 1034 enuntiatio
1184 970 1344 1043 prophetia.

179 1100 234 1142 '²⁰¹¹
251 1082 350 1154 (Em
366 1096 423 1148 ω’
437 1081 476 1150 n·
492 1097 503 1132 '
519 1076 568 1134 vel
578 1076 643 1178 qni?
655 1074 786 1177 ”bima
798 1072 969 1174 mpdmm’
1056 1107 1186 1164 Dicamus
1202 1120 1284 1176 ergo:
1300 1102 1385 1171 Drns,
1403 1100 1551 1174 quietistis
1575 1102 1684 1167 uinctos,
1698 1108 1723 1153 et
1738 1097 1815 1154 sirni-

179 1176 278 1280 Ψίῗὶι
298 1180 440 1246 peccalum
452 1166 691 1270 mmmm
705 1162 867 1266 ¹¹¹d²‚¹¹f⁸⁸¹‚⁸
881 1167 970 1216 Μ’
1020 1200 1082 1254 liter
1094 1215 1148 1266 eos,
1161 1197 1206 1268 qui
1228 1201 1398 1265 exasperant,
1411 1193 1457 1264 gai
1480 1191 1601 1246 latitant
1625 1191 1654 1244 in
1673 1189 1813 1260 sepulcris,

180 1267 311 1333 trombus,
326 1263 400 1336 quod
415 1262 534 1333 populus
554 1258 598 1313 ulle
612 1256 689 1361 dorsu
705 1269 819 1311 eerrrers
834 1251 971 1307 nrtebatur
1021 1290 1075 1345 hoc
1091 1303 1162 1359 opus
1182 1295 1234 1342 mae
1249 1285 1356 1340 vimus
1380 1293 1447 1339 tunc
1472 1281 1591 1338 mxime
1603 1280 1737 1350 operaris,
1752 1294 1814 1333 cum

180 1374 288 1430 “mer
303 1358 330 1412 in
342 1355 466 1457 ''eumq''
481 1368 518 1455 (ψ
521 1350 619 1454 0111,ῳο
632 1362 738 1451 pfmms
748 1347 831 1401 ''⁰⁰¹‘'
844 1343 906 1415 ⁹¹⁰⁸
920 1356 970 1442 Ψ
1021 1379 1162 1451 egredieris
1177 1378 1203 1432 in
1218 1385 1356 1446 conspecto
1369 1373 1461 1446 populi
1475 1374 1524 1428 tui.
1538 1373 1623 1439 Quasi
1646 1371 1719 1427 enirn
1748 1384 1815 1426 turre

179 1450 276 1524 paim
292 1449 397 1520 lignum
411 1452 531 1501 ΝΜ
544 1442 597 1497 ⁸¹b¹
609 1448 735 1505 mnum'
750 1450 833 1508 quam
843 1446 926 1490 ωε
937 1431 972 1533 li*
1023 1473 1099 1528 intus
1116 1471 1143 1526 in
1159 1470 1267 1526 deserto
1282 1468 1396 1537 latuisti,
1410 1483 1473 1524 eum
1485 1468 1586 1522 nedum
1598 1478 1726 1536 egressus
1743 1478 1774 1518 es
1786 1463 1814 1517 in

180 1537 399 1690 23313ἰὲἰὰὴί
414 1548 576 1593 ⁶⁰n⁰⁰⁵⁵⁰m
592 1531 655 1588 Μ’
669 1528 754 1586 ὓωιίθ
772 1526 855 1598 igitur
869 1523 907 1579 “a
930 1521 974 1578 ἀμ
1028 1566 1143 1621 salutern
1155 1561 1247 1633 populi
1263 1563 1313 1619 tui.
1334 1561 1467 1632 Egressus
1480 1572 1547 1614 uero
1561 1573 1576 1612 a
1591 1556 1671 1611 Patre
1686 1572 1733 1625 per
1743 1563 1818 1626 mys

217 1722 301 1780 Vens.
315 1720 388 1776 tuot
406 1718 449 1773 il.
470 1715 594 1770 Plurima
622 1710 801 1767 uoluntariam
824 1705 973 1779 segregabis

182 1801 252 1873 tune'
263 1815 297 1870 ad
312 1815 432 1869 litteram
444 1827 451 1864 ι
462 1808 495 1862 Et
508 1804 655 1877 segregabis
667 1801 793 1858 adbuein
807 1799 906 1870 spiritu
917 1798 973 1853 lroe·
988 1785 1011 1845 Β

118 1895 126 1908 “
182 1907 291 1964 redltnti
305 1916 369 1969 tra,
382 1903 409 1957 id
423 1909 465 1956 est
475 1898 586 1970 populu,
599 1910 681 1966 (poem
695 1891 810 1964 elegisti,
823 1891 850 1945 in
864 1888 977 1944 lrrnrerli-

184 2007 267 2051 rotent
282 1993 341 2050 tibi.
358 1992 482 2046 Plotium
494 1989 558 2045 dieu
573 1985 762 2066 uoluntariam,
777 1983 802 2039 id
818 1988 861 2038 est
872 1988 977 2052 gratur-

182 2101 252 2152 taur,
268 2084 417 2140 trereltrori
430 2090 483 2137 tae
498 2079 659 2151 segregasti,
670 2077 799 2149 quianon
812 2071 901 2130 recisa
914 2070 975 2173 tali·⁸
1027 2093 1198 2171 ”mitorum
1231 2114 1265 2170 de
1297 2128 1336 2169 w·
1366 2111 1515 2182 postquam
1549 2122 1615 2163 vem
1640 2123 1758 2179 earm
1790 2121 1818 2160 a

185 2176 311 2234 sor-ornni
333 2173 450 2239 nationi,
464 2180 491 2228 et
514 2170 619 2242 judicia
645 2177 692 2225 toa
718 2179 773 2224 non
795 2164 976 2222 marrilestastu

184 2269 231 2324 ulli
259 2280 344 2337 super
371 2273 472 2320 terram
489 2261 574 2336 genti,
586 2260 658 2317 sieut
676 2259 724 2327 illi,
749 2268 802 2314 ture
814 2254 977 2323 hereditati,

184 2374 267 2430 qoam
295 2364 405 2428 propter
428 2354 481 2410 boe
508 2352 599 2424 ipsum
626 2349 817 2409 beablleantus
842 2347 976 2404 dicendo:

187 2448 290 2505 rBeata
304 2461 380 2518 gens,
399 2443 479 2515 errjus
503 2442 638 2499 Dominus
666 2440 740 2498 Deus
763 2441 835 2510 eius,
847 2437 978 2511 pupulus,

185 2558 268 2615 quem
281 2540 362 2612 elegit
380 2539 408 2594 in
422 2536 610 2594 haereditatem
630 2535 684 2592 sibi
695 2533 783 2607 (Psoi.
799 2547 886 2599 xsrn,
902 2528 976 2601 12).»

185 2633 382 2691 Verumtamen
395 2629 459 2700 qaia
474 2635 596 2683 nouerat
608 2626 671 2682 data
685 2627 740 2693 lex,
755 2640 818 2696 que
829 2631 923 2695 posset
937 2638 980 2678 un·

184 2726 308 2791 videare,
322 2723 388 2795 quia
402 2720 471 2777 nibil
483 2719 519 2776 ad
532 2719 682 2790 perlectum
694 2717 857 2783 adduxerat,
867 2717 921 2772 into
934 2715 979 2770 in·

186 2814 347 2871 armabatur
360 2826 406 2881 per
417 2824 529 2868 manem
543 2807 615 2865 laeta
625 2806 807 2879 importabilis
822 2822 871 2877 per
881 2820 981 2861 earna-

187 2907 227 2962 lus
241 2902 429 2968 ceremonias,
444 2914 561 2971 quarum
580 2917 589 2951 ι
604 2899 698 2971 jugum
713 2912 801 2969 neque
816 2912 867 2954 nos
891 2911 981 2968 neque

186 3004 278 3065 patres
291 2993 412 3060 nustri‚r
430 2992 468 3048 ait
482 2989 590 3057 Petrus,
609 2996 740 3061 apostare
754 2987 893 3059 potuimus
909 2987 980 3058 (det.

187 3083 330 3154 sr,10),r
352 3082 453 3151 etipsa
476 3077 633 3145 hereditas,
663 3092 729 3148 gens
745 3077 870 3134 videlieet
895 3076 980 3132 cultui

189 3170 419 3230 tuobaereditaria
435 3168 571 3238 irrprnroro
588 3175 626 3220 est
643 3165 671 3220 iu
687 3167 812 3237 pluribus
830 3166 981 3237 indiscipli-

189 3264 401 3333 nat's,quorum
417 3274 535 3331 eorpora
559 3258 587 3313 in
611 3257 719 3314 deserto
745 3265 881 3327 prostrata
908 3267 982 3313 sunt.

192 3353 233 3408 Tu
243 3369 302 3408 uero
318 3350 453 3424 perfecisti
464 3366 527 3418 ,eum
539 3349 566 3404 in
588 3348 684 3420 paucis
704 3347 894 3419 disciplinatis,
907 3349 984 3404 verbi

189 3448 279 3515 gratia
297 3446 327 3502 in
340 3442 434 3508 losue,
446 3452 474 3499 et
490 3439 584 3512 caleb,
600 3440 758 3512 eaeterisque
779 3439 942 3497 introductis
956 3440 985 3497 in

191 3539 307 3597 Terram
320 3534 554 3611 promissionem
576 3549 630 3605 qua
645 3533 719 3589 relut
742 3531 872 3586 urinalia
886 3541 931 3586 tun
946 3531 985 3588 illi

192 3628 362 3698 latitabant,
378 3627 427 3699 qui
440 3625 508 3699 legis
521 3626 618 3696 jugum
633 3623 862 3697 qualitercunque
875 3631 986 3697 portare

192 3720 286 3780 eonati
303 3727 378 3775 sunt.

229 3808 299 3866 Eece
314 3810 341 3864 in
354 3808 399 3863 bis
414 3804 505 3862 uerbis
515 3803 612 3860 litterae
627 3802 772 3859 litteralem
787 3818 898 3860 serrsnm
911 3820 986 3876 qua·

194 3898 320 3965 sinimus,
335 3904 363 3952 et
373 3893 539 3961 invenimus,
551 3892 752 3964 proutjurante
765 3891 820 3949 boo
835 3894 985 3965 potuimus.

195 3988 299 4047 Verum
317 3986 427 4059 quiade
443 3985 490 4041 illa
503 3997 582 4058 gente
592 4000 641 4057 per
652 3984 904 4056 presentationem
919 3986 987 4060 legis

194 4080 333 4137 infirmata
348 4078 440 4134 minus
458 4076 644 4150 congruedici
668 4085 774 4148 potest:
792 4076 831 4132 lu
854 4094 912 4133 uero
925 4095 987 4150 per·

195 4175 283 4246 [eristi
298 4189 367 4240 earn,
381 4170 511 4244 quoniam
526 4184 655 4248 pereussa
670 4169 858 4242 potiusquam
871 4173 988 4243 perlecta

195 4276 239 4324 est
253 4266 298 4322 illa
313 4262 453 4337 generatio
462 4277 549 4335 prava
562 4270 592 4319 et
601 4276 733 4333 peruersa
755 4277 843 4335 usque
864 4262 942 4329 adeo,
959 4274 989 4320 ut

195 4360 279 4417 etiam
293 4370 404 4431 propter
415 4358 648 4414 murmurationes
658 4357 720 4428 ejula
729 4358 870 4416 annarieati
882 4356 988 4428 Moyses

196 4462 225 4511 at
238 4453 331 4508 Aaron
346 4450 489 4521 temporali
506 4455 594 4504 morte
608 4447 710 4504 luerint
722 4448 846 4518 percussi
860 4456 942 4518 atque
952 4449 989 4505 ab

197 4546 311 4603 introitu
327 4541 418 4599 Terrae
438 4539 629 4613 promissionis
662 4538 809 4610 prohibiti:
838 4539 936 4595 molius
960 4549 988 4595 et

198 4633 397 4707 competentius
412 4631 505 4688 omnnia
517 4630 570 4688 ista
596 4627 753 4702 spiritaliter
774 4627 948 4684 disseruntur
961 4637 990 4686 et

198 4726 398 4797 intelliguntur,
411 4724 485 4796 quod
500 4722 583 4779 etiam
598 4720 678 4778 rerba
693 4720 811 4776 innuunt
824 4719 908 4777 lutari
920 4729 991 4778 tem·

200 4816 322 4889 prusiada
338 4815 432 4872 lutura
447 4816 534 4887 magis
555 4814 684 4888 mysterio
701 4811 887 4885 prophetantia
906 4830 989 4883 qoam

200 4909 235 4968 de
263 4909 401 4982 preterito
421 4908 566 4964 historiam
593 4906 755 4974 narrantia,
781 4920 843 4961 eum
869 4906 989 4963 dieitur:

201 4999 283 5063 ileos,
294 5012 355 5053 earn
365 4996 505 5068 egredieris
514 5013 610 5066 ¹aarum
620 4997 715 5066 popolo
724 5005 779 5064 trra,
788 5012 847 5051 eunt
856 5006 991 5068 pertrans·

132 5121 135 5126 ·
202 5092 265 5148 ieris
280 5090 418 5148 irtdtserto
434 5088 902 5161 ptantaasootnuartansegregatis,

201 5184 355 5242 berolassi
381 5194 444 5242 tae.
475 5181 553 5249 Quod
592 5195 656 5238 rme
684 5179 765 5236 etiam
791 5182 992 5240 interseruntur

202 5276 288 5337 rerba
300 5275 429 5350 praeteriti
441 5273 583 5344 tenrporis,
598 5287 654 5327 narr
668 5280 710 5327 est
724 5270 992 5346 insolitumpmpbe-

1025 1655 1125 1710 terium
1140 1661 1242 1710 sancta
1258 1651 1455 1708 incarnationis
1469 1657 1523 1706 tnae
1545 1655 1674 1718 operatus
1688 1661 1719 1702 es
1741 1645 1817 1701 salu·

1029 1756 1084 1802 tem
1103 1747 1131 1801 in
1144 1745 1234 1801 medio
1248 1753 1327 1800 terrae
1340 1744 1366 1799 in
1377 1751 1516 1812 surrepente
1525 1739 1615 1811 populi
1630 1741 1669 1793 tei
1683 1739 1715 1794 de
1729 1738 1818 1792 aba·

1027 1840 1069 1895 bar
1079 1839 1163 1908 stirpe
1177 1839 1272 1910 geniti,
1287 1847 1314 1893 et
1324 1836 1397 1891 Patri
1410 1844 1458 1890 tuo
1480 1834 1571 1891 dilecti
1586 1843 1696 1903 propter
1712 1841 1738 1887 te
1753 1829 1817 1885 inde

954 1979 960 1990 .
1026 1929 1209 1997 nasciturum,
1223 1938 1427 2000 etegrrssusnm
1451 1926 1483 1980 de
1496 1926 1570 1996 uirga
1585 1922 1670 1977 lesse.
1697 1920 1817 1991 Populus

1027 2021 1072 2077 ille
1089 2031 1153 2078 tuus
1167 2021 1314 2093 pecoliaris
1324 2021 1351 2075 in
1366 2028 1504 2089 conspectu
1516 2032 1566 2073 suo
1579 2027 1605 2071 te
1618 2014 1712 2069 babuit
1727 2014 1754 2069 in
1764 2020 1819 2085 spe

1028 2208 1136 2264 realiter
1160 2223 1208 2279 per
1233 2205 1429 2263 iucarnationis
1450 2200 1697 2258 manifestationem
1711 2201 1819 2253 in'sorr·

1029 2312 1121 2372 spectu
1148 2316 1199 2358 suo
1232 2308 1258 2356 te
1283 2298 1389 2354 babuit.
1419 2295 1472 2367 lpsi
1499 2295 1597 2362 enim,
1627 2293 1727 2363 quibus
1754 2305 1822 2362 pro·

1028 2394 1131 2449 missus
1149 2400 1176 2448 et
1196 2391 1297 2448 missus
1329 2389 1416 2458 luisti,
1439 2387 1680 2445 mnsiderareront
1703 2393 1731 2440 et
1753 2398 1825 2439 cen·

1030 2492 1178 2556 sperarunt
1192 2493 1229 2551 te,
1252 2483 1436 2553 probauerunt
1458 2479 1631 2536 striderunt
1652 2493 1735 2548 opera
1762 2487 1823 2542 tua,

955 2621 962 2633 .
1031 2576 1122 2648 qualia
1137 2571 1302 2632 nemoribus
1333 2574 1408 2641 iecit,
1420 2590 1481 2646 quae
1495 2573 1518 2629 si
1529 2587 1583 2627 uon
1600 2570 1742 2636 uidissent,
1757 2584 1824 2639 pec·

1032 2678 1122 2724 uatum
1152 2683 1207 2723 nun
1242 2666 1389 2733 haberent;
1424 2679 1497 2720 notre
1525 2672 1616 2718 autem
1646 2660 1824 2717 striderunt

1033 2767 1060 2815 et
1072 2761 1189 2816 oderunt
1210 2767 1238 2815 et
1262 2766 1288 2815 te
1315 2767 1342 2813 et
1366 2757 1475 2813 l‘atrem
1501 2765 1590 2810 tuum.
1616 2753 1762 2825 Propterea
1778 2765 1823 2805 re·

1031 2849 1094 2904 licta
1122 2848 1176 2904 illis
1204 2847 1287 2904 domo
1312 2862 1361 2904 sua
1385 2847 1503 2912 deserta,
1525 2861 1586 2915 noae
1601 2861 1617 2900 a
1635 2843 1726 2899 teluit
1745 2842 1824 2913 prius

1031 2940 1192 3005 inhabitata,
1204 2939 1376 3010 pertransisti
1387 2939 1422 2995 ad
1436 2937 1509 2993 aliud
1525 2938 1661 2992 desertum
1676 2950 1711 2990 ex
1728 2942 1794 2988 tune
1806 2945 1828 2986 a

1032 3024 1824 3101 teinbabitandumjustuilludprupbetieum:rbaetabitur

995 3124 1141 3198 gdeserta
1156 3132 1183 3179 et
1195 3122 1281 3191 laria,
1307 3130 1335 3177 et
1349 3120 1500 3178 exsultabit
1522 3118 1644 3174 solitudo
1664 3127 1691 3174 et
1712 3116 1825 3172 llorebit

1034 3213 1115 3285 quasi
1129 3213 1230 3269 lilium.
1247 3211 1414 3268 Germinans
1427 3211 1604 3284 germinabit,
1624 3219 1652 3266 et
1673 3208 1825 3266 exsultabit

1033 3304 1224 3362 letabundaet
1237 3304 1352 3360 laudans
1362 3302 1431 3375 (lxo.
1443 3320 1526 3370 xxxv,
1536 3303 1562 3371 i,
1571 3299 1707 3368 ilouare
1716 3300 1729 3355 l
1739 3318 1749 3351 r
1759 3299 1827 3371 quio

1034 3394 1120 3468 glorio
1132 3393 1229 3449 Libani
1239 3394 1305 3449 dota
1315 3401 1354 3449 est
1368 3395 1402 3450 ei.
1422 3392 1542 3449 Libanus
1555 3409 1588 3449 es
1604 3407 1658 3447 unu
1670 3391 1754 3447 latere
1765 3399 1827 3446 ter·

1035 3487 1127 3541 minus
1144 3483 1244 3541 ludseae
1266 3484 1402 3556 signifieat
1425 3484 1568 3541 lutatam
1592 3481 1830 3555 populum,eujua

1035 3575 1122 3648 gloria
1137 3579 1268 3633 transslata
1283 3579 1370 3633 estad
1384 3578 1560 3648 gentilitatem
1589 3577 1664 3646 prius
1685 3575 1826 3631 desertam

1035 3678 1064 3725 et
1077 3668 1190 3733 iuriam,
1205 3671 1314 3740 quando
1329 3669 1395 3740 ipsis
1422 3669 1614 3740 repellentibus
1628 3682 1741 3723 neruum
1764 3664 1828 3734 Dei,

1035 3761 1137 3832 quibus
1151 3771 1211 3817 erat
1224 3763 1387 3832 promissum
1398 3768 1426 3816 et
1436 3761 1563 3831 missum,
1577 3759 1744 3817 transiemnt
1758 3772 1829 3831 apo-

1036 3853 1099 3909 stoli
1123 3854 1282 3926 adgentes,
1311 3855 1418 3910 dicente
1442 3852 1527 3909 Paulo
1553 3853 1695 3924 apostolo:
1718 3851 1830 3909 alubis

1037 3940 1180 4010 oportebat
1192 3939 1310 4011 primum
1322 3939 1397 4011 loqui
1412 3939 1524 3995 uerbum
1545 3938 1604 4007 liei,
1628 3939 1675 3995 sed
1693 3939 1831 4010 quoniam

1038 4029 1176 4101 repulistis
1189 4029 1266 4098 illud,
1281 4038 1308 4087 et
1328 4030 1454 4103 indignos
1475 4045 1525 4085 ros
1550 4029 1697 4101 judicastis
1717 4039 1831 4087 eternae

1037 4125 1110 4193 rita,
1125 4139 1189 4181 eece
1202 4124 1387 4180 corruentimnr
1405 4124 1446 4180 -ad
1469 4133 1563 4196 gentes
1578 4125 1649 4197 (det.
1663 4141 1724 4193 surr,
1737 4126 1794 4196 lb).
1816 4145 1829 4178 ι

1039 4211 1116 4270 'lune
1130 4223 1284 4269 terrnnrota
1297 4224 1336 4268 est
1363 4215 1520 4270 bominibus
1541 4216 1659 4272 terrenis
1681 4216 1831 4271 commotis

1038 4305 1137 4376 partim
1151 4304 1186 4360 ad
1198 4304 1403 4374 obsequendum
1419 4307 1560 4377 apostolis,
1572 4306 1670 4377 purtim
1687 4305 1721 4361 ad
1734 4320 1833 4376 pesse·

1039 4393 1178 4465 quendum
1189 4409 1236 4449 eus
1246 4408 1396 4463 eorumque
1409 4412 1550 4468 sequaces.
1562 4394 1618 4452 Nee
1629 4397 1740 4462 mirum,
1752 4396 1835 4467 quod

1003 4486 1076 4544 utta
1087 4484 1162 4540 narie
1175 4493 1247 4539 noto
1259 4491 1298 4538 est
1316 4493 1397 4543 terra.
1414 4485 1519 4541 Etenim
1532 4487 1603 4555 coli,
1617 4486 1732 4558 apostofi
1750 4486 1832 4542 scili-

1039 4582 1082 4630 eet
1093 4589 1149 4631 non
1164 4575 1336 4632 uniformiter
1350 4576 1378 4631 in
1394 4592 1448 4632 una
1464 4578 1556 4649 lingon
1581 4578 1763 4644 stillaverunt,
1779 4577 1833 4634 sed

1040 4671 1116 4727 rarle
1128 4671 1210 4728 ratiis
1222 4672 1322 4742 linguis
1333 4672 1475 4743 loquentes
1492 4674 1627 4744 magnalia
1649 4671 1696 4729 liei
1706 4672 1831 4727 distilla-

1039 4772 1130 4820 rernm
1141 4764 1203 4821 aliis
1216 4764 1404 4822 annuntiando
1425 4766 1507 4833 bam,
1532 4767 1595 4823 aliis
1617 4780 1683 4821 nero
1707 4765 1833 4821 elemen-

1041 4854 1117 4922 tiam,
1131 4861 1214 4925 prout
1231 4868 1292 4910 sese
1318 4853 1414 4909 babuit
1436 4857 1554 4912 varietas
1576 4855 1755 4912 audientium.
1781 4853 1834 4914 Sic
1867 4883 1871 4894 ι

1040 4948 1102 5004 eoeli
1125 4957 1288 5004 enarrantes
1303 4948 1418 5019 gloriam
1444 4947 1493 5004 llei
1516 4950 1724 5018 distillaverunt,
1744 4964 1832 5006 nona

1041 5041 1195 5112 semetipsis
1207 5050 1316 5107 nmen,
1328 5040 1404 5096 seda
1419 5041 1488 5113 lacis
1502 5043 1552 5098 liei
1565 5060 1614 5115 per
1628 5043 1691 5102 illos
1714 5044 1836 5115 lanam

910 5089 990 5159 Μ’
1041 5134 1087 5201 tis,
1102 5143 1129 5190 et
1142 5133 1217 5205 ipsos
1229 5119 1420 5191 inhabitantis.

1077 5270 1137 5329 ntia
1152 5272 1293 5329 translatio
1304 5272 1402 5330 babet:
1419 5272 1495 5331 llam
1506 5272 1572 5330 Sina
1582 5290 1598 5328 a
1608 5274 1679 5343 [mie
1694 5270 1753 5338 vti,
1764 5271 1836 5330 sob-

202 5367 307 5441 tls,qui
319 5366 461 5438 multoties
470 5363 656 5444 praeupotiant
666 5361 754 5418 lutura
766 5364 845 5435 guasi
857 5366 993 5423 ramundo
1042 5368 1139 5425 audis:
1168 5367 1290 5439 tamarit,
1316 5369 1373 5426 sire
1403 5367 1661 5425 distillantibus
1685 5367 1756 5424 idem
1776 5380 1834 5436 est,

204 5460 353 5534 martra,
365 5468 396 5515 ur
407 5458 480 5516 tutae
496 5455 657 5522 suffoderunt
667 5469 861 5523 mauusmeas,
872 5466 899 5512 et
911 5458 994 5529 pedes
1043 5460 1117 5529 quod
1132 5458 1200 5515 eali.
1227 5457 1283 5517 Nee
1304 5469 1411 5517 moreat
1435 5459 1577 5531 pluraliter
1599 5461 1703 5520 dimum
1718 5463 1776 5519 eali
1804 5470 1837 5516 et

205 5565 294 5616 neos,
307 5551 549 5609 dinumeraverunt
562 5547 655 5605 omnia
672 5561 736 5604 ossa
751 5561 823 5603 mea.
839 5547 995 5606 Dirisemnt
1043 5549 1219 5622 singulariter
1230 5551 1340 5606 nomin
1351 5549 1473 5621 ejusdem
1485 5551 1525 5606 rei
1540 5551 1749 5623 significatione,
1760 5565 1838 5621 ιιιο·

207 5641 259 5698 sibi
275 5649 435 5698 restrmonta
446 5657 522 5697 mea:
537 5648 770 5711 etsuperrestem
795 5655 883 5697 meam
910 5642 994 5700 mise·
1044 5641 1118 5698 aiam
1131 5642 1173 5700 sie
1183 5642 1259 5709 alibi,
1272 5657 1336 5698 eom
1352 5641 1494 5713 moraliter
1505 5642 1608 5699 dietum
1619 5641 1721 5699 luerit:
1739 5637 1838 5698 ocati

207 5741 385 5816 xnetsortenr
413 5732 500 5806 (Prot.
528 5748 585 5803 ιιι,
605 5732 739 5805 tutat»
771 5732 849 5792 Sicut
869 5748 935 5805 ergo
955 5734 994 5790 ibi
1044 5743 1175 5790 enarrant
1188 5734 1301 5805 gloriam
1317 5732 1363 5789 liei
1378 5733 1467 5804 (Paul.
1484 5749 1561 5800 xrm,
1575 5734 1637 5804 i),r
1655 5729 1839 5806 singulariter
