3892 6067
137 146 209 209 ¹253
742 155 843 211 ttbstt
861 154 905 210 DE
925 153 1086 211 AElllElClO
1106 153 1190 216 DEl„
1697 164 1765 219 lEdl

133 265 251 326 aceedit.
263 263 322 320 Non
338 273 430 319 autem
442 265 548 322 accedit
561 266 691 334 legitime,
710 268 758 337 qui
774 266 923 323 Ecclesiam
977 265 1109 335 Spiritum
1123 277 1248 322 saumum
1262 268 1364 323 rendit.
1378 268 1407 324 ln
1418 272 1501 328 missa
1512 288 1577 328 raro
1586 292 1649 331 cum
1663 276 1765 348 Spiritu

134 356 263 427 suscipit,
277 354 350 410 laico
364 355 415 411 sibi
428 370 488 410 eam
504 356 633 412 donante.
649 355 749 412 baleus
767 358 839 412 enim
853 358 922 412 dan·
939 330 960 384 Α
975 366 1071 415 sancto
1085 357 1213 413 Christus
1225 360 1371 416 venditur:
1386 378 1442 432 quo
1461 365 1571 420 vendito
1585 365 1664 423 Pater
1678 371 1765 440 ipsius

132 449 169 504 do
188 463 243 502 non
258 455 397 517 pastorem
423 448 577 515 constituit,
594 448 640 504 sed
668 464 720 504 suo
746 449 819 504 dono
834 448 921 503 lucem
973 451 1092 518 grauiter
1105 451 1269 515 offenditur,
1285 469 1338 508 nou
1354 456 1442 511 solum
1457 468 1551 513 contra
1573 459 1649 530 ipsos
1662 477 1767 522 merce·

132 554 182 595 seu
196 538 331 593 latronem
347 536 472 592 intrudit.
489 534 559 605 Quia
574 547 646 594 recte
661 536 706 592 iur
720 547 748 593 et
764 538 835 592 latro
854 537 922 593 dici·
973 541 1080 604 uarios;
1102 543 1148 596 sed
1164 542 1245 596 etiam
1259 552 1354 599 eontra
1367 547 1511 618 episcopos
1527 549 1573 604 tali
1585 552 1767 610 mercimonio

132 641 187 693 tur,
204 629 253 700 qui
266 627 431 694 Ecclesiam,
447 631 519 684 laico
531 629 652 685 donante
667 638 695 683 et
714 632 828 686 ostiario
843 631 921 702 iguo-
971 632 1192 700 consentientes,
1207 649 1258 691 nec
1279 650 1328 704 pro
1342 637 1435 692 debito
1456 639 1499 693 sui
1514 639 1594 697 cilicii
1608 643 1677 698 tales
1693 660 1767 700 mer·

133 730 223 787 rante,
239 722 365 776 sortitur.
381 719 479 777 Pastor
493 731 584 778 autem
600 722 674 777 nulla
690 722 821 778 laicorum
834 724 920 777 dona·
970 730 1080 779 catores
1095 723 1129 778 dc
1144 727 1246 794 templo
1264 727 1448 797 projicientes.
1464 728 1591 787 Tacendo
1608 735 1681 789 cuim
1699 751 1766 792 con·

131 813 218 878 tione,
234 811 426 868 sedcaoonlca
440 812 572 867 electione
588 819 698 867 creatur
709 813 807 882 (ιιι),
821 813 878 868 sire
891 814 918 867 in
971 814 1105 878 sentiunt,
1123 819 1245 887 quaudo,
1260 827 1291 875 ot
1303 835 1386 875 canes
1398 823 1477 889 muti,
1493 840 1544 880 uec
1559 823 1658 883 latrare
1672 827 1766 884 ualen-

130 903 189 972 ipsa
207 901 329 958 Ecclesia
342 903 508 970 inueniatur,
523 918 586 974 quar
598 911 709 973 pastore
724 902 846 975 indigen
863 902 919 958 siue
970 916 1023 966 tes,
1037 906 1089 961 ista
1104 908 1221 963 ridendo
1233 911 1311 980 quasi
1327 926 1410 981 parra
1421 913 1597 982 despiciunt:
1613 934 1675 987 qnae
1689 929 1766 975 tauto

129 996 164 1052 de
184 997 268 1051 altera
285 1005 436 1067 quaeratur,
463 1012 525 1067 quae
553 996 581 1051 in
605 1011 662 1052 uuo
686 998 842 1053 communis
857 998 919 1052 uitae
971 998 1764 1072 suntmajora,quantousitatiora.Quantlocniurcrimen

129 1088 195 1142 ovili
208 1087 277 1143 tales
291 1088 365 1143 leret
384 1088 499 1153 arietes,
511 1103 561 1159 per
572 1102 654 1158 quos,
667 1088 690 1144 si
712 1089 790 1144 electi
806 1087 917 1154 luerint,
969 1102 1032 1142 cum
1044 1090 1162 1159 quadam
1178 1092 1342 1147 uerecundia
1361 1096 1552 1164 committitur,
1567 1108 1662 1154 contra
1677 1099 1762 1155 licum

129 1178 614 1249 fecundaripessiatoues.Quaenon
627 1179 917 1250 sequunturalicnum,
969 1179 1095 1234 susurrio
1112 1182 1231 1249 quodam
1249 1183 1405 1252 periculose
1427 1197 1627 1245 murmuratur.
1648 1189 1764 1257 Quando

128 1272 194 1340 quia
211 1279 320 1325 nonest
334 1271 424 1337 aries,
440 1271 486 1325 sed
502 1270 584 1339 lupus
596 1280 624 1326 ct
638 1271 739 1341 prado.
968 1279 1059 1324 autem
1072 1271 1180 1340 publice
1193 1288 1226 1328 ac
1244 1273 1304 1329 siue
1326 1278 1489 1332 uerecundia
1512 1281 1592 1349 culpa
1613 1282 1764 1340 criminalis

164 1363 295 1420 Curiones
317 1364 392 1419 euim
414 1364 483 1419 satis
504 1364 665 1433 permittunt
679 1373 720 1426 ut,
741 1380 803 1421 cum
821 1366 849 1420 io
867 1367 917 1422 ali·
969 1362 1093 1419 amotus
1107 1365 1217 1434 agitur,
1232 1372 1298 1420 tuuc
1312 1377 1405 1436 aperte
1422 1379 1517 1425 contra
1540 1370 1624 1427 licum
1644 1375 1764 1430 elamore

127 1469 183 1524 qua
205 1453 341 1522 Ecclesia,
357 1453 399 1509 vet
420 1454 495 1509 putta
516 1455 559 1510 vel
575 1470 630 1511 00„
656 1456 718 1512 ralis
740 1466 783 1513 esa
801 1460 917 1515 elerico.
968 1451 1125 1521 pernicioso
1138 1455 1273 1508 clamatur
1290 1473 1296 1508 ι
1312 1455 1385 1510 sicut
1403 1454 1552 1513 Sodomita
1565 1468 1661 1514 contra
1676 1459 1762 1518 ιιιιιιιι

126 1562 191 1602 rum
212 1546 400 1617 congregatio,
416 1547 443 1600 iu
465 1562 520 1616 qua
546 1556 641 1617 pastor
657 1548 771 1603 idoneus
792 1549 916 1605 iuuerria-
967 1543 1172 1612 clamaverunt,
1193 1546 1305 1616 quaudo
1326 1558 1467 1616 peccatum
1489 1566 1571 1606 suum
1597 1554 1764 1623 praedicave-

125 1646 192 1705 tur,
216 1638 250 1693 de
270 1638 355 1694 altera
372 1637 492 1694 Ecclesia
512 1648 672 1710 queratur:
688 1641 725 1695 ita
747 1640 862 1706 scilicet,
886 1651 916 1696 ot
932 1669 954 1725 B
968 1642 1042 1689 runt.

126 1728 290 1800 regulariter
310 1730 431 1796 aceras,
449 1730 531 1785 rebus
553 1731 628 1787 ttttos
649 1730 918 1802 centesimoque
1006 1720 1190 1790 Tuncrum
1203 1727 1266 1782 nont
1279 1728 1378 1800 aureli.
1391 1732 1479 1786 saaca
1492 1730 1761 1807 videlicetcnisconi,

125 1818 162 1874 ad
180 1819 262 1874 aliam
282 1819 461 1884 transfertur,
476 1834 529 1874 non
548 1820 692 1889 participet
711 1819 846 1886 ulterius;
865 1821 919 1875 sic·
969 1828 1024 1869 non
1046 1814 1146 1870 debent
1161 1818 1276 1873 ulterius
1293 1822 1440 1878 uindictam
1463 1825 1616 1893 gerreruleru
1635 1828 1761 1898 differem

126 1919 159 1966 ut
179 1926 231 1967 nec
252 1912 409 1968 monacbus
427 1911 507 1968 debet
526 1912 609 1967 rebus
630 1912 789 1968 monasterii
805 1912 919 1982 partiei—
969 1908 1016 1963 sed
1028 1911 1204 1979 comprobata
1218 1914 1349 1971 clamoris
1359 1919 1523 1976 certitudine
1533 1923 1686 1992 generalem
1699 1941 1763 1980 sena

123 2002 207 2072 pari,
226 2012 373 2072 postquam
396 2002 437 2057 rel
457 2004 485 2057 in
507 2003 649 2073 episcopio
665 2002 710 2058 rel
730 2004 758 2058 in
779 2003 919 2075 presbyte-
969 2000 1082 2053 letitiam
1096 2003 1279 2059 anathematis
1291 2005 1434 2075 prolerre:
1452 2011 1528 2066 solos
1540 2012 1604 2068 iude
1620 2013 1763 2072 illoserrei·

124 2093 168 2148 rio
192 2095 318 2164 regende
338 2096 504 2163 proponitur
518 2093 658 2149 Ecclesiae.
679 2091 766 2149 Nemo
782 2095 855 2148 eninr
869 2109 919 2165 po·
968 2089 1074 2160 pientes
1093 2102 1121 2145 et
1139 2094 1305 2163 eripientes,
1321 2099 1367 2167 qui
1382 2101 1532 2155 secundum
1549 2102 1762 2163 illorumeonsi·

125 2192 180 2240 test
192 2183 280 2240 officia
305 2185 416 2241 diversa
432 2184 515 2241 simul
542 2194 616 2240 recte
639 2184 848 2252 administrare3
869 2199 918 2239 ne·
968 2179 1034 2234 lium
1053 2181 1175 2237 uolunta
1194 2185 1369 2242 multitudine
1386 2190 1521 2245 malornm
1540 2192 1704 2251 discedendo
1718 2197 1761 2253 tel

124 2291 173 2331 mo
190 2293 220 2333 se
242 2277 332 2348 ipsum
363 2278 451 2333 titulis
480 2277 596 2331 duarum
627 2275 815 2332 Ecclesiarum
838 2276 918 2331 debet
949 2271 995 2325 'in
1017 2271 1230 2345 Segorparrula
1248 2281 1423 2349 peraetiram
1445 2285 1545 2351 uitam,
1563 2288 1606 2342 uel
1625 2289 1762 2345 iumenta

124 2370 247 2441 alligare.
269 2369 392 2427 lloustro
414 2371 487 2425 euim
509 2370 598 2426 simile
615 2369 743 2435 ridetur,
766 2377 798 2423 ut
817 2368 844 2424 in
861 2383 915 2423 uua
966 2378 1016 2432 pcc
1041 2369 1282 2438 contemplatiram
1309 2373 1418 2428 salvari.
1448 2375 1476 2429 Si
1500 2388 1591 2433 autem
1617 2381 1762 2451 episcopus

125 2458 249 2516 Ecclesia
272 2461 438 2532 episcopus,
454 2461 482 2514 in
502 2461 555 2515 alia
579 2460 616 2515 sit
631 2460 782 2515 canonicus
804 2478 810 2513 :
832 2468 859 2515 et
879 2460 916 2515 'rbi
967 2458 1148 2527 multiplicato
1168 2462 1321 2532 iniquitatis
1340 2466 1461 2523 clamore
1476 2484 1531 2524 riou
1545 2482 1686 2542 mouetur,
1704 2490 1768 2534 uon,

125 2550 240 2622 recipiat
260 2551 294 2606 de
323 2552 462 2622 stipendio
485 2551 659 2621 portionem,
678 2550 725 2606 ubi
741 2551 839 2605 debitae
858 2565 918 2605 ser·
966 2549 1029 2613 erit,
1047 2551 1119 2605 sicut
1133 2551 1224 2607 botrus
1239 2556 1364 2624 angelus,
1382 2567 1491 2627 ereptor
1504 2576 1654 2631 paucorum
1673 2564 1760 2622 beno-

123 2643 220 2699 ritutis
244 2659 300 2698 uon
328 2644 410 2699 soluit
444 2643 616 2713 pensionem.
647 2639 685 2696 Ut
701 2650 793 2697 autem
815 2643 842 2696 in
862 2657 916 2700 una
967 2653 1046 2706 runr;
1070 2641 1118 2694 sed
1137 2643 1195 2712 ipse
1209 2644 1312 2712 pariter
1329 2649 1572 2706 connumerabitur
1591 2653 1759 2710 multitudini

123 2732 249 2791 Ecclesia
269 2735 333 2805 quis
352 2748 484 2798 maneos,
504 2734 532 2787 iu
550 2733 604 2787 alia
625 2746 675 2802 pro
693 2747 722 2788 se
743 2740 829 2802 ponat
842 2732 917 2787 rica
966 2728 1115 2784 malorum.

121 2828 196 2882 rium
209 2867 219 2894 ,
239 2826 340 2883 divinis
362 2826 520 2883 constitutis
532 2835 574 2881 est
587 2825 756 2879 contrarium
781 2826 894 2880 omnino
907 2840 915 2880 t

124 2918 247 2974 maxime
260 2916 284 2971 si
299 2917 336 2985 ei,
350 2918 398 2987 qui
410 2917 531 2971 vicarius
541 2915 653 2983 dicitur,
668 2930 735 2971 cura
750 2915 842 2971 onium
854 2929 916 2985 per·

121 3008 331 3080 mittitorllddl.

159 3101 231 3169 Quid
246 3111 289 3157 est
302 3101 375 3158 euim
390 3101 442 3158 iste
460 3100 594 3167 sicarius,
611 3101 663 3156 nisi
680 3111 792 3171 apertus
808 3114 913 3154 mercc-

123 3192 242 3249 uarius?
257 3190 286 3247 Si
306 3192 493 3248 mercenarius
513 3201 568 3259 est,
583 3192 664 3262 cujus
685 3207 740 3247 non
761 3201 825 3246 stant
849 3206 914 3247 ores

111 3285 253 3364 ¹proprie,
268 3291 378 3340 constat
392 3297 489 3338 onrnes
511 3283 630 3338 vicarios
645 3285 828 3339 mercenarios
842 3298 913 3340 esse.
1001 3277 1054 3334 Sed
1064 3279 1131 3334 dicit
1140 3280 1242 3354 aliquis
1253 3296 1317 3337 cum
1329 3284 1431 3353 quibus
1441 3284 1522 3340 ininrt
1536 3301 1682 3358 episcopus
1693 3303 1760 3344 con·

124 3378 188 3433 Siue
203 3376 276 3432 enim
292 3375 319 3430 io
335 3375 440 3430 urbana
459 3374 517 3431 site
535 3374 563 3428 in
578 3376 717 3429 rusticana
738 3374 857 3431 Ecclesia
872 3375 914 3428 ri·
964 3370 1059 3426 silium
1081 3382 1180 3427 contra
1209 3374 1393 3430 multitudinis
1421 3378 1587 3446 peecatum?
1614 3378 1664 3434 Vix
1684 3381 1758 3436 euim

123 3470 217 3526 carius
230 3470 342 3534 seruiat,
357 3483 413 3523 nen
426 3468 544 3538 pertinet
555 3468 589 3523 ad
604 3482 667 3524 eom
682 3470 716 3524 de
727 3469 836 3536 oribus,
849 3469 915 3540 quia
965 3463 1109 3531 presumit
1122 3463 1223 3535 aliquis
1237 3465 1385 3521 anathema
1401 3467 1520 3534 dictare,
1539 3470 1649 3538 quando
1664 3473 1758 3527 multi·

1251 2893 1366 2950 carot
1385 2895 1479 2954 xlttV.

931 2998 1116 3063 cCriurr'uuur
1136 3002 1200 3056 olim
1217 3007 1390 3060 rorumuniter
1403 3012 1530 3064 crunctis
1547 3010 1672 3067 Patribus
1683 3017 1759 3070 dear-

1004 3084 1126 3153 aratorum
1146 3087 1221 3140 poeuu
1245 3075 1393 3143 differendo
1406 3095 1458 3132 non
1476 3089 1525 3146 ert,
1537 3084 1586 3135 etsi
1610 3100 1706 3154 triopae
1723 3088 1759 3140 tit

1002 3157 1206 3197 criminosorum
1221 3144 1375 3213 marturano,
1394 3157 1447 3203 etc.

124 3562 199 3618 nulla
220 3561 360 3632 judicialis
377 3560 513 3615 sententia
540 3569 629 3630 potest
649 3569 723 3617 recte
743 3561 778 3616 ab
798 3576 832 3616 eo
854 3563 914 3618 dari

123 3651 207 3724 super
227 3669 293 3709 oues
317 3650 447 3707 Ecclesiae
462 3650 550 3716 illius,
566 3653 593 3706 in
610 3667 663 3721 qua
678 3661 721 3710 est
737 3652 868 3708 vicarius.
884 3651 914 3707 lu

123 3746 259 3816 spirituali
282 3752 374 3802 autem
401 3741 506 3812 officio,
526 3744 600 3815 quod
623 3758 673 3814 pre
696 3745 822 3800 mercede
848 3743 913 3815 aqit,

160 3900 296 3972 (157·ιΕι
311 3902 427 3971 septima
438 3899 698 3973 syuodouninersali
710 3897 915 3968 liabitaaquin·

123 3988 177 4043 que
190 3973 354 4035 patriarchis
367 3988 430 4027 cum
446 3972 575 4027 trecentis
589 3968 717 4023 Patribus
741 3969 793 4024 sub
817 3970 915 4023 Adria·

124 4057 160 4096 no
179 4040 190 4094 l
210 4042 357 4111 pontifice,
375 4057 436 4113 cap.
460 4041 499 4095 δι
516 4059 525 4092 ι
544 4040 640 4094 Omnis
661 4038 759 4094 electio
772 4039 913 4108 episcopi,

123 4113 165 4167 vel
186 4112 349 4183 presbyteri,
367 4121 415 4167 aut
432 4110 567 4167 diaconia
583 4109 754 4181 principibus
769 4107 860 4175 lacta,
876 4111 914 4164 ir»

124 4183 175 4237 rita
193 4191 301 4236 maneat
316 4181 467 4237 secumdum
482 4181 604 4249 regulam
622 4195 684 4250 quae
697 4180 763 4233 dicit
784 4195 790 4229 ι
810 4176 840 4234 st
855 4180 914 4249 quia

122 4254 261 4321 episcopua
275 4250 447 4306 roecnlnrilrur
470 4251 643 4320 potestatibus
667 4266 748 4314 usur,
767 4247 914 4303 Ecclesium

965 3553 1060 3610 tudine
1072 3556 1175 3624 pariter
1186 3566 1214 3612 et
1226 3557 1425 3615 consuetudine
1438 3568 1580 3630 peccatum
1594 3562 1635 3618 sic
1644 3563 1758 3618 robora·

965 3653 1020 3711 tur,
1042 3654 1074 3701 ut
1103 3647 1131 3700 in
1153 3663 1252 3718 magna
1272 3650 1393 3716 civitate,
1410 3665 1464 3705 nou
1478 3653 1685 3725 quinquaqinta,
1701 3672 1756 3710 non

965 3738 1075 3805 decem,
1091 3738 1139 3793 sed
1151 3739 1196 3793 rix
1216 3754 1317 3794 unusa
1336 3741 1410 3795 malo
1428 3742 1568 3799 declinans
1591 3745 1755 3803 inueniatur.

965 3910 1027 3950 cunr
1044 3894 1214 3959 reuerentia,
1242 3895 1264 3950 si
1279 3894 1352 3952 lorte
1369 3897 1501 3964 uoluerit,
1522 3914 1552 3953 se
1568 3899 1757 3972 obtemperare

965 3965 1176 4020 asciscentibus.
1204 3963 1307 4020 Taliter
1328 3966 1401 4021 eninr
1416 3968 1528 4039 (liguum
1549 3979 1686 4039 pastorem
1702 3973 1755 4027 sibi

966 4034 1129 4099 regulariter
1156 4034 1190 4089 ad
1218 4050 1296 4090 suam
1320 4037 1437 4092 salutem
1455 4038 1575 4093 Ecclesia
1602 4051 1752 4109 promeret.

965 4104 1098 4174 Quisquis
1112 4111 1204 4158 autern
1226 4106 1399 4160 secularium
1424 4109 1576 4178 principum
1601 4109 1642 4162 rcl
1658 4123 1756 4179 peteu-

967 4182 1046 4240 tum,
1066 4173 1109 4228 rel
1129 4175 1241 4229 alterius
1261 4175 1400 4244 dignitatis
1420 4176 1507 4234 laicus
1530 4181 1662 4235 aduersus
1678 4196 1756 4235 cotu-

967 4259 1078 4298 munem
1100 4259 1133 4299 ac
1153 4253 1350 4300 consonantem
1367 4256 1449 4317 atque
1465 4249 1625 4304 canonicam
1642 4249 1754 4305 electio-

122 4338 169 4377 ιον
178 4324 249 4392 ipsos
262 4322 585 4390 obtinent,dcpouotur,et
594 4330 753 4390 seqrepetur,
778 4335 916 4390 omnesque
933 4336 954 4390 p
968 4330 1028 4368 nem
1040 4314 1220 4375 ecelesiastici
1231 4316 1335 4371 ordinis
1348 4331 1429 4387 agere
1441 4320 1597 4382 tentaverit,
1610 4322 1755 4376 anatliema

123 4410 138 4462 q
158 4393 225 4445 iiiii
239 4392 444 4445 conruruuicrrnt.
464 4410 474 4442 ι

159 4462 197 4516 Eat
213 4470 309 4517 octava
324 4462 430 4532 synodo
446 4461 510 4514 item
527 4460 674 4516 uniuersali
690 4460 810 4514 habitan
827 4459 911 4530 quin·

124 4547 177 4603 que
192 4532 355 4602 patriarchis
377 4545 439 4585 cum
467 4529 595 4584 Patribus
609 4530 735 4585 ducentis
749 4541 775 4583 et
793 4532 912 4600 quadra-

125 4604 199 4674 ginta
233 4604 285 4658 sub
304 4600 418 4656 Nicolao
441 4599 451 4653 l
479 4600 607 4670 pontillee
626 4620 633 4654 :
652 4619 662 4651 e
679 4599 869 4654 Prornotioncs
886 4609 912 4655 et

124 4673 348 4728 consecrationes
378 4671 591 4740 episcoporum,
613 4670 786 4724 concordans
812 4670 907 4738 priori·

124 4742 177 4798 bus
204 4743 350 4806 conciliis,
369 4741 502 4795 electione
526 4755 559 4795 ac
583 4739 693 4794 decreto
721 4740 912 4807 cpiscoporum

125 4812 202 4875 lieri,
218 4814 277 4867 lraee
300 4820 394 4866 sancta
409 4822 436 4865 et
451 4809 615 4864 universalis
641 4809 760 4879 synodus
778 4809 911 4871 ditllnirit,

126 4892 152 4936 ct
167 4884 274 4947 statuit,
289 4891 370 4951 atque
382 4880 445 4950 jure
466 4878 650 4950 promulgavit
665 4879 802 4933 nerninem
826 4877 912 4932 laico-

126 4968 188 5007 rum
212 4953 365 5024 principum
386 4952 429 5004 uel
446 4959 589 5021 potentum
610 4957 696 5015 semet
717 4949 840 5003 inserere
856 4948 908 5001 elo·

126 5025 210 5078 ctiorri
232 5025 275 5077 uel
297 5021 462 5091 promotioni
489 5018 652 5088 patriarchae
673 5018 714 5072 uel
734 5018 915 5087 metropolite

126 5103 174 5146 aut
186 5093 332 5163 cujuslibet
348 5108 355 5143 r
371 5106 404 5144 ne
417 5091 572 5146 inordinata
584 5088 647 5144 lriuc
661 5098 688 5143 et
701 5088 852 5156 incorrqrua
867 5088 914 5142 tlat

128 5161 255 5216 nortlusio
269 5162 310 5216 uel
326 5163 474 5216 contentio.
497 5159 650 5215 Praesertim
679 5173 741 5214 enm
767 5158 868 5211 nullam
886 5159 912 5211 in

128 5231 231 5286 talibus
249 5239 411 5301 potestatem
434 5244 600 5302 quemquam
626 5228 851 5299 potestativarum
869 5228 915 5282 lai·

128 5316 224 5356 corum
241 5303 340 5356 babere
359 5301 515 5369 conveniat,
529 5302 576 5356 scd
593 5300 683 5371 potius
696 5299 776 5355 silere
787 5308 814 5353 et
827 5306 914 5352 atten-

128 5372 193 5426 dere
224 5371 291 5438 sibi,
318 5386 463 5441 quousque
497 5371 661 5442 regulariter
685 5386 700 5424 a
722 5369 836 5440 collegio
864 5365 914 5422 Eu·

128 5441 218 5497 elesiae
237 5441 369 5511 suscipiat
386 5441 465 5498 linem
486 5443 580 5497 electro
593 5440 676 5496 luturi
696 5439 840 5510 pontilicis.

166 5531 175 5564 a
187 5512 215 5567 Si
232 5512 295 5582 quis
310 5528 374 5566 vero
388 5511 531 5568 Laicoruur
543 5513 575 5566 ad
589 5510 801 5567 concertandum
809 5519 836 5564 et
848 5523 913 5561 ceo·

129 5586 280 5658 perandum
301 5585 431 5640 inuitatur
447 5583 482 5638 ab
505 5582 640 5650 Ecclesia,
670 5582 731 5639 licet
756 5580 855 5650 liuius:
868 5580 913 5635 odi

966 4386 1012 4448 sit,
1028 4385 1117 4439 detrec
1129 4385 1239 4439 obediat
1261 4393 1289 4439 et
1302 4387 1555 4469 consentiathquod
1578 4388 1697 4445 Ecclesia
1719 4397 1769 4443 tte.

963 4455 1097 4509 electione
1119 4470 1151 4537 ae
1175 4455 1349 4512 ordinatione
1371 4458 1473 4528 proprii
1499 4459 1625 4527 praesulis
1639 4474 1669 4516 se
1684 4459 1754 4515 uelle

964 4533 1166 4580 monstrarent.
1188 4543 1199 4577 r
1583 4542 1593 4554 ·

999 4596 1073 4666 (taut
1086 4594 1213 4677 synodus
1222 4594 1580 4669 Chalcedonensiscapdd:
1591 4597 1668 4653 «Nou
1677 4599 1756 4654 licere

964 4666 1090 4720 ricricum
1106 4682 1132 4720 tn
1148 4667 1263 4721 duarum
1286 4669 1427 4723 ciuitatum
1445 4670 1581 4725 conscribi
1605 4669 1687 4724 simul
1702 4668 1754 4726 Ec-

964 4737 1066 4801 clesiis,
1088 4744 1115 4790 ct
1131 4736 1157 4789 in
1174 4752 1228 4805 qua
1243 4737 1322 4791 initio
1342 4740 1484 4795 ordinatus
1505 4748 1564 4806 est,
1576 4748 1603 4796 et
1619 4741 1752 4809 adquam

964 4806 1096 4875 confugit,
1111 4808 1189 4927 quasi
1206 4807 1239 4860 ad
1259 4809 1392 4875 potiorem
1410 4808 1445 4864 olr
1462 4810 1551 4866 inanis
1564 4810 1657 4881 gloriae
1676 4811 1752 4879 cupi·

963 4876 1088 4930 dilatem.
1111 4873 1274 4931 locantem
1299 4877 1430 4935 lacicutes
1455 4882 1577 4936 reuocari
1603 4880 1695 4935 deberi
1717 4880 1752 4935 ad

965 4960 1042 5012 stram
1067 4944 1227 5009 Ecclesiam,
1250 4945 1277 5001 iu
1291 4962 1344 5016 qua
1369 4949 1496 5017 primitus
1508 4950 1625 5006 ordinati
1641 4961 1704 5005 suut
1724 4957 1753 5003 et

965 5015 1001 5068 ibi
1016 5017 1205 5094 tantummodo
1219 5016 1385 5073 ministrare.
1397 5017 1424 5074 Si
1440 5035 1503 5075 uero
1515 5021 1572 5090 jaro
1587 5021 1650 5089 quis
1662 5030 1752 5075 trans·

965 5087 1036 5140 latus
1055 5093 1097 5138 est
1110 5100 1143 5139 er
1158 5085 1211 5139 alra
1228 5086 1254 5139 in
1268 5088 1349 5142 aliam
1368 5089 1531 5157 Ecclesiam,
1547 5090 1647 5160 prioris
1658 5088 1752 5144 Eccle-

965 5155 1065 5210 simiel
1086 5156 1294 5225 nrartyriornmr,
1309 5174 1370 5228 quae
1392 5163 1444 5215 snb
1459 5176 1491 5215 ea
1507 5171 1580 5225 suut,
1600 5168 1648 5213 aut
1666 5175 1750 5213 serto

964 5226 1127 5281 doclriorum
1144 5226 1227 5280 rebus
1245 5229 1271 5281 iu
1292 5229 1368 5284 nullo
1386 5232 1580 5285 communicet.
1602 5229 1655 5281 Eos
1673 5243 1749 5296 uero,

965 5297 1013 5365 qui
1028 5297 1089 5350 ausi
1109 5295 1211 5352 lueriut
1226 5306 1289 5366 post
1305 5298 1493 5354 diffinitionem
1514 5313 1619 5369 ruagoae
1640 5308 1666 5353 et
1685 5299 1749 5352 uni-

966 5365 1079 5422 uersalis
1101 5366 1185 5435 lirrjus
1202 5368 1299 5437 synodi
1318 5368 1468 5438 quidquam
1486 5383 1521 5421 er
1541 5369 1600 5434 iris,
1612 5384 1674 5436 quae
1686 5377 1750 5422 snut

966 5437 1120 5507 prohibita,
1144 5446 1316 5507 perpetrare,
1337 5438 1459 5494 decrerit
1482 5448 1574 5492 sancta
1597 5437 1749 5509 synodusa

966 5507 1076 5577 proprio
1090 5508 1245 5577 lrujusmodi
1259 5508 1344 5578 gradu
1356 5510 1489 5563 recedere.
1510 5525 1519 5555 r
1744 5572 1746 5575 Α

1002 5577 1148 5650 Gregorius
1173 5577 1322 5632 ilariuiauo
1345 5578 1473 5649 episcopo
1500 5576 1655 5635 llaremrae:
1676 5596 1686 5632 ι
1719 5575 1749 5632 Si
