3892 6067
195 252 249 314 tit
676 247 831 310 pennotti
849 247 1046 307 audebant
1064 244 1340 304 obtenerandum
1772 249 1832 306 tta

195 367 268 426 lacis
283 366 404 424 laborem
424 365 452 421 ln
467 377 613 437 praecepto,
628 364 693 435 quia
707 380 773 432 eum
784 365 875 422 studio
889 365 991 422 laboris
1005 370 1029 428 Α
1043 364 1095 421 boc
1110 372 1152 420 est
1167 377 1230 420 eum
1249 363 1327 434 ignea
1345 362 1397 418 tcla
1420 361 1581 433 nequissimi
1605 370 1725 432 paterer,
1748 372 1780 420 et
1803 366 1846 421 de

194 463 238 517 tris
250 460 391 517 obseruari
403 469 567 529 preceptum
581 466 668 523 tuum,
681 458 754 529 quod
771 473 825 513 non
840 457 988 522 lacernasi
1039 459 1109 514 oreis
1132 456 1238 514 viribus
1253 456 1412 522 diffiderem,
1424 454 1535 526 coniugi
1548 455 1583 511 ad
1605 455 1761 522 Christum,
1788 459 1845 528 spei

195 550 274 606 sedes
290 547 443 619 iniqnitatis
459 548 507 604 tibi
522 548 684 606 adhaereret.
702 548 735 606 Et
756 549 803 620 qui
826 558 891 606 sunt
910 551 989 606 aedes
1039 560 1082 607 est
1097 549 1232 605 Dominus
1252 548 1376 605 omnium
1395 556 1424 602 et
1442 546 1516 603 Deae
1537 546 1670 604 tidelinm.
1695 547 1746 603 llic
1763 547 1846 604 Deae

195 640 371 711 iniquitatis!
392 639 444 709 Qui
1038 658 1112 696 meua
1128 639 1218 697 iactus
1230 648 1273 696 est
1287 639 1314 694 t'n
1326 637 1490 708 adjuterium
1505 639 1561 708 mei
1573 653 1647 703 mete,
1664 638 1691 693 id
1705 647 1751 693 est
1764 639 1846 708 juvit

233 730 315 788 Vsus.
330 730 376 786 at.
395 730 547 801 captabant
562 732 589 785 ia
603 732 723 788 eniteant
732 731 812 801 justi,
825 731 851 786 id
866 740 908 787 est
932 730 989 788 ire·
1039 746 1083 787 tuc
1094 731 1207 802 adipisci
1218 729 1454 802 pugnantimqmd
1467 729 1574 798 sperari
1584 728 1756 784 amaudn.Et
1769 729 1844 785 mibi

195 836 312 893 nurerum
324 822 484 879 desiderant
497 824 629 888 animam,
642 824 696 879 lroc
709 832 751 879 est
768 823 990 895 ritamjustica-
1040 823 1137 881 uictori
1162 823 1255 878 reddet
1281 835 1413 877 corianam
1432 820 1563 892 justitiam
1586 819 1714 876 inimicos
1740 830 1844 877 autern

196 930 273 985 pere,
288 927 318 971 at
332 931 395 970 eum
412 916 445 972 ad
469 927 634 972 consensum
660 915 725 970 mali
747 915 919 984 pertrabant,
942 923 990 972 aut
1038 929 1117 969 meos
1131 914 1225 974 induet
1237 912 1415 970 conlusioae.

197 1004 990 1075 bonissuisproscrilrant‚atttritamaulcranthrislut
1076 1002 1158 1060 Vana
1181 1004 1228 1059 ιδ.
1250 1001 1284 1057 Et
1308 1003 1397 1057 reddet
1420 1002 1476 1058 illis
1501 1001 1672 1072 ἰιιίῃιιιιειι
1700 1002 1845 1073 ιρισιιι,

194 1095 343 1163 captivavit
356 1096 462 1151 autimas
473 1104 642 1158 sanctorum.
655 1097 702 1152 sod
715 1111 768 1150 uon
781 1095 808 1150 in
820 1095 939 1152 animas.
958 1095 991 1152 le
1040 1094 1105 1165 utria
1120 1093 1210 1149 mittet
1221 1107 1270 1148 eas
1284 1092 1310 1147 in
1323 1092 1411 1149 loetum
1425 1092 1708 1155 tormentorum‚etitt
1725 1092 1845 1148 madan

196 1184 317 1238 animam
332 1194 375 1240 est
387 1194 482 1242 cantra
497 1186 596 1242 animae
611 1187 738 1242 salutern.
752 1186 860 1243 Etcum
875 1202 928 1242 noa
941 1202 991 1259 po·
1038 1184 1238 1253 dispersissent,
1252 1183 1305 1239 boa
1317 1190 1359 1239 est
1378 1182 1515 1238 inanima
1537 1190 1565 1237 et
1589 1197 1704 1253 corpora
1723 1191 1847 1254 propter

198 1281 292 1329 lerunt
308 1290 369 1330 eam
394 1276 542 1346 captivare,
567 1277 724 1347 tunpaiuem
739 1278 904 1332 irtaoceutem
928 1295 992 1333 rora·
1040 1275 1174 1331 malitiam
1191 1275 1285 1345 perdet
1298 1289 1357 1332 eos.
1384 1274 1736 1344 DisperdetilloaCbristus
1750 1276 1844 1345 ultor,

196 1365 370 1431 detonabant,
392 1366 417 1419 id
434 1374 477 1422 est
491 1367 622 1422 innocens
640 1382 741 1438 corpus
761 1367 897 1429 occident.
921 1383 991 1425 con·
1040 1366 1133 1438 iustus
1145 1365 1240 1437 juder,
1256 1367 1357 1438 qaiest
1371 1367 1500 1424 Dominus
1512 1360 1584 1423 Deus
1597 1378 1688 1423 aester
1699 1367 1843 1426 cbristia·

197 1453 353 1508 ‹lamnando
367 1452 510 1508 innoxium
536 1455 697 1524 sanguinem
722 1454 872 1518 effundent,
893 1454 992 1512 Milites
1042 1472 1152 1522 uorum.
1168 1455 1242 1512 Deus
1255 1456 1401 1513 ultionum.
1415 1455 1474 1512 lias
1484 1457 1561 1514 stulti
1575 1467 1602 1513 et
1612 1457 1771 1528 insipientes
1783 1473 1821 1527 pu
1832 1485 1844 1503 ι

196 1541 312 1608 eluisti,
328 1545 375 1613 qui
392 1543 524 1601 adversus
540 1544 676 1615 malignas
690 1543 718 1601 in
736 1561 854 1616 pugnata
872 1560 991 1602 consur·
1041 1547 1116 1613 tatis,
1131 1545 1205 1617 quod
1219 1545 1293 1604 Deus
1309 1549 1381 1605 mala
1395 1547 1537 1606 bominum
1559 1547 1677 1609 nescim.
1692 1563 1756 1603 cnm
1777 1562 1841 1606 uon

197 1642 338 1697 rexerunt,
353 1642 381 1689 et
392 1633 524 1694 aduersus
541 1635 652 1708 iniquos
665 1636 693 1690 in
706 1637 766 1693 acie
781 1638 902 1705 stabam,
924 1653 993 1710 que
1042 1635 1134 1691 statim
1151 1647 1296 1707 peccantes
1306 1638 1441 1695 damnat:
1457 1638 1484 1694 iu
1499 1638 1605 1709 jndicio
1619 1640 1708 1695 malas
1727 1640 1843 1710 pooiet,

195 1741 259 1782 rum
275 1727 383 1783 animas
398 1727 485 1798 impii,
508 1728 588 1784 sedes
608 1727 762 1798 iniquitatis
784 1729 940 1799 captabant,
965 1738 993 1785 et
1008 1716 1029 1772 Β
1044 1743 1107 1784 cum
1121 1728 1149 1783 in
1169 1728 1273 1784 malitia
1289 1744 1386 1785 omnes
1402 1730 1529 1786 inventos
1551 1730 1701 1801 Disperdet.
1716 1731 1840 1787 diceas:

198 1816 360 1886 sanguinem
377 1817 609 1884 condemnabant,
631 1833 695 1873 euna
716 1818 832 1874 uictoria
850 1818 991 1891 adrepens
1046 1840 1057 1875 a
1074 1820 1209 1878 Discedite
1225 1838 1240 1878 a
1256 1837 1312 1889 rae,
1323 1823 1473 1890 maledicta
1484 1823 1511 1878 in
1530 1823 1620 1896 ignem
1630 1833 1775 1891 amanum,
1787 1826 1842 1897 qai

197 1905 303 1961 reversi
319 1906 494 1962 conclamant
512 1925 521 1962 a
1043 1922 1212 1986 praeparatus
1222 1923 1264 1971 est
1274 1914 1385 1972 diabolo
1398 1925 1424 1972 ει
1439 1916 1544 1989 angelis
1560 1917 1621 1989 ειιιε
1642 1916 1754 1988 (datm.
1769 1933 1839 1983 xxv,

234 1992 317 2052 isus.
337 1996 383 2051 ιι.
405 1996 506 2053 Fartus
519 2006 559 2054 ert
575 1997 706 2057 Domim
718 2000 784 2056 milri
804 2002 832 2057 la
846 2002 990 2074 resupinam,
1043 2004 1102 2076 ιιι,
1121 2024 1131 2058 ι
1147 2004 1220 2082 qnod
1236 2003 1308 2062 Deus
1325 2013 1430 2065 areatat
1442 2022 1459 2069 a
1470 2006 1562 2066 uobis.

223 2179 1841 2236 ...mm-...3

780 2321 1050 2414 PstLMth
1086 2322 1252 2418 xuttt.

778 2630 825 2690 De
840 2626 1033 2691 inritatione
1054 2628 1262 2710 populorum.

238 2775 339 2844 Vertite,
358 2773 518 2832 exsultemus
537 2774 659 2842 Domino,
674 2784 726 2832 etc.
744 2771 927 2846 llicpsalmus
947 2779 1024 2837 estc
1042 2772 1146 2832 olienso
1160 2774 1215 2834 Deo
1235 2775 1365 2848 prostrati
1382 2785 1457 2834 sunt.
1486 2775 1629 2850 Significat
1650 2787 1742 2836 autem
1762 2785 1837 2854 quai

202 2869 233 2929 le
244 2869 388 2927 roratione
398 2868 519 2940 pestium
534 2878 561 2925 et
575 2867 730 2925 ludaeorum
743 2868 777 2924 ad
790 2868 850 2924 lidei
863 2867 991 2941 gratiam,
1042 2867 1121 2924 multi
1138 2868 1194 2924 sint
1206 2867 1239 2923 ad
1249 2883 1363 2940 regnum
1373 2865 1421 2925 Dei
1433 2869 1533 2937 vocati,
1548 2869 1629 2939 pauci
1642 2886 1707 2927 vero
1721 2885 1834 2945 propter

198 2962 242 3020 vel
256 2961 376 3019 bdelium
390 2961 530 3033 lapsorum
548 2960 582 3016 ad
599 2960 797 3032 paenitentiam.
821 2960 925 3015 Dicitur
942 2974 993 3014 ro·
1042 2960 1113 3015 atala
1132 2975 1214 3030 opera
1233 2958 1320 3014 electi.

197 3053 268 3110 catis
282 3052 315 3108 ad
329 3053 437 3123 nuptias
451 3060 482 3108 ut
495 3053 527 3108 tle
542 3052 604 3107 lacu
628 3052 745 3108 miserim
759 3052 792 3107 ad
806 3050 905 3122 gaudia
917 3051 992 3118 coeli,
1077 3049 1107 3105 lu
1118 3050 1185 3106 alnas
1196 3061 1287 3121 partes
1297 3051 1438 3119 dividitur,
1454 3054 1517 3122 quia
1532 3051 1595 3108 bina
1609 3057 1715 3111 vocatio
1728 3056 1774 3115 bic
1786 3055 1839 3118 d&

197 3143 339 3199 delabere
359 3142 446 3197 tincae
464 3142 492 3196 in
505 3142 627 3211 requiem
643 3140 752 3197 Domini
773 3141 949 3208 conveniant,
963 3143 992 3199 in
1042 3143 1188 3199 scribitur:
1202 3141 1261 3199 Una
1274 3157 1338 3213 pars
1352 3153 1412 3198 est:
1432 3141 1529 3212 l‘errite,
1540 3144 1699 3202 exercitemus
1711 3148 1834 3218 Domino,

199 3248 254 3304 qna
275 3232 431 3289 convivium
456 3231 504 3288 Dei
520 3248 582 3288 enm
603 3233 705 3302 angelis
724 3232 827 3296 ineant,
845 3246 879 3285 ue
894 3231 922 3285 in
947 3231 993 3286 itt·
1042 3231 1070 3285 ln
1085 3245 1138 3301 qua
1156 3240 1270 3300 utraque
1286 3231 1393 3289 vocatio
1403 3234 1573 3300 caminetum
1587 3235 1672 3291 altera
1689 3256 1696 3291 ε
1713 3236 1799 3294 lindie
1812 3242 1835 3296 sl

199 3337 266 3381 uere
278 3330 438 3378 remaneant
450 3329 560 3393 propior
574 3322 775 3392 negligentiam,
787 3318 952 3377 sieutludaei
964 3322 992 3376 in
1042 3336 1129 3375 uocem
1141 3320 1210 3392 ejus,
1226 3321 1254 3376 iu
1269 3337 1321 3392 quta
1336 3320 1384 3377 Dei
1399 3323 1550 3379 admonitio
1565 3325 1757 3386 introducitur.
1777 3329 1836 3394 lox

199 3426 304 3479 eremo,
320 3412 366 3484 qui
390 3427 444 3467 nou
467 3410 630 3466 introierunt
650 3420 749 3466 terram
772 3410 993 3481 repromissionis
1042 3413 1228 3483 apostolorum
1242 3413 1277 3469 ad
1292 3416 1422 3486 populum
1438 3417 1570 3489 gentium.

199 3514 311 3579 propter
321 3503 509 3561 dillltieatiam.
531 3499 630 3560 Tribus
652 3502 867 3573 praecedentibus
878 3503 992 3573 psalmis
1079 3500 1203 3560 trust.
1227 3501 1326 3572 Verrito,
1345 3504 1505 3562 exsultemus
1521 3506 1644 3564 Domino.
1661 3509 1752 3580 Duos,
1767 3529 1837 3584 gen·

200 3595 347 3656 Saibatum
357 3595 519 3659 attitulatur,
531 3595 603 3666 quod
616 3588 837 3666 repules'dicitun
852 3593 993 3665 inquibus
1042 3605 1094 3663 tes,
1108 3595 1154 3666 qni
1170 3595 1248 3668 longe
1264 3595 1330 3653 estis
1344 3611 1359 3651 a
1373 3595 1525 3654 ierusalem
1552 3600 1671 3668 civitate,
1691 3603 1717 3658 iu
1744 3602 1836 3678 Baby·

200 3687 340 3755 scribitur,
355 3688 428 3761 quod
442 3687 510 3758 justi
538 3686 589 3743 ttde
606 3685 749 3743 Trinitatis
772 3695 801 3742 ut
825 3688 915 3758 palma
940 3686 992 3744 Do·
1042 3686 1115 3753 lone,
1128 3685 1238 3743 cit-itate
1252 3687 1363 3755 diaboli,
1379 3691 1462 3744 uenite
1476 3690 1510 3747 (ιε
1526 3691 1683 3750 intidclitate
1694 3696 1726 3750 ad
1741 3697 1835 3755 liciam.

200 3789 292 3836 rentes
307 3781 334 3834 in
349 3780 470 3850 requiem
488 3778 595 3836 Domini
618 3780 720 3835 intrare
732 3778 864 3847 debcant;
887 3779 915 3835 iu
939 3779 993 3837 hoc
1043 3776 1077 3833 de
1094 3776 1203 3832 diabolo
1217 3793 1379 3849 persuasore
1390 3781 1423 3835 ad
1437 3778 1577 3837 Christum
1590 3784 1763 3841 salvatorem.
1780 3785 1836 3842 Ex·

199 3880 292 3927 autem
313 3870 553 3942 Deusjuratquod
567 3879 708 3941 captantes
723 3870 750 3925 iu
772 3869 892 3925 animam
911 3871 991 3942 iusti,
1043 3869 1170 3924 enitemur
1189 3869 1313 3937 Domino,
1330 3870 1356 3925 ut
1374 3880 1416 3927 est
1432 3873 1602 3931 exsultanter
1615 3891 1761 3946 operemur
1784 3879 1835 3935 bo·

200 3971 229 4020 et
251 3963 413 4037 sanguinem
437 3963 608 4019 innocentem
635 3962 847 4020 condemnantes
869 3964 992 4035 requiem
1043 3974 1109 4014 uum
1128 3957 1309 4016 abhorrerem
1332 3958 1380 4016 Dei
1395 3959 1494 4027 Patris,
1508 3964 1555 4034 qui
1570 3974 1617 4021 est
1635 3964 1763 4021 Dominus
1776 3982 1835 4023 om·

200 4070 278 4112 suam
297 4070 350 4110 non
370 4055 518 4113 introeant.
1043 4052 1129 4107 n'um.
1150 4049 1298 4106 dubitemus
1321 4049 1374 4108 Deo
1394 4051 1509 4110 soluturi
1522 4063 1623 4126 uestro,
1649 4056 1675 4112 ici
1699 4067 1742 4113 cst
1767 4074 1834 4130 para

235 4143 286 4202 llic
307 4147 429 4218 psalmus
448 4146 475 4201 in
496 4144 592 4202 ordine
606 4147 800 4219 nonagesimus
813 4156 928 4219 quartas
942 4163 992 4220 pa-
1006 4127 1030 4183 Ῑ)
1043 4153 1134 4197 ιιιειιιε
1149 4140 1291 4197 laudemus
1301 4140 1442 4197 Christum
1461 4159 1556 4200 rerum
1572 4145 1656 4201 Deum
1671 4147 1833 4205 saluatorem

199 4239 284 4307 nitur,
299 4239 347 4310 qui
361 4249 494 4296 uumerus
508 4238 536 4295 in
557 4239 735 4312 quadraginta
750 4250 777 4298 et
790 4243 989 4315 quinquaginta
1044 4245 1179 4291 nostram.
1199 4231 1353 4289 Exsultatio
1364 4235 1397 4289 ad
1409 4235 1562 4302 actionem,
1577 4237 1704 4308 iubilatio
1718 4241 1834 4310 pertinet

197 4340 226 4390 et
239 4340 358 4402 qttatuor
368 4332 495 4402 partitur.
503 4329 686 4405 Quadraginta
699 4334 897 4404 paenitentiam,
910 4335 991 4406 quin·
1043 4324 1078 4382 ad
1097 4324 1365 4393 contemplationem.
1390 4324 1420 4381 ln
1444 4324 1558 4383 ilcbraeo
1579 4328 1696 4386 babetur
1710 4350 1717 4385 :
1731 4330 1833 4387 iubile-

197 4422 329 4494 quagtma
354 4422 485 4489 tarpeiam,
506 4430 625 4495 quarum
651 4422 801 4479 Ecclesiam
823 4424 857 4480 (ιθ
873 4434 992 4495 quamm-
1042 4412 1262 4483 mmpetroedeau
1280 4426 1381 4470 nostro.
1396 4411 1478 4476 Petra
1491 4428 1533 4473 est
1546 4417 1673 4476 Christus
1692 4436 1773 4477 certas
1787 4421 1832 4478 lc·

199 4512 295 4572 mundi
310 4512 468 4569 climatibus
482 4519 674 4583 cottgregatam
687 4510 786 4566 innuit.
805 4509 934 4582 Designat
947 4512 993 4570 laic
1041 4517 1100 4571 itit.
1115 4505 1160 4561 cui
1174 4505 1335 4576 jubilamus.

199 4619 343 4673 numerus,
357 4604 431 4677 quod
454 4603 548 4677 populi
565 4602 600 4660 de
621 4610 740 4674 quatuor
766 4602 853 4674 plagis
867 4602 942 4659 orbis
956 4605 992 4664 aa!
1076 4594 1160 4653 Vens.
1171 4596 1199 4652 ι.
1220 4594 1435 4668 Proeorcnpemus
1447 4599 1542 4670 fustem
1552 4601 1609 4672 eius
1619 4601 1647 4654 ira
1659 4603 1831 4672 carnariam,

199 4695 281 4754 tidem
296 4696 402 4752 collecti
416 4711 466 4767 per
479 4696 666 4767 poettitentiam
678 4695 712 4751 ad
726 4710 846 4768 perenne
860 4694 990 4765 mutium
1041 4688 1068 4744 id
1093 4696 1136 4744 εει
1157 4689 1356 4759 preveniamus
1377 4691 1522 4750 adrentum
1543 4693 1696 4763 praesentiae
1721 4694 1781 4763 eius
1802 4694 1830 4751 in

199 4788 372 4859 perveniunt.
393 4783 501 4844 Titulus
520 4787 617 4859 psalmi
637 4795 703 4843 est:
1039 4780 1129 4838 laude.
1151 4779 1198 4839 Vei
1217 4784 1415 4853 praeveniamus
1427 4784 1560 4855 judiciam
1581 4785 1642 4857 eius
1656 4787 1684 4841 in
1706 4798 1832 4857 peccato·

413 4893 479 4935 atus
497 4893 602 4938 canarct
621 4878 677 4951 (tl)
691 4893 781 4934 nauto.
1040 4889 1102 4932 rum
1113 4873 1295 4932 confessione.
1312 4874 1340 4931 lu
1352 4875 1465 4932 liebraeo
1484 4877 1618 4933 habetur:
1635 4876 1831 4935 Praemiamua

235 4965 426 5028 iiocestztsta
447 4968 506 5026 latta
521 4970 607 5026 lldelis
626 4971 718 5042 populi
742 4970 850 5028 canitur
866 4985 928 5027 eum
942 4969 991 5043 ju·
1039 4967 1140 5021 tultum
1152 4967 1208 5037 ejus
1220 4968 1248 5022 ἱιι
1262 4969 1408 5038 pretiorum
1420 4968 1531 5025 actione.
1544 4967 1624 5026 Prior
1634 4970 1766 5026 adrentus
1778 4969 1831 5025 Do·

199 5062 338 5121 canditate
353 5059 463 5119 Christo
480 5062 564 5119 nobili
581 5071 608 5117 ει
621 5061 680 5118 aisn
694 5063 856 5121 delectabili.
876 5062 988 5122 Materia
1040 5057 1107 5114 mini
1118 5058 1198 5131 quasi
1211 5059 1323 5114 dorsum
1339 5057 1399 5128 luit,
1412 5074 1475 5117 cum
1489 5062 1614 5122 occultus
1630 5063 1657 5118 in
1673 5060 1763 5117 torma
1774 5077 1831 5116 ser·

199 5166 241 5212 est
255 5153 361 5212 vocatio
379 5154 472 5226 populi
485 5154 518 5211 ad
533 5153 654 5224 requiem
671 5153 790 5209 Domini.
810 5153 926 5212 Intentio
946 5163 990 5211 est
1038 5151 1086 5207 rili
1095 5154 1230 5223 apparuit.
1253 5151 1483 5224 Securmustpuasi
1501 5155 1584 5225 {ucles
1604 5155 1666 5221 crit,
1680 5169 1743 5211 cunr
1759 5152 1829 5208 Deus

200 5245 292 5318 lapsos
317 5246 351 5302 ad
374 5245 563 5317 poenitentiam
591 5244 747 5310 admonere,
766 5255 796 5302 ut
816 5246 923 5317 possint
944 5261 989 5302 re·
1039 5242 1202 5300 manifestus
1215 5244 1343 5300 omnibus
1356 5244 1507 5316 apparebit.
1531 5243 1607 5301 lianc
1631 5246 1828 5316 preveniamus

200 5337 290 5407 quiem
304 5335 413 5394 Domini
428 5336 551 5418 introire..
563 5334 650 5392 Verba
662 5349 769 5409 sumpta
779 5349 843 5395 sunt
853 5338 886 5394 de
898 5338 988 5394 bistu-
1038 5337 1120 5394 laude
1132 5344 1159 5392 ct
1172 5337 1340 5407 peonitentia.
1361 5336 1396 5392 Et
1411 5339 1439 5392 in
1461 5337 1571 5409 psalmia
1581 5338 1727 5408 jubitemus
1751 5337 1787 5400 ei.
1801 5335 1828 5393 ld

201 5426 252 5491 ria,
272 5425 319 5481 ubi
334 5424 438 5483 liebraei
449 5426 483 5483 de
494 5424 612 5499 AEgppto
634 5427 667 5483 ari
690 5437 790 5484 terram
804 5429 931 5485 liuentem
946 5427 989 5484 lac
1038 5440 1081 5486 est
1094 5446 1156 5487 curn
1170 5431 1251 5486 bouis
1268 5430 1396 5501 operibus
1405 5430 1524 5501 jubilum
1538 5430 1671 5487 iaciamus
1686 5430 1735 5486 illi.
1753 5427 1828 5484 Psal-

200 5527 228 5572 ct
244 5517 295 5572 mei
310 5518 399 5573 roeati
410 5519 544 5589 suasam
556 5529 647 5576 tatncn
666 5536 733 5590 pcuc
748 5537 843 5578 ourncs
857 5520 884 5576 in
895 5536 987 5578 ercnto
1041 5538 1102 5579 rurus
1124 5521 1157 5578 acl
1173 5521 1268 5579 activo
1285 5522 1346 5577 sitta
1359 5521 1544 5593 operationem
1556 5563 1564 5589 ,
1576 5521 1692 5594 jrrbilum
1714 5519 1827 5593 pertinet

238 5670 294 5740 llil
315 5669 446 5740 vulgata:
463 5672 518 5729 irai
533 5673 629 5730 Dnt'itl.
