3892 6067
28 716 40 995 l

23 1400 26 1437 l

21 1588 23 1621 l

20 1682 22 1715 l

133 237 202 297 {863
418 233 670 291 SERNONES.-
688 234 807 290 stuttu
824 234 941 290 Killll.
962 235 997 290 tt
1019 184 1173 293 ΝΑΤΙΤΙΤ.
1195 239 1225 294 S.
1245 237 1342 293 tutu.
1360 238 1460 293 tract.
1693 244 1763 302 tati

398 347 514 404 sunttu
533 348 650 407 titt.ttt
935 359 957 413 d
974 366 1048 410 suut.
1066 354 1121 411 llos
1138 371 1204 427 ergo
1219 356 1306 411 secuti
1327 371 1433 421 snmus,
1450 355 1514 426 quia
1529 373 1576 413 eos
1597 361 1763 430 sequebatur

380 459 405 497 tv
420 460 508 499 sousa
523 460 607 499 rssao
623 460 663 498 nr.
973 446 1119 513 murrdus;
1138 445 1228 501 omnis
1244 446 1364 501 murrdus
1381 446 1472 501 abibat
1486 457 1576 517 poste
1563 463 1620 515 eos,
1637 460 1664 504 et
1688 453 1762 507 aesti·

166 536 417 593 Pararilucernam
439 534 545 588 Cirristo
568 551 634 601 urea,
645 542 697 590 ete.
712 532 798 607 (Paul.
814 534 919 605 exuat).
973 539 1094 593 m'atiuue
1110 539 1254 593 bominum
1280 555 1421 609 utinquam
1438 542 1477 595 sic
1492 541 1575 596 locuti
1592 553 1656 596 sunt
1672 543 1762 597 bomi-

129 626 212 694 Olim,
238 626 420 690 dilectissimi,
437 626 577 679 cernimus
601 641 650 681 ros
671 627 731 695 plns
751 627 832 681 solito
853 627 921 697 tepi·
971 643 1030 683 nes.
1046 627 1098 694 Qui
1115 629 1221 682 sienon
1234 629 1397 698 loquebatur
1413 629 1587 696 irridebatur,
1601 642 1761 687 contemne

128 721 188 786 dos,
200 728 228 773 et
241 734 321 789 quast
337 717 480 772 acediosos
492 716 580 772 laetos
593 717 626 771 ad
641 716 830 773 audiendum
848 719 919 775 uude
970 716 1061 780 iratur,
1082 718 1268 772 deserebatur.
1282 717 1320 772 Ne
1341 720 1423 789 igitur
1443 730 1490 774 aut
1512 721 1613 777 invidia
1637 725 1758 795 obloqui,

128 821 156 867 et
170 828 221 868 nos
233 812 379 882 tepidiores
394 826 426 865 ac
441 811 644 876 imbecilliores
667 810 763 878 iateor,
790 812 855 867 laen
870 830 914 868 su
970 816 1019 862 atti
1044 809 1136 878 iuopia
1161 810 1261 879 ingenii
1281 826 1334 865 nou
1360 812 1401 866 sic
1423 811 1495 882 inqut
1513 822 1682 883 putaremur
1699 820 1760 873 ani-

129 903 424 973 musadloqueudum.
442 904 564 957 Attentio
587 919 705 973 rumque
718 903 845 975 discipuli
858 907 920 960 drlr
970 917 1046 955 mum
1059 901 1232 971 appulimus
1247 914 1284 968 et,
1301 912 1331 958 ut
1351 905 1439 970 scitis,
1454 919 1508 959 non
1528 909 1674 966 omnibus
1668 927 1693 964 ru
1708 913 1759 966 bu

127 994 246 1062 genuam
261 993 371 1046 adiubet
390 990 516 1057 doctori
532 1001 560 1046 et
574 1007 631 1061 quo
655 994 781 1048 devotius
800 1011 918 1064 quisque
968 992 1380 1061 jusmodiinlerioresluimus;
1395 999 1756 1067 nequeenimmibicornea

126 1086 249 1149 auditur,
262 1099 296 1139 eo
309 1084 460 1138 studiosius
480 1083 610 1151 loquitur
625 1082 677 1137 Sed
694 1101 850 1154 qnernnrm
867 1104 918 1142 nus
969 1085 1037 1139 libra
1063 1095 1115 1152 est,
1142 1088 1294 1156 aitpoeta
1318 1087 1418 1142 Verum
1446 1104 1520 1145 nunc
1546 1091 1757 1164 dicimusquud

125 1175 225 1249 stylum
242 1174 354 1231 nescitis
365 1190 419 1245 qua
437 1175 544 1229 ratione
559 1184 701 1243 mutasse;
719 1179 809 1247 etqui
831 1181 918 1235 subti·
968 1177 1004 1231 ab
1018 1177 1096 1230 initio
1116 1191 1341 1247 conceperamus,
1370 1180 1416 1234 sed
1436 1195 1480 1245 ne,
1508 1190 1537 1235 ut
1560 1181 1691 1247 diximus,
1709 1196 1757 1242 aut

125 1268 187 1324 liter
199 1268 356 1323 solebamus
368 1276 415 1321 aut
429 1268 552 1321 invenire
564 1284 678 1336 prorsus
691 1285 773 1335 nora,
789 1279 838 1324 aut
862 1271 917 1326 elea
968 1269 1089 1335 invidiae,
1104 1281 1152 1323 aut
1171 1270 1287 1325 inscitie
1314 1280 1482 1337 notaremur,
1501 1282 1608 1329 utentes
1635 1284 1757 1348 tempore

123 1368 219 1430 gauter
230 1360 361 1415 innovare
371 1366 483 1425 vetera,
501 1375 573 1415 tanne
588 1364 745 1415 communia
758 1372 864 1416 tantum
881 1372 918 1420 te-
968 1377 1043 1415 nunc
1057 1376 1144 1431 usqne
1163 1361 1377 1430 suppressimus.
1395 1361 1538 1418 lnstabunt
1557 1365 1641 1435 igitur
1654 1377 1758 1438 tempo-

123 1451 221 1517 rimus,
242 1466 274 1505 ae
293 1465 421 1505 sermone
448 1450 522 1503 trivii
550 1451 613 1504 trita
641 1451 817 1521 replicamus.
841 1453 916 1520 Quo·
967 1468 996 1508 ra
1014 1453 1185 1522 periculosa,
1208 1461 1235 1508 et
1256 1453 1398 1507 intrabunt
1420 1455 1599 1511 subversores
1620 1460 1754 1525 veritatis,

124 1542 219 1610 modo,
249 1541 378 1612 inquiunt
407 1551 528 1597 restrum
557 1542 692 1610 nonnulli,
718 1542 859 1600 demersus
874 1555 917 1601 est
967 1540 1172 1611 Scripturarum
1197 1541 1267 1597 dieta
1280 1542 1338 1596 suis
1349 1543 1477 1598 sensibus
1497 1548 1754 1610 accommodantes.

83 1678 87 1685 .
123 1634 445 1704 bomoistelquomodo
466 1634 812 1688 obseuratumestaurum
834 1634 913 1689 intel·
966 1633 1067 1704 quibus
1086 1633 1145 1688 baec
1168 1643 1263 1688 nostra
1286 1633 1428 1690 licentiosa
1457 1635 1755 1709 libertasiorepoteru

121 1728 239 1800 ligentiac
253 1742 319 1792 suae,
334 1734 506 1781 mutatusest
524 1726 599 1780 color
612 1725 735 1794 optimus
751 1725 914 1796 eloquentiae
930 1703 950 1756 Β
966 1725 1119 1794 perniciosa
1137 1726 1296 1781 auctoritas.
1313 1725 1405 1792 Quare
1430 1743 1484 1781 non
1501 1728 1627 1785 deserent
1648 1734 1755 1786 novita-

121 1819 200 1876 suae?
213 1817 265 1885 Qui
277 1819 385 1873 solebat
397 1818 561 1874 mirabiliter
582 1819 651 1872 mira
677 1818 779 1881 dicere.
793 1819 915 1887 siugula-
965 1817 1001 1872 tis
1016 1832 1075 1873 suae
1098 1808 1186 1888 gratia
1207 1817 1319 1872 Patrnm
1346 1827 1453 1875 ueteres
1475 1822 1671 1890 expositiones.
1688 1824 1711 1880 si
1726 1825 1752 1878 iri

120 1913 186 1967 riter
200 1910 323 1966 inaudita
337 1913 505 1981 excogitare,
535 1912 653 1966 obseura
673 1910 824 1966 luculenter
839 1911 912 1966 ditu-
965 1918 1030 1965 aute
1046 1923 1094 1962 eos
1113 1910 1255 1965 consuevit
1277 1909 1421 1966 Ecclesia?
1445 1907 1588 1976 Quomodo
1610 1914 1755 1984 objicietur

121 2000 193 2065 nire,
222 2001 343 2055 involuta
371 2001 501 2057 distinete
522 2002 655 2065 dividere,
680 2003 767 2056 divisa
790 2012 914 2072 patenter
963 2000 1014 2064 eis,
1027 1998 1073 2054 Sic
1086 2008 1114 2054 et
1125 2000 1165 2055 sic
1176 2002 1301 2070 exposuit
1314 2002 1487 2077 Ambrpsius,
1499 2004 1679 2074 Augustinus,
1692 2006 1754 2062 lile-

118 2092 254 2161 eremplis
265 2091 416 2157 declarare,
441 2093 580 2162 quomodo
601 2109 675 2147 rrunc
688 2095 780 2148 omnia
796 2095 913 2149 conluu·
963 2108 1106 2162 rouymus,
1125 2092 1291 2163 Gregorius?
1309 2091 1404 2148 Nonne
1418 2094 1544 2164 inquient
1561 2095 1613 2151 :Si
1629 2097 1670 2153 sie
1692 2099 1754 2156 aliis

118 2181 169 2246 dit,
188 2183 281 2237 omnia
306 2184 464 2253 permiscet,
479 2184 570 2237 omnia
589 2184 691 2253 ubique
714 2186 811 2255 tangit.
826 2193 854 2239 et
871 2184 913 2239 ui·
963 2184 1051 2247 licuit,
1065 2185 1145 2239 nobis
1161 2200 1248 2254 quare
1259 2200 1313 2239 non
1329 2185 1545 2242 licebithoune
1557 2190 1629 2244 sicut
1642 2190 1677 2243 ab
1693 2191 1753 2247 istis

118 2273 156 2328 tut
167 2274 201 2329 ad
223 2284 411 2345 exspectatum
435 2291 523 2345 usque
548 2276 629 2330 linem
654 2275 780 2345 perducit
801 2277 813 2330 l
837 2276 913 2343 Quo«
963 2273 1014 2343 ipsi
1029 2275 1195 2340 audivltnus,
1208 2284 1235 2329 et
1246 2273 1284 2328 illi
1299 2274 1399 2329 dicturi
1413 2277 1494 2330 sunt?
1505 2275 1556 2331 Ubi
1568 2277 1686 2347 Spiritus
1700 2277 1753 2333 bo-

117 2366 303 2421 modorinum
316 2366 376 2437 ejus
391 2367 508 2421 mixtum
522 2375 564 2422 est
581 2383 664 2437 aqua,
691 2377 834 2438 argentum
851 2384 912 2423 ver·
963 2366 1042 2431 ruini,
1069 2366 1106 2420 ibi
1134 2364 1247 2420 libertas
1270 2382 1348 2419 :non
1363 2382 1460 2422 suanus
1485 2368 1584 2422 addicti
1607 2368 1702 2438 jurare
1725 2370 1751 2424 lu

115 2471 177 2514 aum
192 2467 234 2512 est
248 2457 274 2511 in
288 2458 405 2513 scoriam
419 2458 431 2512 l
448 2457 591 2523 Quomodo
605 2474 680 2513 uunc
697 2468 745 2514 aut
770 2461 844 2527 silet,
863 2470 912 2516 aut
962 2458 1044 2512 verba
1057 2458 1200 2527 magistri?
1211 2457 1298 2526 llujus
1310 2459 1408 2523 simile,
1421 2459 1572 2527 eademque
1584 2458 1670 2513 lerme
1681 2469 1751 2515 tem--

115 2543 262 2615 loquitur?
284 2544 355 2601 Eece
384 2545 539 2611 silebimus,
559 2547 606 2601 sed
625 2546 726 2614 vobis;
753 2547 909 2618 loquemur,
961 2554 1077 2616 pestate,
1092 2548 1235 2616 eujusdam
1256 2562 1333 2601 novae
1352 2546 1598 2602 militiaeoborturn
1617 2556 1751 2604 estutou-

115 2637 163 2692 sed
175 2633 230 2691 raon
249 2636 338 2692 vobis.
354 2635 464 2692 Curiosi
479 2639 619 2694 auditores
642 2654 739 2694 omnes
752 2655 802 2695 vos
820 2643 908 2698 estis:
960 2645 1048 2693 strum
1074 2653 1187 2703 norum,
1205 2637 1294 2707 errjus,
1312 2645 1342 2692 ut
1365 2636 1453 2705 lepide
1473 2636 1512 2691 ait
1535 2637 1659 2706 qnidam,
1677 2636 1751 2693 Ordo

114 2737 142 2783 et
156 2728 217 2782 ideo
232 2728 448 2798 permutavimus
458 2727 566 2784 dicendi
582 2731 705 2796 modum,
718 2731 782 2799 quia
797 2747 844 2785 ros
854 2747 908 2787 nou
960 2730 995 2785 de
1016 2730 1113 2799 quinto
1135 2728 1282 2799 Evangelio
1297 2736 1349 2793 est,
1365 2736 1395 2780 ut
1409 2726 1515 2781 laureis
1531 2742 1562 2780 ac
1576 2726 1695 2783 fustibus
1707 2728 1751 2783 iu-

113 2821 247 2891 posuistis
260 2820 414 2876 curiositati
440 2831 538 2877 restrae
553 2822 676 2877 modum.
702 2820 776 2878 Nora
802 2833 908 2879 tantum
960 2821 1088 2876 credulos
1102 2831 1181 2891 cogat
1194 2820 1227 2874 ad
1242 2818 1339 2884 bdem3
1352 2827 1380 2873 et
1394 2833 1444 2872 eos
1460 2818 1505 2888 qui
1521 2815 1624 2873 Claristi
1649 2835 1748 2875 nomen

113 2912 252 2984 captatis:
269 2923 296 2968 at
315 2915 387 2970 unde
410 2930 481 2970 nora
494 2914 596 2986 jugiter
610 2914 760 2970 eudimus?
777 2916 907 2987 Antiqua,
951 2916 1015 2967 ‘non
1040 2912 1150 2978 babent,
1166 2910 1283 2965 licenter
1295 2909 1439 2978 exspoliet,
1462 2924 1495 2963 ac
1515 2908 1642 2978 religiose
1664 2910 1751 2964 truci-

113 3014 141 3061 et
160 3022 222 3076 quae
238 3007 357 3062 inveniri
383 3017 501 3077 possunt
516 3009 542 3061 in
556 3007 718 3076 Scripturis,
743 3008 905 3064 exsrrdlatis.
922 3026 943 3082 c
959 3006 1005 3059 det
1028 3022 1035 3058 ε
1061 3003 1133 3074 siqui
1149 3012 1240 3057 auteur
1267 3003 1300 3057 de
1316 3017 1349 3056 eo
1369 3002 1395 3055 iu
1417 3000 1629 3070 depopulatione
1651 3001 1748 3057 talium

114 3093 149 3150 Et
171 3111 257 3166 quare
285 3097 372 3153 libros
399 3097 633 3154 transcribimus?
652 3096 681 3152 Si
697 3097 816 3153 dicimus
833 3100 907 3169 quud

112 3196 176 3243 aute
191 3203 243 3243 nos
257 3188 360 3244 dietum
375 3189 422 3257 sit,
449 3189 492 3244 rei
517 3189 648 3258 seriptum
676 3187 793 3242 inueniri
808 3190 906 3259 possit,

111 3296 244 3337 aarrseam
260 3282 339 3338 robis
354 3292 402 3338 aut
415 3282 497 3337 bilem
513 3289 617 3345 moret,
638 3280 772 3349 nunquia
792 3297 849 3337 uon
869 3285 908 3339 sit

111 3387 220 3439 rerum,
231 3372 333 3428 bonvm
349 3389 382 3428 ac
392 3388 559 3444 congruum,
577 3372 623 3428 sed
638 3371 703 3441 quia
719 3386 773 3426 uon
788 3382 831 3428 est
845 3390 907 3429 om·

112 3462 178 3517 trino
202 3478 315 3518 novum.
343 3461 373 3516 Si
394 3462 512 3521 dicimus
540 3464 614 3533 quod
639 3464 708 3521 dixit
725 3464 905 3534 Augustinus,

110 3551 185 3623 quod
211 3551 388 3612 Ambrosius.
403 3542 475 3621 quod
498 3552 600 3627 alieubi
629 3553 740 3622 legitur,
764 3554 856 3609 statim
871 3554 904 3607 ad

110 3642 198 3697 libros
214 3640 336 3697 eurrltur
352 3658 360 3696 :
385 3641 459 3712 quod
486 3641 590 3696 dictum
606 3650 659 3707 est,
675 3643 753 3698 alteri
770 3643 805 3697 ab
819 3644 905 3697 altero

111 3732 265 3789 ostenditur
289 3733 435 3803 scripturn,
447 3740 475 3786 et
498 3733 549 3787 bac
562 3732 623 3787 sola
638 3748 722 3788 eausa
738 3734 772 3787 ab
790 3743 905 3803 utroque

111 3823 261 3881 fastiditur.
281 3827 338 3896 ligo
356 3840 422 3896 ergo
432 3824 531 3892 fateor,
543 3826 571 3880 in
593 3841 678 3880 eausa
691 3826 770 3882 vobis
783 3843 815 3881 ex
829 3835 905 3897 parte

111 3932 172 3971 rum
187 3914 490 3985 bujusiusoleutiae.lm
507 3916 581 3972 enim
604 3932 654 3972 ros
677 3915 704 3970 ln
727 3917 906 3973 talibusedu·

110 4005 246 4067 cavimus.
262 4006 296 4060 ad
323 4006 387 4061 talia
415 4006 625 4073 assuefecimus,
645 4014 675 4062 ut
699 4007 784 4062 alium
806 4017 905 4078 praeter

111 4116 163 4155 uos
174 4100 220 4153 rix
232 4099 328 4155 audire
339 4099 457 4171 possetis
472 4118 480 4167 ς
495 4114 544 4156 nee
560 4116 612 4156 uos
623 4100 680 4170 jam
695 4101 723 4156 in
734 4101 798 4157 aliis
809 4102 904 4156 audire

110 4193 254 4247 erueretis.
559 4240 564 4249 ,

146 4283 238 4350 Quare
260 4284 345 4355 igitur
358 4294 385 4339 ct
399 4300 461 4346 nos.
483 4296 532 4340 aut
555 4294 618 4341 ante
643 4286 745 4341 curiosi
769 4286 834 4341 talia
859 4302 902 4341 se·

959 3095 1117 3161 ceciderint,
1138 3093 1240 3149 Christi
1264 3104 1399 3164 martyres
1422 3098 1591 3161 nuncupent.
1610 3089 1707 3146 Nonne
1722 3101 1750 3147 et

959 3188 1004 3243 isti
1020 3187 1112 3243 iutnro
1128 3187 1166 3242 lili
1189 3187 1352 3258 perditionis
1375 3186 1432 3241 lilio
1456 3194 1551 3241 contra
1574 3178 1749 3241 Christianos

958 3279 1128 3334 crudelitatis
1144 3294 1202 3334 suta
1215 3279 1408 3335 auctoritatem
1434 3277 1580 3331 nutriunt?
1602 3275 1748 3343 Quomodo

957 3370 1104 3440 objicietur
1118 3371 1142 3425 ei
1163 3369 1264 3425 Christi
1283 3368 1477 3433 mansuetudo,
1491 3367 1634 3438 patientia,
1646 3380 1680 3421 ae
1693 3364 1749 3420 lur-

957 3475 1001 3514 ma
1026 3459 1212 3529 praedicandi?
1228 3458 1319 3526 Quare
1333 3440 1399 3512 ‘nou
1424 3457 1506 3512 laeiet
1522 3458 1648 3522 libenter,
1673 3456 1747 3525 quod

957 3550 1061 3605 laetum
1073 3551 1175 3620 reperit
1193 3551 1323 3605 licenter?
1337 3548 1482 3615 Quomodo
1495 3565 1548 3603 noa
1562 3548 1635 3604 dicet
1650 3567 1656 3602 :
1673 3546 1748 3614 Qua·

957 3640 992 3694 lia
1014 3639 1078 3694 serit
1098 3640 1232 3705 Ecclesia,
1257 3641 1321 3695 talia
1338 3639 1419 3695 tacite
1435 3641 1491 3693 illi?
1506 3639 1576 3706 Quid
1592 3640 1693 3711 igitur?
1714 3637 1748 3692 Et

956 3729 1008 3783 bos
1022 3744 1084 3783 eum
1099 3728 1162 3783 aliis
1174 3730 1362 3783 damnamus?
1376 3728 1494 3783 Neutros
1511 3729 1685 3795 damnamus,
1698 3728 1746 3783 sed

956 3817 1057 3872 imbue
1077 3833 1132 3872 non
1151 3818 1307 3884 laudamus,
1325 3833 1375 3873 nec
1399 3819 1465 3887 quia
1490 3817 1607 3873 lactasse
1632 3818 1746 3873 omuino

955 3913 1020 3959 sttrrt
1035 3905 1116 3969 mala,
1133 3920 1194 3975 quae
1208 3915 1292 3975 agurrt
1308 3924 1315 3960 :
1331 3907 1377 3960 sed
1390 3906 1455 3976 quia
1477 3908 1536 3960 lore
1551 3906 1684 3961 malorum
1699 3920 1747 3962 oe·

955 3995 1081 4052 essiones
1095 4005 1210 4068 queunt.
1227 3996 1294 4055 Nam
1309 3998 1394 4068 (quod
1412 3998 1569 4053 miserabile
1584 4001 1637 4069 est)
1651 3999 1742 4052 omnia
1820 4016 1824 4021 ·

956 4087 1014 4142 lere
1031 4087 1102 4141 mala
1122 4087 1253 4143 derebus
1269 4086 1350 4143 bonis
1371 4088 1560 4156 inoleverunt3
1585 4105 1618 4144 ac
1630 4090 1743 4145 virtutes

956 4177 1020 4233 vitia
1041 4178 1176 4245 nutriunt,
1192 4188 1220 4234 et
1234 4179 1270 4234 ab
1284 4180 1404 4236 alumnis
1418 4181 1477 4236 suis
1492 4181 1549 4251 jam
1564 4182 1744 4251 grandiuscu-

955 4270 989 4324 lis
1004 4267 1120 4325 elletatae
1134 4271 1325 4326 absorbentur.

110 4375 209 4430 ctatulo
226 4375 339 4442 luimus,
356 4385 404 4430 aut
431 4377 513 4431 tnodu
542 4377 641 4433 usitata
671 4358 941 4447 relinquendum-⁰
991 4361 1011 4414 Ρ
1013 4362 1112 4417 luridi?
1132 4363 1226 4433 igitur,
1241 4363 1424 4426 (Ῐῑῑῡῦῑῑθθῑῃῑῑν
1443 4364 1547 4419 willel?
1562 4378 1632 4443 ⁰9¹¹?
1644 4370 1697 4429 ΕΜ»
1711 4377 1744 4417 ³0

109 4482 157 4523 res
172 4466 235 4522 lacti
249 4468 367 4523 sumus?
393 4465 544 4537 Utriusque
568 4468 605 4521 rei
630 4468 701 4522 ratio
723 4469 750 4522 in
773 4479 899 4539 promptu

109 4567 161 4615 est.
176 4558 357 4614 Emerserunt
371 4560 435 4613 alirn
450 4559 574 4628 quidam,
597 4575 715 4628 quorum
732 4560 844 4613 tronrina
860 4570 902 4614 ta-

108 4665 169 4717 ceo,
183 4651 341 4721 spectabilis
357 4649 464 4720 ingenii
484 4650 621 4716 bontines,
647 4658 674 4703 ct
696 4650 900 4705 exercitationis

110 4741 196 4806 mirae,
213 4742 259 4812 qui
277 4740 437 4811 Scripturas
455 4751 565 4795 sanctas
591 4756 645 4794 non
662 4741 773 4810 quidem
797 4753 826 4796 ut
845 4740 900 4795 baa·

110 4834 186 4889 retici
214 4844 410 4903 pervertentes,
436 4834 483 4888 sed
502 4849 596 4887 earum
622 4832 772 4901 legitimum
789 4847 899 4887 seusuru

108 4927 142 4980 ad
163 4942 275 4981 manum
301 4925 393 4979 minus
421 4925 564 4990 babentes,
595 4923 628 4978 ad
649 4939 698 4977 sua
728 4922 818 4977 studia
843 4923 897 4977 ele·

109 5017 270 5087 gantissime
285 5015 541 5080 accommodarunt,
556 5022 584 5068 et
607 5014 640 5069 de
662 5014 828 5069 autbcutieis
853 5013 899 5066 lit-

110 5110 176 5164 teris
193 5124 247 5162 nun
264 5106 323 5162 siue
348 5107 496 5161 rrndtorum
518 5103 711 5170 admiratione,
731 5113 759 5159 et
782 5104 899 5173 plurima

109 5216 218 5256 tuorum
231 5198 421 5263 redillcatioue,
448 5197 621 5261 suavissime,
642 5205 672 5249 ut
694 5196 817 5250 omnium
834 5212 899 5265 pace

110 5292 267 5360 loquamur,
281 5289 374 5358 nugati
396 5296 470 5342 sunt.
486 5286 559 5341 Nibil
584 5296 674 5339 autem
699 5296 792 5341 contra
818 5287 898 5341 sidem

109 5393 136 5437 et
152 5382 304 5445 veritatem,
324 5381 416 5434 omnia
447 5380 480 5432 ad
512 5379 656 5433 utilitatem
680 5386 707 5431 et
730 5379 898 5432 bonestateru

112 5476 171 5529 ritae
186 5482 213 5528 et
232 5488 338 5525 trtururn
355 5471 473 5525 mirabili
498 5471 630 5533 novitate,
648 5477 678 5522 ut
702 5468 789 5532 scitis,
806 5479 833 5523 et
848 5484 899 5524 nos

109 5564 264 5620 desemisse
283 5561 441 5634 querimini,
463 5570 646 5622 attraxerunt,
671 5570 698 5615 et
716 5558 800 5628 (quod
815 5560 900 5614 mira⁴

111 5659 196 5713 rabile
223 5656 297 5713 dictu
323 5658 375 5729 cst)
400 5655 490 5730 iuopia
514 5670 612 5711 sensus
628 5652 810 5707 sensatissimi
834 5651 898 5706 laeti

953 4452 1209 4521 circumspectione.
1227 4451 1412 4517 Oundaeniru
1427 4453 1584 4518 sireburra,
1601 4453 1659 4507 sive
1671 4454 1742 4506 mala

954 4552 1166 4609 ventura‚·aute
1187 4559 1217 4599 se
1240 4544 1343 4599 babent
1357 4543 1436 4614 quasi
1460 4542 1589 4597 matrices
1609 4542 1741 4612 quasdam

952 4653 1063 4703 causas,
1081 4651 1167 4707 quare
1192 4637 1313 4702 verriaut,
1337 4651 1369 4690 ac
1392 4641 1591 4704 praeparatores
1607 4632 1741 4703 quosdam

952 4728 1074 4799 etquasi
1098 4729 1210 4783 nuntios
1226 4728 1323 4782 modos
1347 4726 1486 4796 quomodo
1513 4727 1682 4793 proveniant,
1709 4740 1742 4779 ae

952 4815 1030 4891 sig'na
1045 4821 1169 4890 quaedam
1194 4820 1235 4875 sui
1263 4821 1407 4885 adrentus,
1434 4817 1545 4888 quando
1571 4816 1680 4873 evenire
1695 4818 1742 4871 de-

952 4916 1034 4969 bcant
1049 4933 1056 4968 ι
1076 4913 1196 4977 Purustr',
1211 4913 1310 4981 inquit,
1327 4912 1414 4965 cibetur
1432 4909 1551 4972 attor-mn,
1566 4910 1690 4979 quonium
1703 4909 1741 4961 t'tu

950 5019 989 5062 eat
1008 5005 1236 5075 preparrrtoejur
1249 5004 1336 5075 (Psoi.
1354 5005 1439 5073 tarr).
1458 5002 1490 5055 bt
1509 5003 1534 5054 ld
1552 5000 1623 5069 quud
1648 4997 1742 5069 pusui-

952 5116 1013 5154 mus
1030 5118 1036 5153 ε
1052 5098 1152 5152 Puruui
1173 5096 1308 5149 lrtcerncnr
1333 5093 1439 5149 Cirrista
1455 5110 1510 5145 tneo
1531 5091 1617 5160 (l‘rul.
1634 5092 1738 5155 cxxxi).

950 5188 1023 5242 Nibil
1040 5189 1112 5243 enim
1127 5187 1240 5253 trustra,
1258 5185 1326 5239 nibil
1339 5183 1497 5248 conlusunr,
1512 5182 1578 5236 uiltii
1592 5181 1711 5235 subitum
1732 5199 1738 5233 :

952 5280 1037 5334 multa
1052 5290 1142 5333 tamen
1158 5277 1321 5332 mortalibus
1337 5285 1402 5330 sunu
1423 5276 1542 5338 occulta,
1556 5274 1609 5327 alia
1625 5272 1739 5326 manile-

951 5380 1004 5425 sta.
1023 5368 1100 5424 Unde
1126 5368 1242 5437 apostoli
1259 5368 1293 5421 de
1318 5366 1430 5441 secundi
1456 5366 1588 5419 avlrcntus
1606 5377 1688 5417 cansa
1712 5372 1740 5417 ct

951 5462 1032 5515 modo
1045 5460 1146 5523 edocti,
1160 5460 1194 5514 de
1209 5458 1295 5529 signis
1311 5467 1401 5512 arttcru
1420 5457 1542 5521 solliciti,
1559 5455 1653 5510 dicunt
1668 5472 1674 5506 :
1691 5453 1739 5506 llic

951 5552 1025 5606 nobit
1050 5551 1155 5621 quando
1184 5551 1239 5605 buc
1261 5549 1335 5617 ficut,
1364 5558 1388 5602 et
1408 5547 1478 5617 quod
1496 5548 1597 5617 siguum
1613 5545 1737 5598 odrcutus

954 5645 993 5696 tui
1014 5643 1124 5715 (dluttlr.
1142 5642 1227 5713 sarr).
1255 5641 1395 5695 Adventus
1409 5639 1500 5710 itaque
1515 5638 1614 5694 Clnisti
1634 5638 1660 5691 in
1674 5650 1737 5689 car·
