<?xml version="1.0" encoding="UTF-8"?>
<!DOCTYPE html PUBLIC "-//W3C//DTD XHTML 1.0 Transitional//EN"
    "http://www.w3.org/TR/xhtml1/DTD/xhtml1-transitional.dtd">
<html xmlns="http://www.w3.org/1999/xhtml" xml:lang="en" lang="en">
 <head>
  <title>
</title>
<meta http-equiv="Content-Type" content="text/html;charset=utf-8" />
  <meta name='ocr-system' content='tesseract 3.04.00' />
  <meta name='ocr-capabilities' content='ocr_page ocr_carea ocr_par ocr_line ocrx_word'/>
</head>
<body>
  <div class='ocr_page' id='page_1' title='image "./lta-11000/patrologiaecurs03berngoog/patrologiaecurs03berngoog_0082.png"; bbox 0 0 3892 6067; ppageno 0'>
   <div class='ocr_carea' id='block_1_1' title="bbox 133 228 1769 297">
    <p class='ocr_par' dir='ltr' id='par_1_1' title="bbox 133 228 1769 297">
     <span class='ocr_line' id='line_1_1' title="bbox 133 228 1769 297; baseline 0.002 -5"><span class='ocrx_word' id='word_1_1' title='bbox 133 236 190 293; x_wconf 65' lang='lat' dir='ltr'>ibi</span> <span class='ocrx_word' id='word_1_2' title='bbox 432 230 711 291; x_wconf 64' lang='lat' dir='ltr'>consciliata!</span> <span class='ocrx_word' id='word_1_3' title='bbox 730 230 764 290; x_wconf 70' lang='lat' dir='ltr'>tl</span> <span class='ocrx_word' id='word_1_4' title='bbox 782 232 954 294; x_wconf 69' lang='lat' dir='ltr'>PSALHOS.</span> <span class='ocrx_word' id='word_1_5' title='bbox 971 265 1008 279; x_wconf 86' lang='lat'>·—</span> <span class='ocrx_word' id='word_1_6' title='bbox 1026 234 1117 292; x_wconf 70' lang='lat' dir='ltr'>PARS</span> <span class='ocrx_word' id='word_1_7' title='bbox 1136 234 1191 293; x_wconf 82' lang='lat' dir='ltr'>tlt.</span> <span class='ocrx_word' id='word_1_8' title='bbox 1211 266 1245 277; x_wconf 93' lang='lat'><em>-</em></span> <span class='ocrx_word' id='word_1_9' title='bbox 1263 234 1360 292; x_wconf 77' lang='lat' dir='ltr'>esst.</span> <span class='ocrx_word' id='word_1_10' title='bbox 1381 228 1474 293; x_wconf 81' lang='lat' dir='ltr'>txt’t.</span> <span class='ocrx_word' id='word_1_11' title='bbox 1715 238 1769 297; x_wconf 78' lang='lat' dir='ltr'>tas</span> 
     </span>
    </p>
   </div>
   <div class='ocr_carea' id='block_1_2' title="bbox 129 347 1769 5740">
    <p class='ocr_par' dir='ltr' id='par_1_2' title="bbox 129 347 1769 5740">
     <span class='ocr_line' id='line_1_2' title="bbox 133 347 1768 423; baseline 0.003 -19"><span class='ocrx_word' id='word_1_12' title='bbox 133 347 277 410; x_wconf 74' lang='lat' dir='ltr'>dioensad</span> <span class='ocrx_word' id='word_1_13' title='bbox 294 347 385 420; x_wconf 84' lang='lat' dir='ltr'>ipsum</span> <span class='ocrx_word' id='word_1_14' title='bbox 410 367 418 403; x_wconf 77' lang='lat' dir='ltr'><strong><em>z</em></strong></span> <span class='ocrx_word' id='word_1_15' title='bbox 448 347 482 404; x_wconf 84' lang='lat' dir='ltr'>tn</span> <span class='ocrx_word' id='word_1_16' title='bbox 500 365 688 421; x_wconf 68' lang='lat' dir='ltr'>connectamur</span> <span class='ocrx_word' id='word_1_17' title='bbox 711 351 741 407; x_wconf 87' lang='lat' dir='ltr'>io</span> <span class='ocrx_word' id='word_1_18' title='bbox 766 362 837 407; x_wconf 84' lang='lat' dir='ltr'>terra</span> <span class='ocrx_word' id='word_1_19' title='bbox 858 353 965 414; x_wconf 76' lang='lat' dir='ltr'>aiumA</span> <span class='ocrx_word' id='word_1_20' title='bbox 1014 349 1097 409; x_wconf 80' lang='lat' dir='ltr'>Vens.</span> <span class='ocrx_word' id='word_1_21' title='bbox 1127 352 1154 407; x_wconf 84' lang='lat'>5.</span> <span class='ocrx_word' id='word_1_22' title='bbox 1183 351 1322 407; x_wconf 81' lang='lat' dir='ltr'>Loeterttar</span> <span class='ocrx_word' id='word_1_23' title='bbox 1349 360 1375 408; x_wconf 87' lang='lat' dir='ltr'>et</span> <span class='ocrx_word' id='word_1_24' title='bbox 1410 350 1542 408; x_wconf 77' lang='lat' dir='ltr'>exsultent</span> <span class='ocrx_word' id='word_1_25' title='bbox 1571 360 1668 423; x_wconf 70' lang='lat' dir='ltr'>cenet.</span> <span class='ocrx_word' id='word_1_26' title='bbox 1697 352 1768 410; x_wconf 80' lang='lat' dir='ltr'>Eece</span> 
     </span>
     <span class='ocr_line' id='line_1_3' title="bbox 137 439 1767 515; baseline 0.003 -18"><span class='ocrx_word' id='word_1_27' title='bbox 137 453 226 499; x_wconf 85' lang='grc' dir='ltr'>ιιιιιιιι.</span> <span class='ocrx_word' id='word_1_28' title='bbox 253 439 283 496; x_wconf 91' lang='lat' dir='ltr'>ln</span> <span class='ocrx_word' id='word_1_29' title='bbox 306 455 362 511; x_wconf 83' lang='lat' dir='ltr'>qua</span> <span class='ocrx_word' id='word_1_30' title='bbox 387 442 480 496; x_wconf 80' lang='lat' dir='ltr'>terra?</span> <span class='ocrx_word' id='word_1_31' title='bbox 502 439 536 495; x_wconf 87' lang='lat' dir='ltr'>lo</span> <span class='ocrx_word' id='word_1_32' title='bbox 556 442 676 498; x_wconf 81' lang='lat' dir='ltr'>erunibus</span> <span class='ocrx_word' id='word_1_33' title='bbox 698 443 929 515; x_wconf 68' lang='lat' dir='ltr'>cantitataonam</span> <span class='ocrx_word' id='word_1_34' title='bbox 980 441 1111 515; x_wconf 74' lang='lat' dir='ltr'>hymnus,</span> <span class='ocrx_word' id='word_1_35' title='bbox 1143 452 1171 499; x_wconf 89' lang='lat' dir='ltr'>et</span> <span class='ocrx_word' id='word_1_36' title='bbox 1195 443 1334 500; x_wconf 85' lang='lat' dir='ltr'>canticum</span> <span class='ocrx_word' id='word_1_37' title='bbox 1359 444 1511 515; x_wconf 70' lang='lat' dir='ltr'>prontissis</span> <span class='ocrx_word' id='word_1_38' title='bbox 1545 444 1767 502; x_wconf 69' lang='lat' dir='ltr'><strong>confessionibus</strong></span> 
     </span>
     <span class='ocr_line' id='line_1_4' title="bbox 134 527 1768 605; baseline 0.002 -16"><span class='ocrx_word' id='word_1_39' title='bbox 134 534 208 589; x_wconf 76' lang='grc' dir='ltr'>ιιιιιιιι</span> <span class='ocrx_word' id='word_1_40' title='bbox 222 539 297 585; x_wconf 85' lang='grc' dir='ltr'>ιιιιιιιι</span> <span class='ocrx_word' id='word_1_41' title='bbox 309 531 323 584; x_wconf 73' lang='lat'><em>2</em></span> <span class='ocrx_word' id='word_1_42' title='bbox 334 527 459 586; x_wconf 80' lang='lat' dir='ltr'>salutare</span> <span class='ocrx_word' id='word_1_43' title='bbox 473 540 566 597; x_wconf 69' lang='grc' dir='ltr'>ιιιιιιιις</span> <span class='ocrx_word' id='word_1_44' title='bbox 585 546 620 588; x_wconf 90' lang='lat' dir='ltr'>ne</span> <span class='ocrx_word' id='word_1_45' title='bbox 634 532 759 590; x_wconf 81' lang='lat' dir='ltr'>uidelicet</span> <span class='ocrx_word' id='word_1_46' title='bbox 781 535 929 605; x_wconf 76' lang='lat' dir='ltr'><strong>promissio</strong></span> <span class='ocrx_word' id='word_1_47' title='bbox 980 545 1042 604; x_wconf 86' lang='lat' dir='ltr'>apte</span> <span class='ocrx_word' id='word_1_48' title='bbox 1056 534 1243 605; x_wconf 75' lang='lat' dir='ltr'>subjunctum.</span> <span class='ocrx_word' id='word_1_49' title='bbox 1258 533 1317 592; x_wconf 84' lang='lat' dir='ltr'>iam</span> <span class='ocrx_word' id='word_1_50' title='bbox 1334 537 1407 592; x_wconf 90' lang='lat' dir='ltr'>enim</span> <span class='ocrx_word' id='word_1_51' title='bbox 1435 535 1553 592; x_wconf 81' lang='lat' dir='ltr'>contesst</span> <span class='ocrx_word' id='word_1_52' title='bbox 1580 551 1637 591; x_wconf 90' lang='lat' dir='ltr'>non</span> <span class='ocrx_word' id='word_1_53' title='bbox 1668 536 1768 592; x_wconf 83' lang='lat' dir='ltr'>timent</span> 
     </span>
     <span class='ocr_line' id='line_1_5' title="bbox 134 621 1767 698; baseline 0.002 -18"><span class='ocrx_word' id='word_1_54' title='bbox 134 624 257 680; x_wconf 69' lang='lat' dir='ltr'>Abrabae</span> <span class='ocrx_word' id='word_1_55' title='bbox 273 621 345 678; x_wconf 83' lang='lat' dir='ltr'>lacta</span> <span class='ocrx_word' id='word_1_56' title='bbox 365 629 393 677; x_wconf 87' lang='lat' dir='ltr'>ct</span> <span class='ocrx_word' id='word_1_57' title='bbox 404 623 502 678; x_wconf 89' lang='lat' dir='ltr'>semini</span> <span class='ocrx_word' id='word_1_58' title='bbox 513 623 575 694; x_wconf 77' lang='lat' dir='ltr'>eins</span> <span class='ocrx_word' id='word_1_59' title='bbox 588 624 623 680; x_wconf 89' lang='lat' dir='ltr'>de</span> <span class='ocrx_word' id='word_1_60' title='bbox 633 624 826 683; x_wconf 86' lang='lat' dir='ltr'>benedicendis</span> <span class='ocrx_word' id='word_1_61' title='bbox 837 627 927 683; x_wconf 90' lang='lat' dir='ltr'>omni·</span> <span class='ocrx_word' id='word_1_62' title='bbox 977 622 1128 695; x_wconf 85' lang='lat' dir='ltr'>judicium,</span> <span class='ocrx_word' id='word_1_63' title='bbox 1154 625 1255 696; x_wconf 87' lang='lat' dir='ltr'>quibus</span> <span class='ocrx_word' id='word_1_64' title='bbox 1275 633 1316 692; x_wconf 92' lang='lat' dir='ltr'>tu,</span> <span class='ocrx_word' id='word_1_65' title='bbox 1340 625 1460 692; x_wconf 84' lang='lat' dir='ltr'>Christe,</span> <span class='ocrx_word' id='word_1_66' title='bbox 1484 626 1633 683; x_wconf 78' lang='lat' dir='ltr'>advocatus</span> <span class='ocrx_word' id='word_1_67' title='bbox 1656 643 1697 695; x_wconf 89' lang='lat' dir='ltr'>es,</span> <span class='ocrx_word' id='word_1_68' title='bbox 1720 627 1767 698; x_wconf 88' lang='lat' dir='ltr'>qni</span> 
     </span>
     <span class='ocr_line' id='line_1_6' title="bbox 133 711 1768 788; baseline 0.001 -17"><span class='ocrx_word' id='word_1_69' title='bbox 133 715 189 771; x_wconf 88' lang='lat' dir='ltr'>bus</span> <span class='ocrx_word' id='word_1_70' title='bbox 202 711 400 788; x_wconf 68' lang='lat' dir='ltr'>gentibusullo</span> <span class='ocrx_word' id='word_1_71' title='bbox 414 712 497 768; x_wconf 91' lang='lat' dir='ltr'>modo</span> <span class='ocrx_word' id='word_1_72' title='bbox 510 721 652 781; x_wconf 88' lang='lat' dir='ltr'>cassetur,</span> <span class='ocrx_word' id='word_1_73' title='bbox 669 716 717 771; x_wconf 89' lang='lat' dir='ltr'>sed</span> <span class='ocrx_word' id='word_1_74' title='bbox 741 716 846 772; x_wconf 84' lang='lat' dir='ltr'>salvato</span> <span class='ocrx_word' id='word_1_75' title='bbox 873 716 928 773; x_wconf 89' lang='lat' dir='ltr'>eie-</span> <span class='ocrx_word' id='word_1_76' title='bbox 979 724 1135 785; x_wconf 87' lang='lat' dir='ltr'>peccatores</span> <span class='ocrx_word' id='word_1_77' title='bbox 1156 715 1298 772; x_wconf 78' lang='lat' dir='ltr'>confessos</span> <span class='ocrx_word' id='word_1_78' title='bbox 1320 731 1375 771; x_wconf 90' lang='lat' dir='ltr'>non</span> <span class='ocrx_word' id='word_1_79' title='bbox 1403 715 1544 782; x_wconf 85' lang='lat' dir='ltr'>damnare,</span> <span class='ocrx_word' id='word_1_80' title='bbox 1575 717 1623 773; x_wconf 87' lang='lat' dir='ltr'>sed</span> <span class='ocrx_word' id='word_1_81' title='bbox 1651 717 1768 772; x_wconf 89' lang='lat' dir='ltr'>liberare</span> 
     </span>
     <span class='ocr_line' id='line_1_7' title="bbox 133 804 1767 877; baseline -0.002 -12"><span class='ocrx_word' id='word_1_82' title='bbox 133 816 245 865; x_wconf 80' lang='lat' dir='ltr'>storum</span> <span class='ocrx_word' id='word_1_83' title='bbox 254 819 372 861; x_wconf 90' lang='lat' dir='ltr'>numero</span> <span class='ocrx_word' id='word_1_84' title='bbox 389 804 565 862; x_wconf 82' lang='lat' dir='ltr'>demonibus</span> <span class='ocrx_word' id='word_1_85' title='bbox 590 806 717 877; x_wconf 74' lang='lat' dir='ltr'>gentibus</span> <span class='ocrx_word' id='word_1_86' title='bbox 741 822 825 863; x_wconf 79' lang='lat' dir='ltr'>verax</span> <span class='ocrx_word' id='word_1_87' title='bbox 847 816 874 863; x_wconf 91' lang='lat' dir='ltr'>tu</span> <span class='ocrx_word' id='word_1_88' title='bbox 901 817 928 864; x_wconf 88' lang='lat' dir='ltr'>et</span> <span class='ocrx_word' id='word_1_89' title='bbox 979 806 1063 872; x_wconf 86' lang='lat' dir='ltr'>soles,</span> <span class='ocrx_word' id='word_1_90' title='bbox 1078 822 1141 862; x_wconf 88' lang='lat' dir='ltr'>cum</span> <span class='ocrx_word' id='word_1_91' title='bbox 1155 807 1193 862; x_wconf 73' lang='lat' dir='ltr'>sis</span> <span class='ocrx_word' id='word_1_92' title='bbox 1204 806 1305 876; x_wconf 89' lang='lat' dir='ltr'>pariter</span> <span class='ocrx_word' id='word_1_93' title='bbox 1318 806 1436 875; x_wconf 84' lang='lat' dir='ltr'>etjudex</span> <span class='ocrx_word' id='word_1_94' title='bbox 1448 807 1633 862; x_wconf 79' lang='lat' dir='ltr'>eonsstmtium</span> <span class='ocrx_word' id='word_1_95' title='bbox 1646 807 1674 861; x_wconf 89' lang='lat' dir='ltr'>in</span> <span class='ocrx_word' id='word_1_96' title='bbox 1682 807 1767 876; x_wconf 82' lang='lat' dir='ltr'>aequi·</span> 
     </span>
     <span class='ocr_line' id='line_1_8' title="bbox 130 894 1767 971; baseline 0 -16"><span class='ocrx_word' id='word_1_97' title='bbox 130 897 303 971; x_wconf 79' lang='lat' dir='ltr'>justitlcatus</span> <span class='ocrx_word' id='word_1_98' title='bbox 315 911 447 967; x_wconf 85' lang='lat' dir='ltr'>appareas</span> <span class='ocrx_word' id='word_1_99' title='bbox 458 896 485 951; x_wconf 93' lang='lat' dir='ltr'>in</span> <span class='ocrx_word' id='word_1_100' title='bbox 497 898 670 954; x_wconf 88' lang='lat' dir='ltr'>sermonibus</span> <span class='ocrx_word' id='word_1_101' title='bbox 679 898 743 966; x_wconf 89' lang='lat' dir='ltr'>tuis,</span> <span class='ocrx_word' id='word_1_102' title='bbox 762 910 809 955; x_wconf 81' lang='lat' dir='ltr'>tet</span> <span class='ocrx_word' id='word_1_103' title='bbox 821 900 926 969; x_wconf 80' lang='lat' dir='ltr'>tincas,</span> <span class='ocrx_word' id='word_1_104' title='bbox 979 902 1033 951; x_wconf 86' lang='lat' dir='ltr'>tate</span> <span class='ocrx_word' id='word_1_105' title='bbox 1043 895 1070 951; x_wconf 80' lang='lat' dir='ltr'>io</span> <span class='ocrx_word' id='word_1_106' title='bbox 1083 894 1176 951; x_wconf 89' lang='lat' dir='ltr'>iutnro</span> <span class='ocrx_word' id='word_1_107' title='bbox 1188 895 1292 966; x_wconf 81' lang='lat' dir='ltr'>iudicio</span> <span class='ocrx_word' id='word_1_108' title='bbox 1309 914 1317 963; x_wconf 80' lang='lat'><em>3</em></span> <span class='ocrx_word' id='word_1_109' title='bbox 1332 905 1360 951; x_wconf 85' lang='lat' dir='ltr'>ct</span> <span class='ocrx_word' id='word_1_110' title='bbox 1370 911 1444 951; x_wconf 81' lang='lat' dir='ltr'>nunc</span> <span class='ocrx_word' id='word_1_111' title='bbox 1454 905 1542 966; x_wconf 73' lang='grc'>9111111</span> <span class='ocrx_word' id='word_1_112' title='bbox 1557 897 1586 950; x_wconf 80' lang='lat' dir='ltr'>iu</span> <span class='ocrx_word' id='word_1_113' title='bbox 1601 905 1672 951; x_wconf 80' lang='lat' dir='ltr'>terro</span> <span class='ocrx_word' id='word_1_114' title='bbox 1698 898 1767 951; x_wconf 81' lang='lat' dir='ltr'>diri·</span> 
     </span>
     <span class='ocr_line' id='line_1_9' title="bbox 133 987 1766 1060; baseline 0 -16"><span class='ocrx_word' id='word_1_115' title='bbox 133 1005 198 1045; x_wconf 86' lang='lat' dir='ltr'>eum</span> <span class='ocrx_word' id='word_1_116' title='bbox 210 987 346 1060; x_wconf 84' lang='lat' dir='ltr'>judicaris</span> <span class='ocrx_word' id='word_1_117' title='bbox 357 987 446 1059; x_wconf 83' lang='lat' dir='ltr'>(Psoi.</span> <span class='ocrx_word' id='word_1_118' title='bbox 457 1004 484 1055; x_wconf 84' lang='grc' dir='ltr'>ι,</span> <span class='ocrx_word' id='word_1_119' title='bbox 502 987 542 1059; x_wconf 83' lang='lat'>6).</span> <span class='ocrx_word' id='word_1_120' title='bbox 563 1006 574 1041; x_wconf 87' lang='grc' dir='ltr'>ι</span> <span class='ocrx_word' id='word_1_121' title='bbox 601 987 702 1046; x_wconf 76' lang='lat' dir='ltr'>Vincas</span> <span class='ocrx_word' id='word_1_122' title='bbox 725 999 753 1046; x_wconf 89' lang='lat' dir='ltr'>et</span> <span class='ocrx_word' id='word_1_123' title='bbox 778 992 927 1049; x_wconf 77' lang='lat' dir='ltr'><strong>convincas</strong></span> <span class='ocrx_word' id='word_1_124' title='bbox 978 990 1017 1059; x_wconf 74' lang='lat' dir='ltr'>pis</span> <span class='ocrx_word' id='word_1_125' title='bbox 1035 988 1063 1042; x_wconf 91' lang='lat' dir='ltr'>in</span> <span class='ocrx_word' id='word_1_126' title='bbox 1082 987 1124 1042; x_wconf 85' lang='lat' dir='ltr'>via</span> <span class='ocrx_word' id='word_1_127' title='bbox 1136 988 1283 1058; x_wconf 79' lang='lat' dir='ltr'>aeorritatis,</span> <span class='ocrx_word' id='word_1_128' title='bbox 1298 988 1403 1052; x_wconf 89' lang='lat' dir='ltr'>utsint,</span> <span class='ocrx_word' id='word_1_129' title='bbox 1419 987 1624 1058; x_wconf 81' lang='lat' dir='ltr'>quibuspostea</span> <span class='ocrx_word' id='word_1_130' title='bbox 1640 988 1766 1044; x_wconf 85' lang='lat' dir='ltr'>misereri</span> 
     </span>
     <span class='ocr_line' id='line_1_10' title="bbox 133 1077 1766 1151; baseline -0.002 -14"><span class='ocrx_word' id='word_1_131' title='bbox 133 1094 234 1137; x_wconf 84' lang='lat' dir='ltr'>omnes</span> <span class='ocrx_word' id='word_1_132' title='bbox 247 1079 374 1139; x_wconf 78' lang='lat' dir='ltr'>hominos</span> <span class='ocrx_word' id='word_1_133' title='bbox 387 1094 450 1135; x_wconf 89' lang='lat' dir='ltr'>csse</span> <span class='ocrx_word' id='word_1_134' title='bbox 462 1079 608 1136; x_wconf 80' lang='lat' dir='ltr'>mendaces</span> <span class='ocrx_word' id='word_1_135' title='bbox 615 1079 694 1151; x_wconf 83' lang='lat' dir='ltr'>juxta</span> <span class='ocrx_word' id='word_1_136' title='bbox 706 1080 772 1137; x_wconf 91' lang='lat' dir='ltr'>illud</span> <span class='ocrx_word' id='word_1_137' title='bbox 785 1098 794 1138; x_wconf 77' lang='grc' dir='ltr'>ι</span> <span class='ocrx_word' id='word_1_138' title='bbox 809 1080 927 1139; x_wconf 76' lang='lat' dir='ltr'>«Omnis</span> <span class='ocrx_word' id='word_1_139' title='bbox 977 1078 1068 1149; x_wconf 90' lang='lat' dir='ltr'>possis</span> <span class='ocrx_word' id='word_1_140' title='bbox 1079 1078 1105 1133; x_wconf 87' lang='lat' dir='ltr'>in</span> <span class='ocrx_word' id='word_1_141' title='bbox 1119 1078 1224 1150; x_wconf 81' lang='lat' dir='ltr'>iudicio</span> <span class='ocrx_word' id='word_1_142' title='bbox 1239 1078 1385 1149; x_wconf 81' lang='lat' dir='ltr'>aequritatis.</span> <span class='ocrx_word' id='word_1_143' title='bbox 1401 1077 1499 1151; x_wconf 79' lang='lat' dir='ltr'>Magna</span> <span class='ocrx_word' id='word_1_144' title='bbox 1510 1078 1593 1149; x_wconf 78' lang='lat' dir='ltr'>igitur</span> <span class='ocrx_word' id='word_1_145' title='bbox 1603 1078 1766 1149; x_wconf 86' lang='lat' dir='ltr'>consolatio,</span> 
     </span>
     <span class='ocr_line' id='line_1_11' title="bbox 132 1168 1767 1242; baseline 0.004 -14"><span class='ocrx_word' id='word_1_146' title='bbox 132 1172 219 1228; x_wconf 86' lang='lat' dir='ltr'>bomo</span> <span class='ocrx_word' id='word_1_147' title='bbox 233 1169 352 1226; x_wconf 81' lang='lat' dir='ltr'>mendax</span> <span class='ocrx_word' id='word_1_148' title='bbox 364 1170 452 1240; x_wconf 83' lang='lat' dir='ltr'>(Paci.</span> <span class='ocrx_word' id='word_1_149' title='bbox 463 1186 527 1237; x_wconf 81' lang='lat' dir='ltr'>exa,</span> <span class='ocrx_word' id='word_1_150' title='bbox 544 1171 589 1242; x_wconf 86' lang='lat' dir='ltr'>ll)</span> <span class='ocrx_word' id='word_1_151' title='bbox 612 1190 622 1226; x_wconf 89' lang='grc' dir='ltr'>ι</span> <span class='ocrx_word' id='word_1_152' title='bbox 639 1180 686 1228; x_wconf 91' lang='lat' dir='ltr'>:te</span> <span class='ocrx_word' id='word_1_153' title='bbox 701 1181 794 1229; x_wconf 87' lang='lat' dir='ltr'>autent</span> <span class='ocrx_word' id='word_1_154' title='bbox 821 1174 849 1230; x_wconf 90' lang='grc' dir='ltr'>ιιι</span> <span class='ocrx_word' id='word_1_155' title='bbox 871 1175 926 1232; x_wconf 90' lang='lat' dir='ltr'>tuis</span> <span class='ocrx_word' id='word_1_156' title='bbox 977 1169 1051 1239; x_wconf 72' lang='grc'>1111011</span> <span class='ocrx_word' id='word_1_157' title='bbox 1067 1178 1107 1233; x_wconf 64' lang='grc'>111,</span> <span class='ocrx_word' id='word_1_158' title='bbox 1119 1169 1282 1240; x_wconf 59' lang='lat' dir='ltr'>obliviscit</span> <span class='ocrx_word' id='word_1_159' title='bbox 1303 1168 1600 1241; x_wconf 62' lang='grc'>1101110111111111111,</span> <span class='ocrx_word' id='word_1_160' title='bbox 1615 1184 1688 1224; x_wconf 67' lang='lat' dir='ltr'>¹¹¹¹ssss</span> <span class='ocrx_word' id='word_1_161' title='bbox 1703 1178 1767 1226; x_wconf 74' lang='grc'>11111</span> 
     </span>
     <span class='ocr_line' id='line_1_12' title="bbox 131 1259 1767 1336; baseline -0.001 -18"><span class='ocrx_word' id='word_1_162' title='bbox 131 1260 370 1335; x_wconf 87' lang='lat' dir='ltr'>promissionibus</span> <span class='ocrx_word' id='word_1_163' title='bbox 384 1260 418 1318; x_wconf 95' lang='lat' dir='ltr'>de</span> <span class='ocrx_word' id='word_1_164' title='bbox 428 1260 622 1319; x_wconf 88' lang='lat' dir='ltr'>benedicendis</span> <span class='ocrx_word' id='word_1_165' title='bbox 634 1264 763 1336; x_wconf 73' lang='lat' dir='ltr'>gentibus</span> <span class='ocrx_word' id='word_1_166' title='bbox 793 1265 924 1322; x_wconf 87' lang='lat' dir='ltr'>omnibus</span> <span class='ocrx_word' id='word_1_167' title='bbox 975 1261 1107 1331; x_wconf 84' lang='lat' dir='ltr'>judicium</span> <span class='ocrx_word' id='word_1_168' title='bbox 1121 1272 1207 1332; x_wconf 77' lang='lat' dir='ltr'>pentes</span> <span class='ocrx_word' id='word_1_169' title='bbox 1221 1263 1250 1316; x_wconf 83' lang='lat' dir='ltr'>io</span> <span class='ocrx_word' id='word_1_170' title='bbox 1263 1270 1333 1316; x_wconf 84' lang='lat' dir='ltr'>terra</span> <span class='ocrx_word' id='word_1_171' title='bbox 1347 1263 1453 1332; x_wconf 79' lang='lat' dir='ltr'>diripis.</span> <span class='ocrx_word' id='word_1_172' title='bbox 1468 1259 1547 1316; x_wconf 83' lang='lat' dir='ltr'>Unde</span> <span class='ocrx_word' id='word_1_173' title='bbox 1566 1262 1596 1317; x_wconf 87' lang='lat' dir='ltr'>tit</span> <span class='ocrx_word' id='word_1_174' title='bbox 1610 1272 1639 1317; x_wconf 92' lang='lat' dir='ltr'>ut</span> <span class='ocrx_word' id='word_1_175' title='bbox 1651 1261 1767 1333; x_wconf 79' lang='lat' dir='ltr'>aequitas</span> 
     </span>
     <span class='ocr_line' id='line_1_13' title="bbox 130 1352 1766 1426; baseline 0 -16"><span class='ocrx_word' id='word_1_176' title='bbox 130 1368 197 1410; x_wconf 81' lang='lat' dir='ltr'>csse</span> <span class='ocrx_word' id='word_1_177' title='bbox 207 1367 334 1414; x_wconf 78' lang='lat' dir='ltr'>veracem</span> <span class='ocrx_word' id='word_1_178' title='bbox 348 1366 511 1423; x_wconf 78' lang='lat' dir='ltr'><strong>semperque</strong></span> <span class='ocrx_word' id='word_1_179' title='bbox 534 1352 724 1423; x_wconf 84' lang='lat' dir='ltr'>victoriosum,</span> <span class='ocrx_word' id='word_1_180' title='bbox 737 1370 770 1411; x_wconf 89' lang='lat' dir='ltr'>ne</span> <span class='ocrx_word' id='word_1_181' title='bbox 792 1357 819 1411; x_wconf 90' lang='lat' dir='ltr'>in</span> <span class='ocrx_word' id='word_1_182' title='bbox 835 1357 926 1414; x_wconf 83' lang='lat' dir='ltr'>verbis</span> <span class='ocrx_word' id='word_1_183' title='bbox 978 1353 1023 1409; x_wconf 89' lang='lat' dir='ltr'>ilia</span> <span class='ocrx_word' id='word_1_184' title='bbox 1037 1354 1133 1425; x_wconf 85' lang='lat' dir='ltr'>judieii</span> <span class='ocrx_word' id='word_1_185' title='bbox 1150 1355 1188 1410; x_wconf 90' lang='lat' dir='ltr'>tui</span> <span class='ocrx_word' id='word_1_186' title='bbox 1204 1370 1258 1409; x_wconf 89' lang='lat' dir='ltr'>non</span> <span class='ocrx_word' id='word_1_187' title='bbox 1271 1355 1306 1410; x_wconf 89' lang='lat' dir='ltr'>sit</span> <span class='ocrx_word' id='word_1_188' title='bbox 1316 1354 1524 1410; x_wconf 89' lang='lat' dir='ltr'>timendaniniis</span> <span class='ocrx_word' id='word_1_189' title='bbox 1536 1355 1579 1410; x_wconf 90' lang='lat' dir='ltr'>bis</span> <span class='ocrx_word' id='word_1_190' title='bbox 1590 1355 1766 1426; x_wconf 83' lang='lat' dir='ltr'>potissimum</span> 
     </span>
     <span class='ocr_line' id='line_1_14' title="bbox 130 1443 1767 1520; baseline 0 -20"><span class='ocrx_word' id='word_1_191' title='bbox 130 1443 191 1501; x_wconf 89' lang='lat' dir='ltr'>tuis</span> <span class='ocrx_word' id='word_1_192' title='bbox 210 1444 301 1500; x_wconf 87' lang='lat' dir='ltr'>ullum</span> <span class='ocrx_word' id='word_1_193' title='bbox 314 1457 431 1515; x_wconf 89' lang='lat' dir='ltr'>prorsus</span> <span class='ocrx_word' id='word_1_194' title='bbox 446 1443 602 1500; x_wconf 82' lang='lat' dir='ltr'>inveniatur</span> <span class='ocrx_word' id='word_1_195' title='bbox 626 1445 809 1514; x_wconf 79' lang='lat' dir='ltr'>mendacium,</span> <span class='ocrx_word' id='word_1_196' title='bbox 837 1463 926 1519; x_wconf 90' lang='lat' dir='ltr'>quan·</span> <span class='ocrx_word' id='word_1_197' title='bbox 977 1449 1192 1520; x_wconf 61' lang='lat' dir='ltr'>cantilenosas</span> <span class='ocrx_word' id='word_1_198' title='bbox 1212 1461 1285 1502; x_wconf 84' lang='lat' dir='ltr'>trunc</span> <span class='ocrx_word' id='word_1_199' title='bbox 1300 1447 1328 1499; x_wconf 86' lang='lat' dir='ltr'>io</span> <span class='ocrx_word' id='word_1_200' title='bbox 1358 1456 1428 1500; x_wconf 83' lang='lat' dir='ltr'>terra</span> <span class='ocrx_word' id='word_1_201' title='bbox 1450 1446 1553 1516; x_wconf 79' lang='lat' dir='ltr'>diripis,</span> <span class='ocrx_word' id='word_1_202' title='bbox 1577 1456 1604 1501; x_wconf 89' lang='lat' dir='ltr'>et</span> <span class='ocrx_word' id='word_1_203' title='bbox 1623 1446 1675 1502; x_wconf 91' lang='lat' dir='ltr'>sub</span> <span class='ocrx_word' id='word_1_204' title='bbox 1695 1450 1767 1519; x_wconf 77' lang='lat' dir='ltr'>regi-</span> 
     </span>
     <span class='ocr_line' id='line_1_15' title="bbox 130 1535 1768 1608; baseline 0.002 -17"><span class='ocrx_word' id='word_1_205' title='bbox 130 1552 218 1608; x_wconf 80' lang='lat' dir='ltr'>quam</span> <span class='ocrx_word' id='word_1_206' title='bbox 246 1535 370 1606; x_wconf 87' lang='lat' dir='ltr'>peccatis</span> <span class='ocrx_word' id='word_1_207' title='bbox 393 1536 536 1592; x_wconf 87' lang='lat' dir='ltr'>bominum</span> <span class='ocrx_word' id='word_1_208' title='bbox 561 1549 589 1593; x_wconf 89' lang='lat' dir='ltr'>et</span> <span class='ocrx_word' id='word_1_209' title='bbox 608 1537 716 1608; x_wconf 82' lang='lat' dir='ltr'>injuriis</span> <span class='ocrx_word' id='word_1_210' title='bbox 741 1539 835 1597; x_wconf 89' lang='lat' dir='ltr'>nimiis</span> <span class='ocrx_word' id='word_1_211' title='bbox 863 1540 926 1596; x_wconf 91' lang='lat' dir='ltr'>irri·</span> <span class='ocrx_word' id='word_1_212' title='bbox 976 1541 1052 1597; x_wconf 87' lang='lat' dir='ltr'>nrine</span> <span class='ocrx_word' id='word_1_213' title='bbox 1066 1548 1113 1595; x_wconf 90' lang='lat' dir='ltr'>tuo</span> <span class='ocrx_word' id='word_1_214' title='bbox 1124 1539 1211 1595; x_wconf 76' lang='lat' dir='ltr'>laetari</span> <span class='ocrx_word' id='word_1_215' title='bbox 1226 1547 1254 1593; x_wconf 87' lang='lat' dir='ltr'>ct</span> <span class='ocrx_word' id='word_1_216' title='bbox 1264 1538 1404 1593; x_wconf 82' lang='lat' dir='ltr'>exsultare</span> <span class='ocrx_word' id='word_1_217' title='bbox 1415 1537 1495 1594; x_wconf 86' lang='lat' dir='ltr'>iacis.</span> <span class='ocrx_word' id='word_1_218' title='bbox 1513 1536 1631 1594; x_wconf 82' lang='lat' dir='ltr'>Proinde</span> <span class='ocrx_word' id='word_1_219' title='bbox 1643 1537 1768 1594; x_wconf 78' lang='lat' dir='ltr'>letentur</span> 
     </span>
     <span class='ocr_line' id='line_1_16' title="bbox 130 1625 1766 1701; baseline 0.002 -18"><span class='ocrx_word' id='word_1_220' title='bbox 130 1636 209 1683; x_wconf 80' lang='lat' dir='ltr'>tatus</span> <span class='ocrx_word' id='word_1_221' title='bbox 218 1625 357 1697; x_wconf 88' lang='lat' dir='ltr'>promissa</span> <span class='ocrx_word' id='word_1_222' title='bbox 371 1634 417 1682; x_wconf 90' lang='lat' dir='ltr'>tna</span> <span class='ocrx_word' id='word_1_223' title='bbox 431 1636 538 1683; x_wconf 77' lang='lat' dir='ltr'>mumrc</span> <span class='ocrx_word' id='word_1_224' title='bbox 551 1629 699 1699; x_wconf 87' lang='lat' dir='ltr'>potuisses,</span> <span class='ocrx_word' id='word_1_225' title='bbox 716 1629 768 1686; x_wconf 89' lang='lat' dir='ltr'>nisi</span> <span class='ocrx_word' id='word_1_226' title='bbox 784 1639 813 1686; x_wconf 94' lang='lat' dir='ltr'>tu</span> <span class='ocrx_word' id='word_1_227' title='bbox 829 1646 923 1700; x_wconf 78' lang='lat' dir='ltr'>verax,</span> <span class='ocrx_word' id='word_1_228' title='bbox 976 1631 1076 1687; x_wconf 89' lang='lat' dir='ltr'>mentis</span> <span class='ocrx_word' id='word_1_229' title='bbox 1096 1629 1219 1701; x_wconf 84' lang='lat' dir='ltr'>jucundo</span> <span class='ocrx_word' id='word_1_230' title='bbox 1244 1639 1271 1685; x_wconf 88' lang='lat' dir='ltr'>et</span> <span class='ocrx_word' id='word_1_231' title='bbox 1295 1629 1452 1685; x_wconf 74' lang='lat' dir='ltr'>lctairundo</span> <span class='ocrx_word' id='word_1_232' title='bbox 1472 1640 1559 1695; x_wconf 88' lang='lat' dir='ltr'>motu,</span> <span class='ocrx_word' id='word_1_233' title='bbox 1585 1639 1612 1685; x_wconf 88' lang='lat' dir='ltr'>ct</span> <span class='ocrx_word' id='word_1_234' title='bbox 1633 1630 1766 1686; x_wconf 74' lang='lat' dir='ltr'>exsultent</span> 
     </span>
     <span class='ocr_line' id='line_1_17' title="bbox 130 1688 1767 1796; baseline 0.004 -24"><span class='ocrx_word' id='word_1_235' title='bbox 130 1718 193 1772; x_wconf 88' lang='lat' dir='ltr'>ime</span> <span class='ocrx_word' id='word_1_236' title='bbox 205 1718 311 1773; x_wconf 76' lang='lat' dir='ltr'>ueritas</span> <span class='ocrx_word' id='word_1_237' title='bbox 324 1716 505 1774; x_wconf 89' lang='lat' dir='ltr'>immutabilis</span> <span class='ocrx_word' id='word_1_238' title='bbox 517 1732 604 1775; x_wconf 90' lang='lat' dir='ltr'>esses.</span> <span class='ocrx_word' id='word_1_239' title='bbox 619 1737 629 1771; x_wconf 91' lang='grc' dir='ltr'>ι</span> <span class='ocrx_word' id='word_1_240' title='bbox 645 1717 716 1776; x_wconf 82' lang='lat' dir='ltr'>Ecce</span> <span class='ocrx_word' id='word_1_241' title='bbox 730 1720 804 1776; x_wconf 90' lang='lat' dir='ltr'>enim</span> <span class='ocrx_word' id='word_1_242' title='bbox 825 1721 922 1777; x_wconf 81' lang='lat' dir='ltr'>verita·</span> <span class='ocrx_word' id='word_1_243' title='bbox 940 1688 961 1743; x_wconf 73' lang='lat' dir='ltr'>B</span> <span class='ocrx_word' id='word_1_244' title='bbox 975 1724 1099 1796; x_wconf 87' lang='lat' dir='ltr'>corporis</span> <span class='ocrx_word' id='word_1_245' title='bbox 1111 1722 1286 1793; x_wconf 86' lang='lat' dir='ltr'>disciplinato</span> <span class='ocrx_word' id='word_1_246' title='bbox 1299 1731 1376 1793; x_wconf 76' lang='lat' dir='ltr'>gestu</span> <span class='ocrx_word' id='word_1_247' title='bbox 1388 1721 1483 1792; x_wconf 90' lang='lat' dir='ltr'>populi</span> <span class='ocrx_word' id='word_1_248' title='bbox 1493 1729 1520 1776; x_wconf 89' lang='lat' dir='ltr'>et</span> <span class='ocrx_word' id='word_1_249' title='bbox 1529 1731 1628 1792; x_wconf 78' lang='lat' dir='ltr'>petraea,</span> <span class='ocrx_word' id='word_1_250' title='bbox 1641 1725 1767 1794; x_wconf 83' lang='lat' dir='ltr'>quorrium</span> 
     </span>
     <span class='ocr_line' id='line_1_18' title="bbox 131 1807 1768 1889; baseline 0.004 -24"><span class='ocrx_word' id='word_1_251' title='bbox 131 1817 193 1865; x_wconf 88' lang='lat' dir='ltr'>tem</span> <span class='ocrx_word' id='word_1_252' title='bbox 204 1807 326 1864; x_wconf 77' lang='lat' dir='ltr'>dilexisti</span> <span class='ocrx_word' id='word_1_253' title='bbox 345 1807 432 1879; x_wconf 79' lang='lat' dir='ltr'>(Paci.</span> <span class='ocrx_word' id='word_1_254' title='bbox 448 1826 475 1876; x_wconf 78' lang='lat' dir='ltr'>a,</span> <span class='ocrx_word' id='word_1_255' title='bbox 504 1808 532 1881; x_wconf 86' lang='lat'>8)</span> <span class='ocrx_word' id='word_1_256' title='bbox 548 1828 571 1878; x_wconf 86' lang='grc' dir='ltr'>ι,</span> <span class='ocrx_word' id='word_1_257' title='bbox 595 1818 624 1867; x_wconf 90' lang='lat' dir='ltr'>et</span> <span class='ocrx_word' id='word_1_258' title='bbox 645 1810 771 1883; x_wconf 78' lang='lat' dir='ltr'>gentibus</span> <span class='ocrx_word' id='word_1_259' title='bbox 798 1814 925 1884; x_wconf 83' lang='lat' dir='ltr'>quamvis</span> <span class='ocrx_word' id='word_1_260' title='bbox 970 1817 1079 1889; x_wconf 80' lang='lat' dir='ltr'>judicus</span> <span class='ocrx_word' id='word_1_261' title='bbox 1091 1814 1200 1887; x_wconf 80' lang='lat' dir='ltr'>populos</span> <span class='ocrx_word' id='word_1_262' title='bbox 1212 1814 1240 1869; x_wconf 84' lang='lat' dir='ltr'>ira</span> <span class='ocrx_word' id='word_1_263' title='bbox 1257 1816 1380 1884; x_wconf 72' lang='lat' dir='ltr'>nouitate</span> <span class='ocrx_word' id='word_1_264' title='bbox 1393 1815 1420 1868; x_wconf 88' lang='lat' dir='ltr'>in</span> <span class='ocrx_word' id='word_1_265' title='bbox 1433 1812 1526 1869; x_wconf 86' lang='lat' dir='ltr'>iuturo</span> <span class='ocrx_word' id='word_1_266' title='bbox 1536 1813 1673 1879; x_wconf 77' lang='lat' dir='ltr'>examine,</span> <span class='ocrx_word' id='word_1_267' title='bbox 1684 1824 1768 1885; x_wconf 86' lang='lat' dir='ltr'>atque</span> 
     </span>
     <span class='ocr_line' id='line_1_19' title="bbox 129 1901 1767 1980; baseline 0.004 -23"><span class='ocrx_word' id='word_1_268' title='bbox 129 1916 192 1957; x_wconf 85' lang='lat' dir='ltr'>non</span> <span class='ocrx_word' id='word_1_269' title='bbox 207 1901 430 1972; x_wconf 87' lang='lat' dir='ltr'>promerentibus</span> <span class='ocrx_word' id='word_1_270' title='bbox 443 1901 608 1973; x_wconf 88' lang='lat' dir='ltr'>promissam</span> <span class='ocrx_word' id='word_1_271' title='bbox 636 1901 853 1963; x_wconf 69' lang='lat' dir='ltr'>benedictionem</span> <span class='ocrx_word' id='word_1_272' title='bbox 869 1907 925 1963; x_wconf 89' lang='lat' dir='ltr'>lar·</span> <span class='ocrx_word' id='word_1_273' title='bbox 975 1908 1151 1980; x_wconf 76' lang='lat' dir='ltr'>dijudicium</span> <span class='ocrx_word' id='word_1_274' title='bbox 1177 1907 1315 1978; x_wconf 76' lang='lat' dir='ltr'>equitatis</span> <span class='ocrx_word' id='word_1_275' title='bbox 1342 1905 1415 1961; x_wconf 83' lang='lat' dir='ltr'>serre</span> <span class='ocrx_word' id='word_1_276' title='bbox 1440 1906 1570 1972; x_wconf 81' lang='lat' dir='ltr'>valeant,</span> <span class='ocrx_word' id='word_1_277' title='bbox 1597 1906 1767 1963; x_wconf 84' lang='lat' dir='ltr'>tttttteirsno</span> 
     </span>
     <span class='ocr_line' id='line_1_20' title="bbox 129 1992 1765 2071; baseline 0.006 -25"><span class='ocrx_word' id='word_1_278' title='bbox 129 1993 209 2066; x_wconf 69' lang='lat' dir='ltr'>gitus</span> <span class='ocrx_word' id='word_1_279' title='bbox 226 2009 266 2050; x_wconf 88' lang='lat' dir='ltr'>es.</span> <span class='ocrx_word' id='word_1_280' title='bbox 285 1992 362 2060; x_wconf 84' lang='lat' dir='ltr'>Quod</span> <span class='ocrx_word' id='word_1_281' title='bbox 374 1992 412 2050; x_wconf 87' lang='lat' dir='ltr'>ita</span> <span class='ocrx_word' id='word_1_282' title='bbox 425 1994 558 2050; x_wconf 90' lang='lat' dir='ltr'>creditum</span> <span class='ocrx_word' id='word_1_283' title='bbox 571 1996 612 2052; x_wconf 83' lang='grc' dir='ltr'>ιιι</span> <span class='ocrx_word' id='word_1_284' title='bbox 627 2005 765 2068; x_wconf 86' lang='lat' dir='ltr'>speratum</span> <span class='ocrx_word' id='word_1_285' title='bbox 779 2014 834 2054; x_wconf 88' lang='lat' dir='ltr'>non</span> <span class='ocrx_word' id='word_1_286' title='bbox 850 1997 926 2054; x_wconf 89' lang='lat' dir='ltr'>sussl·</span> <span class='ocrx_word' id='word_1_287' title='bbox 976 1999 1128 2071; x_wconf 83' lang='lat' dir='ltr'>disciplinae</span> <span class='ocrx_word' id='word_1_288' title='bbox 1139 2000 1168 2053; x_wconf 87' lang='lat' dir='ltr'>io</span> <span class='ocrx_word' id='word_1_289' title='bbox 1180 2010 1252 2053; x_wconf 83' lang='lat' dir='ltr'>terra</span> <span class='ocrx_word' id='word_1_290' title='bbox 1264 1999 1407 2069; x_wconf 86' lang='lat' dir='ltr'>praesentis</span> <span class='ocrx_word' id='word_1_291' title='bbox 1422 1998 1652 2069; x_wconf 75' lang='lat' dir='ltr'>peregrinationis</span> <span class='ocrx_word' id='word_1_292' title='bbox 1676 2009 1765 2071; x_wconf 75' lang='lat' dir='ltr'>pentes</span> 
     </span>
     <span class='ocr_line' id='line_1_21' title="bbox 130 2083 1766 2162; baseline 0.002 -21"><span class='ocrx_word' id='word_1_293' title='bbox 130 2083 219 2141; x_wconf 83' lang='lat' dir='ltr'>citad</span> <span class='ocrx_word' id='word_1_294' title='bbox 236 2092 358 2140; x_wconf 84' lang='lat' dir='ltr'>nostram</span> <span class='ocrx_word' id='word_1_295' title='bbox 374 2085 601 2154; x_wconf 88' lang='lat' dir='ltr'>consolationem,</span> <span class='ocrx_word' id='word_1_296' title='bbox 626 2088 673 2159; x_wconf 89' lang='lat' dir='ltr'>qui</span> <span class='ocrx_word' id='word_1_297' title='bbox 698 2089 823 2146; x_wconf 84' lang='lat' dir='ltr'>dolemus</span> <span class='ocrx_word' id='word_1_298' title='bbox 846 2099 926 2145; x_wconf 89' lang='lat' dir='ltr'>natu·</span> <span class='ocrx_word' id='word_1_299' title='bbox 976 2092 1081 2162; x_wconf 78' lang='lat' dir='ltr'>diripis.</span> <span class='ocrx_word' id='word_1_300' title='bbox 1098 2088 1241 2158; x_wconf 83' lang='lat' dir='ltr'>Quomodo</span> <span class='ocrx_word' id='word_1_301' title='bbox 1254 2090 1328 2144; x_wconf 88' lang='lat' dir='ltr'>enim</span> <span class='ocrx_word' id='word_1_302' title='bbox 1343 2088 1481 2159; x_wconf 88' lang='lat' dir='ltr'>quondam</span> <span class='ocrx_word' id='word_1_303' title='bbox 1497 2088 1620 2144; x_wconf 80' lang='lat' dir='ltr'>direxisti</span> <span class='ocrx_word' id='word_1_304' title='bbox 1634 2089 1766 2159; x_wconf 83' lang='lat' dir='ltr'>populum</span> 
     </span>
     <span class='ocr_line' id='line_1_22' title="bbox 129 2174 1768 2248; baseline 0.003 -16"><span class='ocrx_word' id='word_1_305' title='bbox 129 2175 208 2232; x_wconf 86' lang='lat' dir='ltr'>rales</span> <span class='ocrx_word' id='word_1_306' title='bbox 223 2190 329 2242; x_wconf 85' lang='lat' dir='ltr'>ramos,</span> <span class='ocrx_word' id='word_1_307' title='bbox 344 2174 455 2234; x_wconf 81' lang='lat' dir='ltr'>totaeos</span> <span class='ocrx_word' id='word_1_308' title='bbox 468 2178 573 2235; x_wconf 90' lang='lat' dir='ltr'>scilicet</span> <span class='ocrx_word' id='word_1_309' title='bbox 585 2180 732 2248; x_wconf 87' lang='lat' dir='ltr'>abscissos,</span> <span class='ocrx_word' id='word_1_310' title='bbox 757 2181 811 2239; x_wconf 88' lang='lat' dir='ltr'>nisi</span> <span class='ocrx_word' id='word_1_311' title='bbox 837 2183 925 2239; x_wconf 88' lang='lat' dir='ltr'>oculis</span> <span class='ocrx_word' id='word_1_312' title='bbox 977 2191 1057 2239; x_wconf 90' lang='lat' dir='ltr'>tuum</span> <span class='ocrx_word' id='word_1_313' title='bbox 1071 2183 1098 2238; x_wconf 92' lang='lat' dir='ltr'>in</span> <span class='ocrx_word' id='word_1_314' title='bbox 1111 2190 1185 2237; x_wconf 85' lang='lat' dir='ltr'>terra</span> <span class='ocrx_word' id='word_1_315' title='bbox 1211 2180 1332 2246; x_wconf 86' lang='lat' dir='ltr'>deserta,</span> <span class='ocrx_word' id='word_1_316' title='bbox 1352 2181 1380 2235; x_wconf 91' lang='lat' dir='ltr'>in</span> <span class='ocrx_word' id='word_1_317' title='bbox 1404 2179 1466 2236; x_wconf 90' lang='lat' dir='ltr'>loco</span> <span class='ocrx_word' id='word_1_318' title='bbox 1485 2179 1610 2238; x_wconf 85' lang='lat' dir='ltr'>lrorroris</span> <span class='ocrx_word' id='word_1_319' title='bbox 1633 2188 1660 2235; x_wconf 88' lang='lat' dir='ltr'>et</span> <span class='ocrx_word' id='word_1_320' title='bbox 1681 2188 1768 2237; x_wconf 79' lang='lat' dir='ltr'>rastae</span> 
     </span>
     <span class='ocr_line' id='line_1_23' title="bbox 131 2265 1764 2346; baseline 0.004 -24"><span class='ocrx_word' id='word_1_321' title='bbox 131 2265 240 2322; x_wconf 69' lang='lat' dir='ltr'>nostris</span> <span class='ocrx_word' id='word_1_322' title='bbox 252 2266 281 2321; x_wconf 90' lang='lat' dir='ltr'>in</span> <span class='ocrx_word' id='word_1_323' title='bbox 296 2265 432 2323; x_wconf 81' lang='lat' dir='ltr'>euidentia</span> <span class='ocrx_word' id='word_1_324' title='bbox 445 2269 592 2327; x_wconf 77' lang='lat' dir='ltr'>manifesta</span> <span class='ocrx_word' id='word_1_325' title='bbox 606 2271 758 2341; x_wconf 80' lang='lat' dir='ltr'>rideamus,</span> <span class='ocrx_word' id='word_1_326' title='bbox 782 2282 809 2330; x_wconf 88' lang='lat' dir='ltr'>et</span> <span class='ocrx_word' id='word_1_327' title='bbox 830 2290 925 2346; x_wconf 76' lang='lat' dir='ltr'>copae·</span> <span class='ocrx_word' id='word_1_328' title='bbox 976 2273 1147 2340; x_wconf 86' lang='lat' dir='ltr'>solitudinis,</span> <span class='ocrx_word' id='word_1_329' title='bbox 1160 2281 1191 2329; x_wconf 87' lang='grc' dir='ltr'>ιιι</span> <span class='ocrx_word' id='word_1_330' title='bbox 1207 2271 1312 2328; x_wconf 83' lang='lat' dir='ltr'>itabens</span> <span class='ocrx_word' id='word_1_331' title='bbox 1327 2270 1355 2326; x_wconf 92' lang='lat' dir='ltr'>in</span> <span class='ocrx_word' id='word_1_332' title='bbox 1373 2270 1417 2327; x_wconf 92' lang='lat' dir='ltr'>die</span> <span class='ocrx_word' id='word_1_333' title='bbox 1428 2271 1586 2327; x_wconf 87' lang='lat' dir='ltr'>columnam</span> <span class='ocrx_word' id='word_1_334' title='bbox 1611 2272 1705 2339; x_wconf 87' lang='lat' dir='ltr'>nutris,</span> <span class='ocrx_word' id='word_1_335' title='bbox 1734 2272 1764 2328; x_wconf 92' lang='lat' dir='ltr'>in</span> 
     </span>
     <span class='ocr_line' id='line_1_24' title="bbox 129 2358 1763 2437; baseline 0.005 -26"><span class='ocrx_word' id='word_1_336' title='bbox 129 2374 241 2412; x_wconf 79' lang='lat' dir='ltr'>sumus</span> <span class='ocrx_word' id='word_1_337' title='bbox 255 2358 283 2413; x_wconf 87' lang='lat' dir='ltr'>in</span> <span class='ocrx_word' id='word_1_338' title='bbox 297 2366 367 2413; x_wconf 74' lang='lat' dir='ltr'>tems</span> <span class='ocrx_word' id='word_1_339' title='bbox 382 2359 452 2414; x_wconf 86' lang='lat' dir='ltr'>aiam</span> <span class='ocrx_word' id='word_1_340' title='bbox 466 2371 551 2428; x_wconf 85' lang='lat' dir='ltr'>tuum,</span> <span class='ocrx_word' id='word_1_341' title='bbox 564 2363 592 2417; x_wconf 84' lang='lat' dir='ltr'>ia</span> <span class='ocrx_word' id='word_1_342' title='bbox 614 2365 735 2420; x_wconf 83' lang='lat' dir='ltr'>omnibns</span> <span class='ocrx_word' id='word_1_343' title='bbox 747 2366 868 2437; x_wconf 75' lang='lat' dir='ltr'>pentibus</span> <span class='ocrx_word' id='word_1_344' title='bbox 878 2384 925 2422; x_wconf 81' lang='lat' dir='ltr'>aa·</span> <span class='ocrx_word' id='word_1_345' title='bbox 979 2374 1059 2422; x_wconf 89' lang='lat' dir='ltr'>nocte</span> <span class='ocrx_word' id='word_1_346' title='bbox 1072 2365 1229 2421; x_wconf 89' lang='lat' dir='ltr'>columnam</span> <span class='ocrx_word' id='word_1_347' title='bbox 1250 2362 1321 2435; x_wconf 76' lang='lat' dir='ltr'>ignis</span> <span class='ocrx_word' id='word_1_348' title='bbox 1345 2363 1485 2433; x_wconf 78' lang='lat' dir='ltr'>praeviam,</span> <span class='ocrx_word' id='word_1_349' title='bbox 1505 2362 1763 2421; x_wconf 75' lang='lat' dir='ltr'>demonstratricem</span> 
     </span>
     <span class='ocr_line' id='line_1_25' title="bbox 131 2450 1765 2527; baseline 0.002 -23"><span class='ocrx_word' id='word_1_350' title='bbox 131 2451 225 2505; x_wconf 76' lang='lat' dir='ltr'>latare</span> <span class='ocrx_word' id='word_1_351' title='bbox 236 2461 321 2506; x_wconf 84' lang='grc' dir='ltr'>ιιιιιιιι.</span> <span class='ocrx_word' id='word_1_352' title='bbox 336 2450 468 2508; x_wconf 77' lang='lat' dir='ltr'>Peccator</span> <span class='ocrx_word' id='word_1_353' title='bbox 481 2451 593 2512; x_wconf 75' lang='lat' dir='ltr'>iudaeus</span> <span class='ocrx_word' id='word_1_354' title='bbox 611 2456 639 2511; x_wconf 90' lang='lat' dir='ltr'>in</span> <span class='ocrx_word' id='word_1_355' title='bbox 661 2456 773 2527; x_wconf 88' lang='lat' dir='ltr'>pertidia</span> <span class='ocrx_word' id='word_1_356' title='bbox 802 2473 852 2515; x_wconf 88' lang='lat' dir='ltr'>sua</span> <span class='ocrx_word' id='word_1_357' title='bbox 876 2459 927 2515; x_wconf 87' lang='lat' dir='ltr'>ob·</span> <span class='ocrx_word' id='word_1_358' title='bbox 975 2455 1037 2520; x_wconf 73' lang='lat' dir='ltr'>uiae,</span> <span class='ocrx_word' id='word_1_359' title='bbox 1054 2463 1084 2511; x_wconf 91' lang='lat' dir='ltr'>ut</span> <span class='ocrx_word' id='word_1_360' title='bbox 1103 2470 1157 2511; x_wconf 91' lang='lat' dir='ltr'>non</span> <span class='ocrx_word' id='word_1_361' title='bbox 1170 2461 1263 2525; x_wconf 89' lang='lat' dir='ltr'>posset</span> <span class='ocrx_word' id='word_1_362' title='bbox 1278 2453 1408 2508; x_wconf 87' lang='lat' dir='ltr'>aberrare</span> <span class='ocrx_word' id='word_1_363' title='bbox 1423 2471 1431 2508; x_wconf 76' lang='grc' dir='ltr'>ι</span> <span class='ocrx_word' id='word_1_364' title='bbox 1446 2453 1488 2509; x_wconf 92' lang='lat' dir='ltr'>sic</span> <span class='ocrx_word' id='word_1_365' title='bbox 1506 2453 1589 2511; x_wconf 85' lang='lat' dir='ltr'>modo</span> <span class='ocrx_word' id='word_1_366' title='bbox 1618 2462 1706 2525; x_wconf 75' lang='lat' dir='ltr'>peotes</span> <span class='ocrx_word' id='word_1_367' title='bbox 1730 2452 1765 2510; x_wconf 86' lang='lat' dir='ltr'>ad</span> 
     </span>
     <span class='ocr_line' id='line_1_26' title="bbox 132 2541 1765 2618; baseline 0.004 -21"><span class='ocrx_word' id='word_1_368' title='bbox 132 2541 374 2599; x_wconf 71' lang='lat' dir='ltr'>sermomonem</span> <span class='ocrx_word' id='word_1_369' title='bbox 394 2550 423 2599; x_wconf 90' lang='lat' dir='ltr'>et</span> <span class='ocrx_word' id='word_1_370' title='bbox 441 2542 582 2601; x_wconf 82' lang='lat' dir='ltr'>invidebit.</span> <span class='ocrx_word' id='word_1_371' title='bbox 607 2544 715 2603; x_wconf 80' lang='lat' dir='ltr'>Videbit</span> <span class='ocrx_word' id='word_1_372' title='bbox 736 2556 763 2604; x_wconf 92' lang='lat' dir='ltr'>et</span> <span class='ocrx_word' id='word_1_373' title='bbox 792 2550 926 2607; x_wconf 75' lang='lat' dir='ltr'>irascetur</span> <span class='ocrx_word' id='word_1_374' title='bbox 975 2547 1056 2604; x_wconf 82' lang='lat' dir='ltr'>fidem</span> <span class='ocrx_word' id='word_1_375' title='bbox 1070 2555 1182 2604; x_wconf 83' lang='lat' dir='ltr'>uocatas</span> <span class='ocrx_word' id='word_1_376' title='bbox 1194 2547 1287 2617; x_wconf 79' lang='lat' dir='ltr'>diripb</span> <span class='ocrx_word' id='word_1_377' title='bbox 1302 2545 1399 2601; x_wconf 88' lang='lat' dir='ltr'>tamin</span> <span class='ocrx_word' id='word_1_378' title='bbox 1413 2545 1765 2618; x_wconf 82' lang='lat' dir='ltr'>dieprosperitatis‚quam</span> 
     </span>
     <span class='ocr_line' id='line_1_27' title="bbox 131 2636 1767 2713; baseline 0.002 -20"><span class='ocrx_word' id='word_1_379' title='bbox 131 2650 221 2707; x_wconf 87' lang='lat' dir='ltr'>super</span> <span class='ocrx_word' id='word_1_380' title='bbox 234 2636 286 2693; x_wconf 84' lang='lat' dir='ltr'>ista</span> <span class='ocrx_word' id='word_1_381' title='bbox 303 2636 393 2693; x_wconf 89' lang='lat' dir='ltr'>salute</span> <span class='ocrx_word' id='word_1_382' title='bbox 407 2638 529 2710; x_wconf 77' lang='lat' dir='ltr'>genitium</span> <span class='ocrx_word' id='word_1_383' title='bbox 540 2638 561 2710; x_wconf 71' lang='lat' dir='ltr'>f:</span> <span class='ocrx_word' id='word_1_384' title='bbox 579 2654 629 2697; x_wconf 91' lang='lat' dir='ltr'>nos</span> <span class='ocrx_word' id='word_1_385' title='bbox 645 2648 736 2697; x_wconf 88' lang='lat' dir='ltr'>autem</span> <span class='ocrx_word' id='word_1_386' title='bbox 753 2643 873 2713; x_wconf 88' lang='lat' dir='ltr'>apostoli</span> <span class='ocrx_word' id='word_1_387' title='bbox 897 2653 925 2700; x_wconf 88' lang='lat' dir='ltr'>et</span> <span class='ocrx_word' id='word_1_388' title='bbox 977 2641 1006 2697; x_wconf 91' lang='lat' dir='ltr'>in</span> <span class='ocrx_word' id='word_1_389' title='bbox 1031 2648 1112 2697; x_wconf 89' lang='lat' dir='ltr'>nocte</span> <span class='ocrx_word' id='word_1_390' title='bbox 1125 2637 1312 2705; x_wconf 82' lang='lat' dir='ltr'>aduersitatis,</span> <span class='ocrx_word' id='word_1_391' title='bbox 1337 2653 1412 2694; x_wconf 90' lang='lat' dir='ltr'>nnnc</span> <span class='ocrx_word' id='word_1_392' title='bbox 1436 2638 1511 2693; x_wconf 83' lang='lat' dir='ltr'>uelut</span> <span class='ocrx_word' id='word_1_393' title='bbox 1533 2638 1660 2694; x_wconf 83' lang='lat' dir='ltr'>columna</span> <span class='ocrx_word' id='word_1_394' title='bbox 1685 2637 1767 2697; x_wconf 87' lang='lat' dir='ltr'>uubis</span> 
     </span>
     <span class='ocr_line' id='line_1_28' title="bbox 132 2728 1760 2806; baseline -0.001 -19"><span class='ocrx_word' id='word_1_395' title='bbox 132 2730 281 2803; x_wconf 86' lang='lat' dir='ltr'>apostolici</span> <span class='ocrx_word' id='word_1_396' title='bbox 310 2731 361 2786; x_wconf 85' lang='lat' dir='ltr'>viri</span> <span class='ocrx_word' id='word_1_397' title='bbox 378 2731 521 2789; x_wconf 83' lang='lat' dir='ltr'>rideamus</span> <span class='ocrx_word' id='word_1_398' title='bbox 549 2741 576 2788; x_wconf 90' lang='lat' dir='ltr'>et</span> <span class='ocrx_word' id='word_1_399' title='bbox 605 2750 813 2806; x_wconf 76' lang='lat' dir='ltr'>copncscamas,</span> <span class='ocrx_word' id='word_1_400' title='bbox 835 2736 862 2792; x_wconf 91' lang='lat' dir='ltr'>id</span> <span class='ocrx_word' id='word_1_401' title='bbox 883 2746 926 2794; x_wconf 85' lang='lat' dir='ltr'>est</span> <span class='ocrx_word' id='word_1_402' title='bbox 946 2751 956 2770; x_wconf 92' lang='lat'><strong>·</strong></span> <span class='ocrx_word' id='word_1_403' title='bbox 976 2730 1175 2788; x_wconf 77' lang='lat' dir='ltr'>misericordiae</span> <span class='ocrx_word' id='word_1_404' title='bbox 1198 2728 1393 2785; x_wconf 82' lang='lat' dir='ltr'>blandimentis</span> <span class='ocrx_word' id='word_1_405' title='bbox 1412 2729 1545 2785; x_wconf 85' lang='lat' dir='ltr'>trahendo</span> <span class='ocrx_word' id='word_1_406' title='bbox 1565 2744 1613 2785; x_wconf 88' lang='lat' dir='ltr'>eas</span> <span class='ocrx_word' id='word_1_407' title='bbox 1641 2738 1760 2800; x_wconf 83' lang='lat' dir='ltr'>postte,</span> 
     </span>
     <span class='ocr_line' id='line_1_29' title="bbox 134 2821 1767 2898; baseline -0.001 -20"><span class='ocrx_word' id='word_1_408' title='bbox 134 2822 295 2896; x_wconf 71' lang='lat' dir='ltr'>diligamus.</span> <span class='ocrx_word' id='word_1_409' title='bbox 314 2821 383 2878; x_wconf 84' lang='lat' dir='ltr'>Nam</span> <span class='ocrx_word' id='word_1_410' title='bbox 401 2840 554 2893; x_wconf 67' lang='lat' dir='ltr'>euanescere</span> <span class='ocrx_word' id='word_1_411' title='bbox 577 2825 715 2882; x_wconf 87' lang='lat' dir='ltr'>interdum</span> <span class='ocrx_word' id='word_1_412' title='bbox 737 2841 787 2896; x_wconf 88' lang='lat' dir='ltr'>pro</span> <span class='ocrx_word' id='word_1_413' title='bbox 813 2826 926 2898; x_wconf 73' lang='lat' dir='ltr'>diligero</span> <span class='ocrx_word' id='word_1_414' title='bbox 977 2823 1102 2891; x_wconf 82' lang='lat' dir='ltr'>Christe,</span> <span class='ocrx_word' id='word_1_415' title='bbox 1116 2822 1163 2893; x_wconf 86' lang='lat' dir='ltr'>qui</span> <span class='ocrx_word' id='word_1_416' title='bbox 1182 2829 1271 2878; x_wconf 86' lang='lat' dir='ltr'>tectus</span> <span class='ocrx_word' id='word_1_417' title='bbox 1283 2822 1356 2876; x_wconf 87' lang='lat' dir='ltr'>nube</span> <span class='ocrx_word' id='word_1_418' title='bbox 1373 2821 1465 2877; x_wconf 84' lang='lat' dir='ltr'>carnis</span> <span class='ocrx_word' id='word_1_419' title='bbox 1483 2821 1624 2887; x_wconf 80' lang='lat' dir='ltr'>humanae,</span> <span class='ocrx_word' id='word_1_420' title='bbox 1642 2821 1767 2877; x_wconf 78' lang='lat' dir='ltr'>Salvator</span> 
     </span>
     <span class='ocr_line' id='line_1_30' title="bbox 133 2909 1767 2986; baseline -0.001 -18"><span class='ocrx_word' id='word_1_421' title='bbox 133 2913 250 2986; x_wconf 88' lang='lat' dir='ltr'>ponitur</span> <span class='ocrx_word' id='word_1_422' title='bbox 266 2921 298 2967; x_wconf 91' lang='lat' dir='ltr'>ut</span> <span class='ocrx_word' id='word_1_423' title='bbox 314 2911 351 2968; x_wconf 91' lang='lat' dir='ltr'>ibi</span> <span class='ocrx_word' id='word_1_424' title='bbox 369 2931 376 2969; x_wconf 84' lang='grc' dir='ltr'>ι</span> <span class='ocrx_word' id='word_1_425' title='bbox 396 2931 406 2964; x_wconf 90' lang='grc' dir='ltr'>ι</span> <span class='ocrx_word' id='word_1_426' title='bbox 426 2911 497 2970; x_wconf 84' lang='lat' dir='ltr'>Oves</span> <span class='ocrx_word' id='word_1_427' title='bbox 514 2930 686 2973; x_wconf 83' lang='lat' dir='ltr'>meaevoccm</span> <span class='ocrx_word' id='word_1_428' title='bbox 702 2930 791 2971; x_wconf 83' lang='lat' dir='ltr'>aream</span> <span class='ocrx_word' id='word_1_429' title='bbox 802 2917 924 2981; x_wconf 87' lang='lat' dir='ltr'>audient,</span> <span class='ocrx_word' id='word_1_430' title='bbox 976 2929 1006 2970; x_wconf 90' lang='lat' dir='ltr'>cs</span> <span class='ocrx_word' id='word_1_431' title='bbox 1018 2922 1123 2969; x_wconf 81' lang='lat' dir='ltr'>naturae</span> <span class='ocrx_word' id='word_1_432' title='bbox 1135 2913 1272 2978; x_wconf 82' lang='lat' dir='ltr'>humanae,</span> <span class='ocrx_word' id='word_1_433' title='bbox 1287 2910 1445 2966; x_wconf 83' lang='lat' dir='ltr'>nuncuclut</span> <span class='ocrx_word' id='word_1_434' title='bbox 1462 2910 1590 2966; x_wconf 87' lang='lat' dir='ltr'>columna</span> <span class='ocrx_word' id='word_1_435' title='bbox 1607 2909 1680 2981; x_wconf 69' lang='lat' dir='ltr'>ignis</span> <span class='ocrx_word' id='word_1_436' title='bbox 1703 2910 1767 2967; x_wconf 87' lang='lat' dir='ltr'>illu·</span> 
     </span>
     <span class='ocr_line' id='line_1_31' title="bbox 132 3003 1765 3080; baseline 0 -19"><span class='ocrx_word' id='word_1_437' title='bbox 132 3015 164 3061; x_wconf 83' lang='lat' dir='ltr'>et</span> <span class='ocrx_word' id='word_1_438' title='bbox 175 3020 228 3077; x_wconf 69' lang='lat' dir='ltr'>ego</span> <span class='ocrx_word' id='word_1_439' title='bbox 240 3003 506 3077; x_wconf 74' lang='lat' dir='ltr'>bominusagnosec</span> <span class='ocrx_word' id='word_1_440' title='bbox 519 3022 577 3064; x_wconf 88' lang='lat' dir='ltr'>eas.</span> <span class='ocrx_word' id='word_1_441' title='bbox 600 3026 609 3059; x_wconf 87' lang='grc' dir='ltr'>ι</span> <span class='ocrx_word' id='word_1_442' title='bbox 628 3006 711 3063; x_wconf 86' lang='lat' dir='ltr'>ltcm:</span> <span class='ocrx_word' id='word_1_443' title='bbox 727 3007 960 3080; x_wconf 71' lang='lat' dir='ltr'>‹bacagnoscoc</span> <span class='ocrx_word' id='word_1_444' title='bbox 978 3006 1109 3064; x_wconf 84' lang='lat' dir='ltr'>minando</span> <span class='ocrx_word' id='word_1_445' title='bbox 1126 3005 1247 3063; x_wconf 89' lang='lat' dir='ltr'>simulet</span> <span class='ocrx_word' id='word_1_446' title='bbox 1259 3003 1456 3061; x_wconf 80' lang='lat' dir='ltr'>inflammando</span> <span class='ocrx_word' id='word_1_447' title='bbox 1480 3019 1528 3075; x_wconf 88' lang='lat' dir='ltr'>per</span> <span class='ocrx_word' id='word_1_448' title='bbox 1548 3011 1658 3059; x_wconf 89' lang='lat' dir='ltr'>noctem</span> <span class='ocrx_word' id='word_1_449' title='bbox 1675 3004 1765 3073; x_wconf 90' lang='lat' dir='ltr'>ducis,</span> 
     </span>
     <span class='ocr_line' id='line_1_32' title="bbox 133 3094 1767 3172; baseline 0.002 -21"><span class='ocrx_word' id='word_1_450' title='bbox 133 3110 226 3162; x_wconf 86' lang='lat' dir='ltr'>meas,</span> <span class='ocrx_word' id='word_1_451' title='bbox 239 3103 267 3151; x_wconf 88' lang='lat' dir='ltr'>et</span> <span class='ocrx_word' id='word_1_452' title='bbox 282 3105 453 3169; x_wconf 72' lang='lat' dir='ltr'>cognoscunt</span> <span class='ocrx_word' id='word_1_453' title='bbox 475 3112 520 3153; x_wconf 91' lang='lat' dir='ltr'>me</span> <span class='ocrx_word' id='word_1_454' title='bbox 537 3112 605 3154; x_wconf 79' lang='lat' dir='ltr'>meae</span> <span class='ocrx_word' id='word_1_455' title='bbox 624 3096 718 3169; x_wconf 78' lang='lat' dir='ltr'>(loun.</span> <span class='ocrx_word' id='word_1_456' title='bbox 740 3115 768 3166; x_wconf 83' lang='grc' dir='ltr'>ι,</span> <span class='ocrx_word' id='word_1_457' title='bbox 781 3098 844 3169; x_wconf 72' lang='grc' dir='ltr'>ιι),</span> <span class='ocrx_word' id='word_1_458' title='bbox 859 3119 869 3152; x_wconf 83' lang='grc' dir='ltr'>ι</span> <span class='ocrx_word' id='word_1_459' title='bbox 897 3100 925 3156; x_wconf 90' lang='lat' dir='ltr'>id</span> <span class='ocrx_word' id='word_1_460' title='bbox 977 3115 1048 3172; x_wconf 84' lang='lat' dir='ltr'>quos</span> <span class='ocrx_word' id='word_1_461' title='bbox 1059 3099 1130 3155; x_wconf 91' lang='lat' dir='ltr'>inter</span> <span class='ocrx_word' id='word_1_462' title='bbox 1143 3097 1256 3154; x_wconf 80' lang='lat' dir='ltr'>aduersa</span> <span class='ocrx_word' id='word_1_463' title='bbox 1270 3096 1393 3152; x_wconf 88' lang='lat' dir='ltr'>lucentes</span> <span class='ocrx_word' id='word_1_464' title='bbox 1405 3103 1432 3151; x_wconf 92' lang='lat' dir='ltr'>et</span> <span class='ocrx_word' id='word_1_465' title='bbox 1443 3095 1571 3151; x_wconf 84' lang='lat' dir='ltr'>ardentes</span> <span class='ocrx_word' id='word_1_466' title='bbox 1581 3094 1660 3163; x_wconf 85' lang='lat' dir='ltr'>iacis,</span> <span class='ocrx_word' id='word_1_467' title='bbox 1671 3095 1767 3155; x_wconf 57' lang='lat' dir='ltr'>luceuz</span> 
     </span>
     <span class='ocr_line' id='line_1_33' title="bbox 132 3187 1763 3264; baseline 0.002 -23"><span class='ocrx_word' id='word_1_468' title='bbox 132 3196 188 3253; x_wconf 83' lang='lat' dir='ltr'>est,</span> <span class='ocrx_word' id='word_1_469' title='bbox 204 3203 281 3244; x_wconf 87' lang='lat' dir='ltr'>meas</span> <span class='ocrx_word' id='word_1_470' title='bbox 296 3203 362 3244; x_wconf 84' lang='lat' dir='ltr'>ores</span> <span class='ocrx_word' id='word_1_471' title='bbox 375 3188 468 3260; x_wconf 75' lang='lat' dir='ltr'>diligo,</span> <span class='ocrx_word' id='word_1_472' title='bbox 480 3197 508 3243; x_wconf 90' lang='lat' dir='ltr'>et</span> <span class='ocrx_word' id='word_1_473' title='bbox 519 3187 571 3245; x_wconf 73' lang='lat' dir='ltr'>ilias</span> <span class='ocrx_word' id='word_1_474' title='bbox 586 3205 630 3246; x_wconf 89' lang='lat' dir='ltr'>me</span> <span class='ocrx_word' id='word_1_475' title='bbox 641 3190 767 3262; x_wconf 74' lang='lat' dir='ltr'>diligunt.</span> <span class='ocrx_word' id='word_1_476' title='bbox 778 3189 834 3248; x_wconf 86' lang='lat' dir='ltr'>Nos</span> <span class='ocrx_word' id='word_1_477' title='bbox 845 3190 927 3264; x_wconf 75' lang='lat' dir='ltr'>igitur</span> <span class='ocrx_word' id='word_1_478' title='bbox 977 3204 1018 3251; x_wconf 90' lang='lat' dir='ltr'>tes</span> <span class='ocrx_word' id='word_1_479' title='bbox 1030 3191 1186 3264; x_wconf 75' lang='lat' dir='ltr'>cognitione</span> <span class='ocrx_word' id='word_1_480' title='bbox 1203 3189 1340 3257; x_wconf 83' lang='lat' dir='ltr'>veritatis,</span> <span class='ocrx_word' id='word_1_481' title='bbox 1370 3188 1498 3245; x_wconf 83' lang='lat' dir='ltr'>ardentes</span> <span class='ocrx_word' id='word_1_482' title='bbox 1527 3203 1622 3245; x_wconf 86' lang='lat' dir='ltr'>amore</span> <span class='ocrx_word' id='word_1_483' title='bbox 1645 3189 1763 3244; x_wconf 82' lang='lat' dir='ltr'>uirtutis.</span> 
     </span>
     <span class='ocr_line' id='line_1_34' title="bbox 133 3279 1766 3358; baseline 0.002 -25"><span class='ocrx_word' id='word_1_484' title='bbox 133 3295 328 3351; x_wconf 70' lang='lat' dir='ltr'>evanescamus</span> <span class='ocrx_word' id='word_1_485' title='bbox 346 3288 374 3335; x_wconf 90' lang='lat' dir='ltr'>et</span> <span class='ocrx_word' id='word_1_486' title='bbox 390 3279 537 3351; x_wconf 75' lang='lat' dir='ltr'>diligamus</span> <span class='ocrx_word' id='word_1_487' title='bbox 551 3282 580 3335; x_wconf 85' lang='lat' dir='ltr'>in</span> <span class='ocrx_word' id='word_1_488' title='bbox 596 3290 667 3337; x_wconf 85' lang='lat' dir='ltr'>terra</span> <span class='ocrx_word' id='word_1_489' title='bbox 692 3283 762 3338; x_wconf 78' lang='grc' dir='ltr'>ιιιιιιιι</span> <span class='ocrx_word' id='word_1_490' title='bbox 785 3293 869 3350; x_wconf 83' lang='lat' dir='ltr'>tuam,</span> <span class='ocrx_word' id='word_1_491' title='bbox 897 3286 926 3340; x_wconf 88' lang='lat' dir='ltr'>io</span> <span class='ocrx_word' id='word_1_492' title='bbox 977 3286 1125 3358; x_wconf 82' lang='lat' dir='ltr'>Propterea</span> <span class='ocrx_word' id='word_1_493' title='bbox 1137 3285 1237 3340; x_wconf 87' lang='lat' dir='ltr'>iterum</span> <span class='ocrx_word' id='word_1_494' title='bbox 1249 3294 1332 3354; x_wconf 89' lang='lat' dir='ltr'>atque</span> <span class='ocrx_word' id='word_1_495' title='bbox 1347 3281 1447 3339; x_wconf 91' lang='lat' dir='ltr'>iterum</span> <span class='ocrx_word' id='word_1_496' title='bbox 1465 3281 1641 3352; x_wconf 76' lang='lat' dir='ltr'>confiteantur</span> <span class='ocrx_word' id='word_1_497' title='bbox 1658 3279 1706 3336; x_wconf 82' lang='lat' dir='ltr'>tibi</span> <span class='ocrx_word' id='word_1_498' title='bbox 1718 3296 1766 3353; x_wconf 85' lang='lat' dir='ltr'>pc-</span> 
     </span>
     <span class='ocr_line' id='line_1_35' title="bbox 132 3370 1138 3453; baseline 0.005 -26"><span class='ocrx_word' id='word_1_499' title='bbox 132 3371 258 3427; x_wconf 82' lang='lat' dir='ltr'>omnibus</span> <span class='ocrx_word' id='word_1_500' title='bbox 271 3371 392 3442; x_wconf 74' lang='lat' dir='ltr'>pentibus</span> <span class='ocrx_word' id='word_1_501' title='bbox 405 3370 524 3427; x_wconf 79' lang='lat' dir='ltr'>mittere</span> <span class='ocrx_word' id='word_1_502' title='bbox 539 3383 624 3428; x_wconf 81' lang='lat' dir='ltr'>tuem.</span> <span class='ocrx_word' id='word_1_503' title='bbox 646 3372 706 3430; x_wconf 89' lang='lat' dir='ltr'>Non</span> <span class='ocrx_word' id='word_1_504' title='bbox 730 3383 836 3433; x_wconf 84' lang='lat' dir='ltr'>stemus</span> <span class='ocrx_word' id='word_1_505' title='bbox 859 3376 926 3435; x_wconf 82' lang='lat' dir='ltr'>ioris</span> <span class='ocrx_word' id='word_1_506' title='bbox 975 3380 1044 3453; x_wconf 75' lang='lat' dir='ltr'>puli,</span> <span class='ocrx_word' id='word_1_507' title='bbox 1056 3377 1138 3433; x_wconf 80' lang='lat' dir='ltr'>Deus.</span> 
     </span>
     <span class='ocr_line' id='line_1_36' title="bbox 133 3461 1767 3538; baseline -0.001 -18"><span class='ocrx_word' id='word_1_508' title='bbox 133 3478 200 3520; x_wconf 89' lang='lat' dir='ltr'>cum</span> <span class='ocrx_word' id='word_1_509' title='bbox 219 3461 306 3518; x_wconf 82' lang='lat' dir='ltr'>tratre</span> <span class='ocrx_word' id='word_1_510' title='bbox 317 3463 425 3519; x_wconf 89' lang='lat' dir='ltr'>seniore</span> <span class='ocrx_word' id='word_1_511' title='bbox 443 3462 535 3520; x_wconf 81' lang='lat' dir='ltr'>invido</span> <span class='ocrx_word' id='word_1_512' title='bbox 545 3471 573 3518; x_wconf 91' lang='lat' dir='ltr'>et</span> <span class='ocrx_word' id='word_1_513' title='bbox 600 3465 671 3520; x_wconf 89' lang='lat' dir='ltr'>irato</span> <span class='ocrx_word' id='word_1_514' title='bbox 696 3465 730 3521; x_wconf 87' lang='lat' dir='ltr'>de</span> <span class='ocrx_word' id='word_1_515' title='bbox 753 3465 849 3535; x_wconf 82' lang='lat' dir='ltr'>tratre,</span> <span class='ocrx_word' id='word_1_516' title='bbox 878 3469 925 3538; x_wconf 81' lang='lat' dir='ltr'>oui</span> <span class='ocrx_word' id='word_1_517' title='bbox 1011 3471 1082 3526; x_wconf 80' lang='lat' dir='ltr'>Para</span> <span class='ocrx_word' id='word_1_518' title='bbox 1105 3468 1195 3534; x_wconf 83' lang='lat' dir='ltr'>tertis,</span> <span class='ocrx_word' id='word_1_519' title='bbox 1219 3467 1247 3523; x_wconf 91' lang='lat' dir='ltr'>in</span> <span class='ocrx_word' id='word_1_520' title='bbox 1272 3480 1327 3537; x_wconf 86' lang='lat' dir='ltr'>qua</span> <span class='ocrx_word' id='word_1_521' title='bbox 1355 3462 1447 3520; x_wconf 90' lang='lat' dir='ltr'>denuo</span> <span class='ocrx_word' id='word_1_522' title='bbox 1460 3462 1642 3519; x_wconf 90' lang='lat' dir='ltr'>admonentur</span> <span class='ocrx_word' id='word_1_523' title='bbox 1668 3477 1767 3519; x_wconf 88' lang='lat' dir='ltr'>omnes</span> 
     </span>
     <span class='ocr_line' id='line_1_37' title="bbox 134 3552 1765 3637; baseline 0.002 -28"><span class='ocrx_word' id='word_1_524' title='bbox 134 3552 266 3624; x_wconf 88' lang='lat' dir='ltr'>perierat,</span> <span class='ocrx_word' id='word_1_525' title='bbox 282 3552 330 3609; x_wconf 86' lang='lat' dir='ltr'>sed</span> <span class='ocrx_word' id='word_1_526' title='bbox 342 3553 485 3619; x_wconf 90' lang='lat' dir='ltr'>intremus,</span> <span class='ocrx_word' id='word_1_527' title='bbox 501 3560 530 3609; x_wconf 90' lang='lat' dir='ltr'>et</span> <span class='ocrx_word' id='word_1_528' title='bbox 543 3553 571 3608; x_wconf 92' lang='lat' dir='ltr'>in</span> <span class='ocrx_word' id='word_1_529' title='bbox 602 3553 647 3610; x_wconf 86' lang='lat' dir='ltr'>ilia</span> <span class='ocrx_word' id='word_1_530' title='bbox 673 3556 834 3627; x_wconf 80' lang='lat' dir='ltr'>symphonia</span> <span class='ocrx_word' id='word_1_531' title='bbox 853 3558 926 3615; x_wconf 88' lang='lat' dir='ltr'>dele-</span> <span class='ocrx_word' id='word_1_532' title='bbox 975 3563 1069 3637; x_wconf 84' lang='lat' dir='ltr'>populi</span> <span class='ocrx_word' id='word_1_533' title='bbox 1080 3560 1223 3634; x_wconf 74' lang='lat' dir='ltr'>gratulari,</span> <span class='ocrx_word' id='word_1_534' title='bbox 1233 3567 1261 3616; x_wconf 92' lang='lat' dir='ltr'>et</span> <span class='ocrx_word' id='word_1_535' title='bbox 1271 3557 1396 3615; x_wconf 76' lang='lat' dir='ltr'>confiteri</span> <span class='ocrx_word' id='word_1_536' title='bbox 1411 3573 1465 3614; x_wconf 89' lang='lat' dir='ltr'>non</span> <span class='ocrx_word' id='word_1_537' title='bbox 1487 3559 1577 3615; x_wconf 93' lang='lat' dir='ltr'>solum</span> <span class='ocrx_word' id='word_1_538' title='bbox 1600 3574 1684 3630; x_wconf 87' lang='lat' dir='ltr'>super</span> <span class='ocrx_word' id='word_1_539' title='bbox 1705 3558 1765 3630; x_wconf 75' lang='lat' dir='ltr'>jam</span> 
     </span>
     <span class='ocr_line' id='line_1_38' title="bbox 134 3643 1767 3722; baseline 0.003 -21"><span class='ocrx_word' id='word_1_540' title='bbox 134 3652 254 3711; x_wconf 67' lang='lat' dir='ltr'>cumnr,</span> <span class='ocrx_word' id='word_1_541' title='bbox 268 3658 351 3715; x_wconf 83' lang='lat' dir='ltr'>quarn</span> <span class='ocrx_word' id='word_1_542' title='bbox 364 3644 475 3714; x_wconf 76' lang='lat' dir='ltr'>grandis</span> <span class='ocrx_word' id='word_1_543' title='bbox 490 3643 535 3700; x_wconf 90' lang='lat' dir='ltr'>ilic</span> <span class='ocrx_word' id='word_1_544' title='bbox 549 3645 651 3702; x_wconf 87' lang='lat' dir='ltr'>clrorus</span> <span class='ocrx_word' id='word_1_545' title='bbox 664 3646 772 3715; x_wconf 88' lang='lat' dir='ltr'>cocinit,</span> <span class='ocrx_word' id='word_1_546' title='bbox 788 3649 834 3719; x_wconf 85' lang='lat' dir='ltr'>qni</span> <span class='ocrx_word' id='word_1_547' title='bbox 850 3659 880 3706; x_wconf 91' lang='lat' dir='ltr'>nt</span> <span class='ocrx_word' id='word_1_548' title='bbox 893 3652 927 3708; x_wconf 91' lang='lat' dir='ltr'>de</span> <span class='ocrx_word' id='word_1_549' title='bbox 977 3654 1059 3710; x_wconf 87' lang='lat' dir='ltr'>dietis</span> <span class='ocrx_word' id='word_1_550' title='bbox 1071 3651 1223 3719; x_wconf 64' lang='lat' dir='ltr'>maniciis,</span> <span class='ocrx_word' id='word_1_551' title='bbox 1238 3647 1429 3707; x_wconf 84' lang='lat' dir='ltr'>verumetiam</span> <span class='ocrx_word' id='word_1_552' title='bbox 1445 3664 1528 3721; x_wconf 87' lang='lat' dir='ltr'>snper</span> <span class='ocrx_word' id='word_1_553' title='bbox 1548 3649 1604 3718; x_wconf 79' lang='lat' dir='ltr'>luis,</span> <span class='ocrx_word' id='word_1_554' title='bbox 1623 3666 1685 3722; x_wconf 72' lang='lat' dir='ltr'>quae</span> <span class='ocrx_word' id='word_1_555' title='bbox 1700 3650 1767 3706; x_wconf 86' lang='lat' dir='ltr'>sub·</span> 
     </span>
     <span class='ocr_line' id='line_1_39' title="bbox 135 3730 1355 3813; baseline 0.006 -23"><span class='ocrx_word' id='word_1_556' title='bbox 135 3736 182 3792; x_wconf 85' lang='lat' dir='ltr'>die</span> <span class='ocrx_word' id='word_1_557' title='bbox 194 3736 223 3791; x_wconf 89' lang='lat' dir='ltr'>in</span> <span class='ocrx_word' id='word_1_558' title='bbox 236 3735 310 3792; x_wconf 86' lang='lat' dir='ltr'>diem</span> <span class='ocrx_word' id='word_1_559' title='bbox 325 3736 456 3806; x_wconf 74' lang='lat' dir='ltr'>grandior</span> <span class='ocrx_word' id='word_1_560' title='bbox 469 3736 559 3794; x_wconf 89' lang='lat' dir='ltr'>iactus</span> <span class='ocrx_word' id='word_1_561' title='bbox 580 3730 776 3808; x_wconf 86' lang='lat' dir='ltr'>multiplicetur</span> <span class='ocrx_word' id='word_1_562' title='bbox 790 3743 817 3796; x_wconf 88' lang='lat' dir='ltr'>in</span> <span class='ocrx_word' id='word_1_563' title='bbox 834 3743 925 3813; x_wconf 66' lang='lat' dir='ltr'>prtem,</span> <span class='ocrx_word' id='word_1_564' title='bbox 977 3754 1141 3811; x_wconf 89' lang='lat' dir='ltr'>nectuntur,</span> <span class='ocrx_word' id='word_1_565' title='bbox 1155 3759 1218 3799; x_wconf 90' lang='lat' dir='ltr'>cum</span> <span class='ocrx_word' id='word_1_566' title='bbox 1233 3742 1355 3800; x_wconf 88' lang='lat' dir='ltr'>dicitur:</span> 
     </span>
     <span class='ocr_line' id='line_1_40' title="bbox 135 3828 1766 3904; baseline 0.002 -20"><span class='ocrx_word' id='word_1_567' title='bbox 135 3828 164 3884; x_wconf 95' lang='lat' dir='ltr'>ld</span> <span class='ocrx_word' id='word_1_568' title='bbox 199 3837 244 3886; x_wconf 86' lang='lat' dir='ltr'>est</span> <span class='ocrx_word' id='word_1_569' title='bbox 285 3829 312 3884; x_wconf 91' lang='lat' dir='ltr'>in</span> <span class='ocrx_word' id='word_1_570' title='bbox 347 3832 633 3901; x_wconf 86' lang='lat' dir='ltr'>consummationem,</span> <span class='ocrx_word' id='word_1_571' title='bbox 662 3848 714 3890; x_wconf 89' lang='lat' dir='ltr'>nos</span> <span class='ocrx_word' id='word_1_572' title='bbox 752 3850 864 3893; x_wconf 84' lang='lat' dir='ltr'>oramus</span> <span class='ocrx_word' id='word_1_573' title='bbox 897 3846 926 3895; x_wconf 89' lang='lat' dir='ltr'>ct</span> <span class='ocrx_word' id='word_1_574' title='bbox 1013 3834 1095 3891; x_wconf 81' lang='lat' dir='ltr'>Vens.</span> <span class='ocrx_word' id='word_1_575' title='bbox 1114 3835 1172 3891; x_wconf 83' lang='lat' dir='ltr'>tiet</span> <span class='ocrx_word' id='word_1_576' title='bbox 1198 3833 1224 3889; x_wconf 81' lang='lat'>7.</span> <span class='ocrx_word' id='word_1_577' title='bbox 1253 3831 1438 3904; x_wconf 79' lang='lat' dir='ltr'>confiteantur</span> <span class='ocrx_word' id='word_1_578' title='bbox 1475 3831 1523 3887; x_wconf 86' lang='lat' dir='ltr'>tibi</span> <span class='ocrx_word' id='word_1_579' title='bbox 1555 3833 1656 3904; x_wconf 70' lang='lat' dir='ltr'>popilii,</span> <span class='ocrx_word' id='word_1_580' title='bbox 1683 3832 1766 3901; x_wconf 79' lang='lat' dir='ltr'>Desa,</span> 
     </span>
     <span class='ocr_line' id='line_1_41' title="bbox 134 3907 1768 3997; baseline 0 -18"><span class='ocrx_word' id='word_1_581' title='bbox 134 3923 279 3982; x_wconf 87' lang='lat' dir='ltr'>dicimus:</span> <span class='ocrx_word' id='word_1_582' title='bbox 976 3927 1152 3997; x_wconf 73' lang='lat' dir='ltr'>confiteantur</span> <span class='ocrx_word' id='word_1_583' title='bbox 1162 3926 1210 3981; x_wconf 83' lang='lat' dir='ltr'>titi</span> <span class='ocrx_word' id='word_1_584' title='bbox 1221 3924 1312 3996; x_wconf 85' lang='lat' dir='ltr'>popuii</span> <span class='ocrx_word' id='word_1_585' title='bbox 1327 3940 1428 3991; x_wconf 84' lang='lat' dir='ltr'>ornnes,</span> <span class='ocrx_word' id='word_1_586' title='bbox 1450 3907 1597 3996; x_wconf 73' lang='lat' dir='ltr'>quinimo</span> <span class='ocrx_word' id='word_1_587' title='bbox 1609 3924 1686 3996; x_wconf 88' lang='lat' dir='ltr'>prius</span> <span class='ocrx_word' id='word_1_588' title='bbox 1707 3940 1768 3980; x_wconf 85' lang='lat' dir='ltr'>ma·</span> 
     </span>
     <span class='ocr_line' id='line_1_42' title="bbox 171 4013 1768 4092; baseline 0.002 -24"><span class='ocrx_word' id='word_1_589' title='bbox 171 4013 257 4071; x_wconf 71' lang='lat' dir='ltr'>inas.</span> <span class='ocrx_word' id='word_1_590' title='bbox 273 4017 300 4072; x_wconf 82' lang='lat' dir='ltr'>l.</span> <span class='ocrx_word' id='word_1_591' title='bbox 314 4016 496 4087; x_wconf 76' lang='lat' dir='ltr'>Corrfitecntur</span> <span class='ocrx_word' id='word_1_592' title='bbox 508 4020 556 4074; x_wconf 84' lang='lat' dir='ltr'>tili</span> <span class='ocrx_word' id='word_1_593' title='bbox 566 4018 669 4091; x_wconf 75' lang='lat' dir='ltr'>papirii,</span> <span class='ocrx_word' id='word_1_594' title='bbox 680 4019 768 4085; x_wconf 74' lang='lat' dir='ltr'>Deus,-</span> <span class='ocrx_word' id='word_1_595' title='bbox 783 4022 926 4092; x_wconf 73' lang='lat' dir='ltr'>confitean-</span> <span class='ocrx_word' id='word_1_596' title='bbox 975 4019 1074 4076; x_wconf 87' lang='lat' dir='ltr'>ledicta</span> <span class='ocrx_word' id='word_1_597' title='bbox 1089 4027 1116 4075; x_wconf 90' lang='lat' dir='ltr'>et</span> <span class='ocrx_word' id='word_1_598' title='bbox 1129 4018 1216 4090; x_wconf 83' lang='lat' dir='ltr'>spinis</span> <span class='ocrx_word' id='word_1_599' title='bbox 1228 4033 1261 4073; x_wconf 87' lang='lat' dir='ltr'>ac</span> <span class='ocrx_word' id='word_1_600' title='bbox 1274 4017 1383 4073; x_wconf 90' lang='lat' dir='ltr'>tribulis</span> <span class='ocrx_word' id='word_1_601' title='bbox 1405 4016 1512 4073; x_wconf 89' lang='lat' dir='ltr'>addicta</span> <span class='ocrx_word' id='word_1_602' title='bbox 1524 4032 1599 4073; x_wconf 89' lang='lat' dir='ltr'>nunc</span> <span class='ocrx_word' id='word_1_603' title='bbox 1616 4017 1688 4072; x_wconf 82' lang='lat' dir='ltr'>dedit</span> <span class='ocrx_word' id='word_1_604' title='bbox 1706 4017 1722 4087; x_wconf 73' lang='lat' dir='ltr'>s</span> <span class='ocrx_word' id='word_1_605' title='bbox 1754 4045 1768 4060; x_wconf 89' lang='lat'><strong>·</strong></span> 
     </span>
     <span class='ocr_line' id='line_1_43' title="bbox 136 4106 1768 4186; baseline -0.001 -22"><span class='ocrx_word' id='word_1_606' title='bbox 136 4118 181 4164; x_wconf 78' lang='lat' dir='ltr'>tur</span> <span class='ocrx_word' id='word_1_607' title='bbox 195 4108 244 4163; x_wconf 85' lang='lat' dir='ltr'>tibi</span> <span class='ocrx_word' id='word_1_608' title='bbox 256 4110 348 4180; x_wconf 86' lang='lat' dir='ltr'>popuii</span> <span class='ocrx_word' id='word_1_609' title='bbox 360 4126 459 4167; x_wconf 82' lang='lat' dir='ltr'>omnes.</span> <span class='ocrx_word' id='word_1_610' title='bbox 476 4109 661 4183; x_wconf 69' lang='lat' dir='ltr'>Confitcantur</span> <span class='ocrx_word' id='word_1_611' title='bbox 675 4114 722 4171; x_wconf 92' lang='lat' dir='ltr'>tibi</span> <span class='ocrx_word' id='word_1_612' title='bbox 743 4115 832 4185; x_wconf 89' lang='lat' dir='ltr'>primo</span> <span class='ocrx_word' id='word_1_613' title='bbox 860 4130 926 4186; x_wconf 87' lang='lat' dir='ltr'>pee-</span> <span class='ocrx_word' id='word_1_614' title='bbox 976 4119 1047 4166; x_wconf 86' lang='lat' dir='ltr'>ctum</span> <span class='ocrx_word' id='word_1_615' title='bbox 1057 4124 1146 4175; x_wconf 81' lang='lat' dir='ltr'>suom,</span> <span class='ocrx_word' id='word_1_616' title='bbox 1156 4122 1219 4164; x_wconf 90' lang='lat' dir='ltr'>cum</span> <span class='ocrx_word' id='word_1_617' title='bbox 1237 4106 1359 4178; x_wconf 77' lang='lat' dir='ltr'>uirginea</span> <span class='ocrx_word' id='word_1_618' title='bbox 1374 4116 1444 4161; x_wconf 83' lang='lat' dir='ltr'>terra</span> <span class='ocrx_word' id='word_1_619' title='bbox 1456 4107 1558 4176; x_wconf 85' lang='lat' dir='ltr'>Spiritu</span> <span class='ocrx_word' id='word_1_620' title='bbox 1567 4116 1661 4164; x_wconf 84' lang='lat' dir='ltr'>sancto</span> <span class='ocrx_word' id='word_1_621' title='bbox 1673 4106 1768 4163; x_wconf 82' lang='lat' dir='ltr'>secun·</span> 
     </span>
     <span class='ocr_line' id='line_1_44' title="bbox 135 4196 1767 4276; baseline -0.001 -21"><span class='ocrx_word' id='word_1_622' title='bbox 135 4209 197 4255; x_wconf 85' lang='lat' dir='ltr'>eata</span> <span class='ocrx_word' id='word_1_623' title='bbox 213 4199 384 4256; x_wconf 85' lang='lat' dir='ltr'>suadicente</span> <span class='ocrx_word' id='word_1_624' title='bbox 404 4216 593 4274; x_wconf 83' lang='lat' dir='ltr'>unoquoque:</span> <span class='ocrx_word' id='word_1_625' title='bbox 617 4222 628 4254; x_wconf 86' lang='grc' dir='ltr'>ι</span> <span class='ocrx_word' id='word_1_626' title='bbox 651 4203 741 4272; x_wconf 85' lang='lat' dir='ltr'>Pater,</span> <span class='ocrx_word' id='word_1_627' title='bbox 767 4206 876 4276; x_wconf 84' lang='lat' dir='ltr'>peccavi</span> <span class='ocrx_word' id='word_1_628' title='bbox 897 4206 925 4262; x_wconf 89' lang='lat' dir='ltr'>in</span> <span class='ocrx_word' id='word_1_629' title='bbox 976 4199 1051 4265; x_wconf 62' lang='lat' dir='ltr'>daia.</span> <span class='ocrx_word' id='word_1_630' title='bbox 1077 4205 1105 4253; x_wconf 77' lang='grc'>11</span> <span class='ocrx_word' id='word_1_631' title='bbox 1131 4211 1147 4251; x_wconf 77' lang='grc'>1</span> <span class='ocrx_word' id='word_1_632' title='bbox 1170 4196 1362 4254; x_wconf 63' lang='lat' dir='ltr'>maledictione</span> <span class='ocrx_word' id='word_1_633' title='bbox 1385 4197 1500 4252; x_wconf 77' lang='lat' dir='ltr'>omnino</span> <span class='ocrx_word' id='word_1_634' title='bbox 1524 4207 1666 4270; x_wconf 70' lang='lat' dir='ltr'>segregata</span> <span class='ocrx_word' id='word_1_635' title='bbox 1695 4196 1767 4252; x_wconf 80' lang='lat' dir='ltr'>dedit</span> 
     </span>
     <span class='ocr_line' id='line_1_45' title="bbox 135 4286 1768 4366; baseline -0.002 -20"><span class='ocrx_word' id='word_1_636' title='bbox 135 4291 381 4347; x_wconf 82' lang='lat' dir='ltr'>eoelumetcoram</span> <span class='ocrx_word' id='word_1_637' title='bbox 394 4300 420 4349; x_wconf 91' lang='lat' dir='ltr'>te</span> <span class='ocrx_word' id='word_1_638' title='bbox 433 4292 510 4364; x_wconf 85' lang='lat' dir='ltr'>(Luc.</span> <span class='ocrx_word' id='word_1_639' title='bbox 533 4310 579 4362; x_wconf 84' lang='lat' dir='ltr'>xv,</span> <span class='ocrx_word' id='word_1_640' title='bbox 592 4294 649 4366; x_wconf 76' lang='lat' dir='ltr'>tt).</span> <span class='ocrx_word' id='word_1_641' title='bbox 671 4295 798 4353; x_wconf 85' lang='lat' dir='ltr'>riieinde</span> <span class='ocrx_word' id='word_1_642' title='bbox 812 4298 925 4355; x_wconf 75' lang='lat' dir='ltr'>nectara</span> <span class='ocrx_word' id='word_1_643' title='bbox 979 4292 1096 4363; x_wconf 74' lang='lat' dir='ltr'>[metum</span> <span class='ocrx_word' id='word_1_644' title='bbox 1117 4303 1214 4352; x_wconf 82' lang='lat' dir='ltr'>attunt,</span> <span class='ocrx_word' id='word_1_645' title='bbox 1235 4287 1352 4357; x_wconf 74' lang='lat' dir='ltr'>fructum</span> <span class='ocrx_word' id='word_1_646' title='bbox 1375 4286 1560 4354; x_wconf 90' lang='lat' dir='ltr'>benedictum,</span> <span class='ocrx_word' id='word_1_647' title='bbox 1587 4287 1621 4343; x_wconf 89' lang='lat' dir='ltr'>dc</span> <span class='ocrx_word' id='word_1_648' title='bbox 1649 4302 1705 4358; x_wconf 87' lang='lat' dir='ltr'>quo</span> <span class='ocrx_word' id='word_1_649' title='bbox 1729 4288 1768 4344; x_wconf 89' lang='lat' dir='ltr'>iili</span> 
     </span>
     <span class='ocr_line' id='line_1_46' title="bbox 136 4366 1764 4457; baseline -0.001 -19"><span class='ocrx_word' id='word_1_650' title='bbox 136 4383 185 4439; x_wconf 85' lang='lat' dir='ltr'>ilat</span> <span class='ocrx_word' id='word_1_651' title='bbox 199 4385 374 4456; x_wconf 76' lang='lat' dir='ltr'>symphonia,</span> <span class='ocrx_word' id='word_1_652' title='bbox 388 4388 564 4457; x_wconf 71' lang='lat' dir='ltr'>confiteantur</span> <span class='ocrx_word' id='word_1_653' title='bbox 574 4389 622 4445; x_wconf 75' lang='lat' dir='ltr'>titt</span> <span class='ocrx_word' id='word_1_654' title='bbox 637 4390 771 4457; x_wconf 59' lang='lat' dir='ltr'>anienis,</span> <span class='ocrx_word' id='word_1_655' title='bbox 785 4392 841 4449; x_wconf 70' lang='lat' dir='ltr'>imo</span> <span class='ocrx_word' id='word_1_656' title='bbox 860 4408 927 4451; x_wconf 90' lang='lat' dir='ltr'>eon·</span> <span class='ocrx_word' id='word_1_657' title='bbox 942 4366 1139 4439; x_wconf 68' lang='lat' dir='ltr'>”dictumest</span> <span class='ocrx_word' id='word_1_658' title='bbox 1154 4399 1161 4433; x_wconf 95' lang='lat'><strong>:</strong></span> <span class='ocrx_word' id='word_1_659' title='bbox 1181 4398 1190 4431; x_wconf 90' lang='grc' dir='ltr'>ι</span> <span class='ocrx_word' id='word_1_660' title='bbox 1207 4376 1352 4435; x_wconf 86' lang='lat' dir='ltr'>Benedicta</span> <span class='ocrx_word' id='word_1_661' title='bbox 1368 4387 1396 4435; x_wconf 90' lang='lat' dir='ltr'>to</span> <span class='ocrx_word' id='word_1_662' title='bbox 1409 4379 1437 4434; x_wconf 91' lang='lat' dir='ltr'>in</span> <span class='ocrx_word' id='word_1_663' title='bbox 1449 4377 1622 4442; x_wconf 86' lang='lat' dir='ltr'>mulieribus,</span> <span class='ocrx_word' id='word_1_664' title='bbox 1637 4387 1665 4436; x_wconf 86' lang='lat' dir='ltr'>et</span> <span class='ocrx_word' id='word_1_665' title='bbox 1686 4380 1764 4436; x_wconf 90' lang='lat' dir='ltr'>bene·</span> 
     </span>
     <span class='ocr_line' id='line_1_47' title="bbox 136 4468 1769 4552; baseline 0.001 -26"><span class='ocrx_word' id='word_1_666' title='bbox 136 4476 224 4531; x_wconf 74' lang='lat' dir='ltr'>dunis</span> <span class='ocrx_word' id='word_1_667' title='bbox 236 4475 375 4540; x_wconf 73' lang='lat' dir='ltr'>madibus,</span> <span class='ocrx_word' id='word_1_668' title='bbox 387 4478 519 4548; x_wconf 70' lang='lat' dir='ltr'>quomam</span> <span class='ocrx_word' id='word_1_669' title='bbox 538 4479 637 4544; x_wconf 73' lang='lat' dir='ltr'>bonus,</span> <span class='ocrx_word' id='word_1_670' title='bbox 652 4482 782 4552; x_wconf 58' lang='lat' dir='ltr'>qnoniam</span> <span class='ocrx_word' id='word_1_671' title='bbox 798 4483 826 4538; x_wconf 72' lang='lat' dir='ltr'>in</span> <span class='ocrx_word' id='word_1_672' title='bbox 846 4492 926 4540; x_wconf 55' lang='lat' dir='ltr'>genef.</span> <span class='ocrx_word' id='word_1_673' title='bbox 977 4473 1067 4531; x_wconf 90' lang='lat' dir='ltr'>dictus</span> <span class='ocrx_word' id='word_1_674' title='bbox 1078 4471 1182 4527; x_wconf 90' lang='lat' dir='ltr'>iructus</span> <span class='ocrx_word' id='word_1_675' title='bbox 1197 4469 1298 4525; x_wconf 82' lang='lat' dir='ltr'>uentris</span> <span class='ocrx_word' id='word_1_676' title='bbox 1310 4469 1349 4525; x_wconf 91' lang='lat' dir='ltr'>tui</span> <span class='ocrx_word' id='word_1_677' title='bbox 1360 4468 1437 4540; x_wconf 64' lang='lat' dir='ltr'>(doc,</span> <span class='ocrx_word' id='word_1_678' title='bbox 1452 4486 1471 4537; x_wconf 88' lang='grc' dir='ltr'>ι,</span> <span class='ocrx_word' id='word_1_679' title='bbox 1481 4470 1554 4539; x_wconf 71' lang='lat' dir='ltr'>iil.»</span> <span class='ocrx_word' id='word_1_680' title='bbox 1574 4470 1694 4526; x_wconf 78' lang='lat' dir='ltr'>Fructus</span> <span class='ocrx_word' id='word_1_681' title='bbox 1717 4471 1769 4527; x_wconf 86' lang='lat' dir='ltr'>iste</span> 
     </span>
     <span class='ocr_line' id='line_1_48' title="bbox 137 4561 1769 4646; baseline -0.009 -16"><span class='ocrx_word' id='word_1_682' title='bbox 137 4583 205 4623; x_wconf 87' lang='grc'>1111111</span> <span class='ocrx_word' id='word_1_683' title='bbox 224 4568 414 4625; x_wconf 72' lang='lat' dir='ltr'>misericordia</span> <span class='ocrx_word' id='word_1_684' title='bbox 438 4579 495 4626; x_wconf 83' lang='lat' dir='ltr'>tua·</span> <span class='ocrx_word' id='word_1_685' title='bbox 509 4569 583 4627; x_wconf 83' lang='lat' dir='ltr'>Ordo</span> <span class='ocrx_word' id='word_1_686' title='bbox 605 4573 704 4641; x_wconf 87' lang='lat' dir='ltr'>bonus,</span> <span class='ocrx_word' id='word_1_687' title='bbox 721 4574 788 4646; x_wconf 85' lang='lat' dir='ltr'>quia</span> <span class='ocrx_word' id='word_1_688' title='bbox 813 4594 824 4626; x_wconf 91' lang='grc' dir='ltr'>ι</span> <span class='ocrx_word' id='word_1_689' title='bbox 852 4575 925 4632; x_wconf 80' lang='lat' dir='ltr'>enim</span> <span class='ocrx_word' id='word_1_690' title='bbox 979 4563 1143 4621; x_wconf 86' lang='lat' dir='ltr'>betredictns</span> <span class='ocrx_word' id='word_1_691' title='bbox 1168 4561 1286 4617; x_wconf 78' lang='lat' dir='ltr'>dbralrae</span> <span class='ocrx_word' id='word_1_692' title='bbox 1302 4562 1458 4631; x_wconf 86' lang='lat' dir='ltr'>promissos</span> <span class='ocrx_word' id='word_1_693' title='bbox 1472 4562 1687 4618; x_wconf 88' lang='lat' dir='ltr'>nuncomnibus</span> <span class='ocrx_word' id='word_1_694' title='bbox 1703 4578 1769 4633; x_wconf 72' lang='lat' dir='ltr'>gerr-</span> 
     </span>
     <span class='ocr_line' id='line_1_49' title="bbox 137 4655 1769 4731; baseline -0.001 -19"><span class='ocrx_word' id='word_1_695' title='bbox 137 4658 222 4714; x_wconf 89' lang='lat' dir='ltr'>corde</span> <span class='ocrx_word' id='word_1_696' title='bbox 235 4659 360 4716; x_wconf 85' lang='lat' dir='ltr'>creditur</span> <span class='ocrx_word' id='word_1_697' title='bbox 372 4660 406 4715; x_wconf 83' lang='lat' dir='ltr'>ad</span> <span class='ocrx_word' id='word_1_698' title='bbox 420 4660 570 4731; x_wconf 79' lang='lat' dir='ltr'>justitiam,</span> <span class='ocrx_word' id='word_1_699' title='bbox 595 4662 695 4720; x_wconf 75' lang='lat' dir='ltr'>deinde</span> <span class='ocrx_word' id='word_1_700' title='bbox 718 4679 767 4720; x_wconf 71' lang='lat' dir='ltr'>orn</span> <span class='ocrx_word' id='word_1_701' title='bbox 791 4663 928 4721; x_wconf 64' lang='lat' dir='ltr'>contemto</span> <span class='ocrx_word' id='word_1_702' title='bbox 979 4656 1105 4712; x_wconf 85' lang='lat' dir='ltr'>tibuscst</span> <span class='ocrx_word' id='word_1_703' title='bbox 1116 4656 1219 4714; x_wconf 87' lang='lat' dir='ltr'>missus</span> <span class='ocrx_word' id='word_1_704' title='bbox 1233 4665 1261 4713; x_wconf 87' lang='lat' dir='ltr'>et</span> <span class='ocrx_word' id='word_1_705' title='bbox 1278 4657 1370 4720; x_wconf 89' lang='lat' dir='ltr'>datus,</span> <span class='ocrx_word' id='word_1_706' title='bbox 1393 4663 1424 4711; x_wconf 91' lang='lat' dir='ltr'>ut</span> <span class='ocrx_word' id='word_1_707' title='bbox 1444 4655 1572 4711; x_wconf 72' lang='lat' dir='ltr'>videlieet</span> <span class='ocrx_word' id='word_1_708' title='bbox 1584 4657 1612 4711; x_wconf 90' lang='lat' dir='ltr'>io</span> <span class='ocrx_word' id='word_1_709' title='bbox 1628 4657 1675 4713; x_wconf 92' lang='lat' dir='ltr'>illc</span> <span class='ocrx_word' id='word_1_710' title='bbox 1687 4659 1769 4713; x_wconf 86' lang='lat' dir='ltr'>betre-</span> 
     </span>
     <span class='ocr_line' id='line_1_50' title="bbox 140 4746 1768 4826; baseline 0 -22"><span class='ocrx_word' id='word_1_711' title='bbox 140 4748 171 4805; x_wconf 76' lang='grc' dir='ltr'>ιι</span> <span class='ocrx_word' id='word_1_712' title='bbox 185 4748 220 4805; x_wconf 88' lang='lat' dir='ltr'>ad</span> <span class='ocrx_word' id='word_1_713' title='bbox 235 4752 352 4807; x_wconf 88' lang='lat' dir='ltr'>salntem</span> <span class='ocrx_word' id='word_1_714' title='bbox 366 4750 455 4822; x_wconf 86' lang='lat' dir='ltr'>(ilem.</span> <span class='ocrx_word' id='word_1_715' title='bbox 472 4768 500 4817; x_wconf 83' lang='lat' dir='ltr'>x,</span> <span class='ocrx_word' id='word_1_716' title='bbox 513 4752 577 4826; x_wconf 76' lang='lat' dir='ltr'>lb),</span> <span class='ocrx_word' id='word_1_717' title='bbox 593 4772 603 4806; x_wconf 87' lang='grc' dir='ltr'>ι</span> <span class='ocrx_word' id='word_1_718' title='bbox 625 4769 676 4811; x_wconf 89' lang='lat' dir='ltr'>nos</span> <span class='ocrx_word' id='word_1_719' title='bbox 689 4755 771 4812; x_wconf 89' lang='lat' dir='ltr'>corde</span> <span class='ocrx_word' id='word_1_720' title='bbox 793 4755 928 4811; x_wconf 89' lang='lat' dir='ltr'>credendo</span> <span class='ocrx_word' id='word_1_721' title='bbox 981 4749 1056 4804; x_wconf 89' lang='lat' dir='ltr'>dicto</span> <span class='ocrx_word' id='word_1_722' title='bbox 1073 4746 1164 4804; x_wconf 79' lang='lat' dir='ltr'>fructu</span> <span class='ocrx_word' id='word_1_723' title='bbox 1178 4747 1329 4803; x_wconf 76' lang='lat' dir='ltr'>benedictae</span> <span class='ocrx_word' id='word_1_724' title='bbox 1348 4755 1429 4802; x_wconf 72' lang='lat' dir='ltr'>terrae</span> <span class='ocrx_word' id='word_1_725' title='bbox 1451 4746 1651 4802; x_wconf 87' lang='lat' dir='ltr'>benedicantur</span> <span class='ocrx_word' id='word_1_726' title='bbox 1672 4763 1768 4804; x_wconf 78' lang='lat' dir='ltr'>ornares</span> 
     </span>
     <span class='ocr_line' id='line_1_51' title="bbox 140 4836 1766 4919; baseline 0.004 -23"><span class='ocrx_word' id='word_1_727' title='bbox 140 4849 172 4896; x_wconf 88' lang='lat' dir='ltr'>ut</span> <span class='ocrx_word' id='word_1_728' title='bbox 192 4841 221 4896; x_wconf 90' lang='lat' dir='ltr'>in</span> <span class='ocrx_word' id='word_1_729' title='bbox 239 4842 325 4912; x_wconf 90' lang='lat' dir='ltr'>priori</span> <span class='ocrx_word' id='word_1_730' title='bbox 339 4851 416 4913; x_wconf 90' lang='lat' dir='ltr'>parte</span> <span class='ocrx_word' id='word_1_731' title='bbox 427 4841 529 4899; x_wconf 85' lang='lat' dir='ltr'>Psalmi</span> <span class='ocrx_word' id='word_1_732' title='bbox 552 4845 636 4917; x_wconf 75' lang='lat' dir='ltr'>liujus</span> <span class='ocrx_word' id='word_1_733' title='bbox 655 4848 794 4919; x_wconf 86' lang='lat' dir='ltr'>prosecuti</span> <span class='ocrx_word' id='word_1_734' title='bbox 810 4862 926 4914; x_wconf 89' lang='lat' dir='ltr'>sumas,</span> <span class='ocrx_word' id='word_1_735' title='bbox 978 4841 1168 4905; x_wconf 68' lang='grc'>11111118111111,</span> <span class='ocrx_word' id='word_1_736' title='bbox 1185 4836 1766 4911; x_wconf 57' lang='grc'>(1111111111111111111111111111111111111111,</span> 
     </span>
     <span class='ocr_line' id='line_1_52' title="bbox 139 4929 1768 5006; baseline 0.003 -18"><span class='ocrx_word' id='word_1_737' title='bbox 139 4934 430 5006; x_wconf 75' lang='grc' dir='ltr'>ρήιιιοιοριιριειιιιιιι</span> <span class='ocrx_word' id='word_1_738' title='bbox 444 4936 473 4990; x_wconf 83' lang='lat' dir='ltr'>in</span> <span class='ocrx_word' id='word_1_739' title='bbox 490 4944 562 4992; x_wconf 81' lang='lat' dir='ltr'>terro</span> <span class='ocrx_word' id='word_1_740' title='bbox 575 4938 646 4993; x_wconf 81' lang='lat' dir='ltr'>ciera</span> <span class='ocrx_word' id='word_1_741' title='bbox 669 4940 794 5004; x_wconf 64' lang='lat' dir='ltr'>taurania</span> <span class='ocrx_word' id='word_1_742' title='bbox 807 4938 928 4994; x_wconf 80' lang='lat' dir='ltr'>omnibus</span> <span class='ocrx_word' id='word_1_743' title='bbox 979 4931 1040 4987; x_wconf 73' lang='grc'>11111</span> <span class='ocrx_word' id='word_1_744' title='bbox 1063 4931 1244 4996; x_wconf 86' lang='lat' dir='ltr'>tricesimum,</span> <span class='ocrx_word' id='word_1_745' title='bbox 1258 4929 1319 4985; x_wconf 66' lang='lat' dir='ltr'>³¹5ae</span> <span class='ocrx_word' id='word_1_746' title='bbox 1330 4930 1543 5002; x_wconf 59' lang='lat' dir='ltr'>Singfflimum·</span> <span class='ocrx_word' id='word_1_747' title='bbox 1568 4931 1629 4985; x_wconf 70' lang='grc'>11111</span> <span class='ocrx_word' id='word_1_748' title='bbox 1650 4930 1768 4986; x_wconf 68' lang='lat' dir='ltr'>centesi-</span> 
     </span>
     <span class='ocr_line' id='line_1_53' title="bbox 139 5021 1768 5094; baseline -0.002 -16"><span class='ocrx_word' id='word_1_749' title='bbox 139 5023 260 5094; x_wconf 73' lang='lat' dir='ltr'>pentibus</span> <span class='ocrx_word' id='word_1_750' title='bbox 270 5023 389 5081; x_wconf 80' lang='lat' dir='ltr'>salutare</span> <span class='ocrx_word' id='word_1_751' title='bbox 403 5034 486 5083; x_wconf 84' lang='lat' dir='ltr'>tuum.</span> <span class='ocrx_word' id='word_1_752' title='bbox 504 5025 617 5093; x_wconf 82' lang='lat' dir='ltr'>Deinde,</span> <span class='ocrx_word' id='word_1_753' title='bbox 636 5037 666 5083; x_wconf 94' lang='grc' dir='ltr'>ιιι</span> <span class='ocrx_word' id='word_1_754' title='bbox 694 5027 721 5083; x_wconf 92' lang='lat' dir='ltr'>in</span> <span class='ocrx_word' id='word_1_755' title='bbox 736 5027 788 5084; x_wconf 88' lang='lat' dir='ltr'>irae</span> <span class='ocrx_word' id='word_1_756' title='bbox 808 5027 929 5084; x_wconf 88' lang='lat' dir='ltr'>secunda</span> <span class='ocrx_word' id='word_1_757' title='bbox 979 5041 1056 5082; x_wconf 88' lang='lat' dir='ltr'>mum</span> <span class='ocrx_word' id='word_1_758' title='bbox 1072 5023 1225 5080; x_wconf 88' lang='lat' dir='ltr'>secondum</span> <span class='ocrx_word' id='word_1_759' title='bbox 1242 5021 1466 5081; x_wconf 85' lang='lat' dir='ltr'>distributionem</span> <span class='ocrx_word' id='word_1_760' title='bbox 1481 5025 1620 5081; x_wconf 88' lang='lat' dir='ltr'>donorum</span> <span class='ocrx_word' id='word_1_761' title='bbox 1643 5022 1696 5078; x_wconf 91' lang='lat' dir='ltr'>sibi</span> <span class='ocrx_word' id='word_1_762' title='bbox 1711 5022 1768 5077; x_wconf 90' lang='lat' dir='ltr'>eol·</span> 
     </span>
     <span class='ocr_line' id='line_1_54' title="bbox 141 5113 1768 5191; baseline -0.004 -20"><span class='ocrx_word' id='word_1_763' title='bbox 141 5126 217 5185; x_wconf 82' lang='lat' dir='ltr'>parte</span> <span class='ocrx_word' id='word_1_764' title='bbox 231 5115 423 5186; x_wconf 76' lang='lat' dir='ltr'>informamur,</span> <span class='ocrx_word' id='word_1_765' title='bbox 437 5120 613 5189; x_wconf 77' lang='lat' dir='ltr'>confiteantur</span> <span class='ocrx_word' id='word_1_766' title='bbox 624 5119 673 5176; x_wconf 83' lang='lat' dir='ltr'>tiit¹</span> <span class='ocrx_word' id='word_1_767' title='bbox 687 5120 788 5191; x_wconf 85' lang='lat' dir='ltr'>popuii,</span> <span class='ocrx_word' id='word_1_768' title='bbox 808 5120 889 5182; x_wconf 80' lang='lat' dir='ltr'>Deos,</span> <span class='ocrx_word' id='word_1_769' title='bbox 901 5130 929 5176; x_wconf 89' lang='lat' dir='ltr'>et</span> <span class='ocrx_word' id='word_1_770' title='bbox 979 5116 1110 5171; x_wconf 85' lang='lat' dir='ltr'>latorum.</span> <span class='ocrx_word' id='word_1_771' title='bbox 1124 5114 1170 5173; x_wconf 84' lang='lat' dir='ltr'>Sic</span> <span class='ocrx_word' id='word_1_772' title='bbox 1177 5114 1234 5183; x_wconf 76' lang='lat' dir='ltr'>tet,</span> <span class='ocrx_word' id='word_1_773' title='bbox 1247 5122 1278 5171; x_wconf 91' lang='lat' dir='ltr'>ut</span> <span class='ocrx_word' id='word_1_774' title='bbox 1287 5126 1314 5171; x_wconf 91' lang='lat' dir='ltr'>et</span> <span class='ocrx_word' id='word_1_775' title='bbox 1326 5125 1396 5172; x_wconf 81' lang='lat' dir='ltr'>terra</span> <span class='ocrx_word' id='word_1_776' title='bbox 1409 5115 1460 5173; x_wconf 89' lang='lat' dir='ltr'>ista</span> <span class='ocrx_word' id='word_1_777' title='bbox 1477 5113 1647 5171; x_wconf 86' lang='lat' dir='ltr'>insensibilis</span> <span class='ocrx_word' id='word_1_778' title='bbox 1656 5123 1768 5183; x_wconf 89' lang='lat' dir='ltr'>propter</span> 
     </span>
     <span class='ocr_line' id='line_1_55' title="bbox 141 5203 1767 5278; baseline -0.004 -12"><span class='ocrx_word' id='word_1_779' title='bbox 141 5217 251 5276; x_wconf 80' lang='lat' dir='ltr'>peecata</span> <span class='ocrx_word' id='word_1_780' title='bbox 265 5225 317 5267; x_wconf 90' lang='lat' dir='ltr'>sua</span> <span class='ocrx_word' id='word_1_781' title='bbox 330 5211 477 5269; x_wconf 87' lang='lat' dir='ltr'>etlaudcm</span> <span class='ocrx_word' id='word_1_782' title='bbox 493 5223 579 5269; x_wconf 79' lang='lat' dir='ltr'>tuam</span> <span class='ocrx_word' id='word_1_783' title='bbox 595 5210 652 5268; x_wconf 88' lang='lat' dir='ltr'>Nec</span> <span class='ocrx_word' id='word_1_784' title='bbox 662 5212 715 5269; x_wconf 87' lang='lat' dir='ltr'>lroc</span> <span class='ocrx_word' id='word_1_785' title='bbox 727 5221 833 5268; x_wconf 87' lang='lat' dir='ltr'>tantum</span> <span class='ocrx_word' id='word_1_786' title='bbox 847 5211 929 5269; x_wconf 85' lang='lat' dir='ltr'>iaciat</span> <span class='ocrx_word' id='word_1_787' title='bbox 980 5215 1090 5277; x_wconf 87' lang='lat' dir='ltr'>peccata</span> <span class='ocrx_word' id='word_1_788' title='bbox 1102 5206 1245 5262; x_wconf 89' lang='lat' dir='ltr'>hominum</span> <span class='ocrx_word' id='word_1_789' title='bbox 1257 5206 1335 5278; x_wconf 90' lang='lat' dir='ltr'>prius</span> <span class='ocrx_word' id='word_1_790' title='bbox 1348 5206 1493 5262; x_wconf 89' lang='lat' dir='ltr'>maledicta</span> <span class='ocrx_word' id='word_1_791' title='bbox 1518 5214 1545 5260; x_wconf 92' lang='lat' dir='ltr'>et</span> <span class='ocrx_word' id='word_1_792' title='bbox 1559 5203 1662 5260; x_wconf 86' lang='lat' dir='ltr'>sterilis</span> <span class='ocrx_word' id='word_1_793' title='bbox 1673 5203 1767 5260; x_wconf 86' lang='lat' dir='ltr'>ciicctn</span> 
     </span>
     <span class='ocr_line' id='line_1_56' title="bbox 143 5296 1768 5376; baseline -0.004 -22"><span class='ocrx_word' id='word_1_794' title='bbox 143 5299 319 5360; x_wconf 85' lang='lat' dir='ltr'>uniusterrac</span> <span class='ocrx_word' id='word_1_795' title='bbox 333 5304 463 5375; x_wconf 90' lang='lat' dir='ltr'>populns,</span> <span class='ocrx_word' id='word_1_796' title='bbox 477 5303 525 5361; x_wconf 86' lang='lat' dir='ltr'>scd</span> <span class='ocrx_word' id='word_1_797' title='bbox 542 5318 638 5360; x_wconf 87' lang='lat' dir='ltr'>ornnes</span> <span class='ocrx_word' id='word_1_798' title='bbox 648 5304 740 5376; x_wconf 80' lang='lat' dir='ltr'>popuii</span> <span class='ocrx_word' id='word_1_799' title='bbox 752 5306 929 5376; x_wconf 72' lang='lat' dir='ltr'>corrfiteaotur</span> <span class='ocrx_word' id='word_1_800' title='bbox 980 5297 1171 5356; x_wconf 86' lang='lat' dir='ltr'>benedictione</span> <span class='ocrx_word' id='word_1_801' title='bbox 1194 5296 1303 5354; x_wconf 82' lang='lat' dir='ltr'>Domini</span> <span class='ocrx_word' id='word_1_802' title='bbox 1333 5312 1459 5367; x_wconf 87' lang='lat' dir='ltr'>respersa</span> <span class='ocrx_word' id='word_1_803' title='bbox 1482 5296 1526 5350; x_wconf 87' lang='lat' dir='ltr'>det</span> <span class='ocrx_word' id='word_1_804' title='bbox 1552 5296 1669 5365; x_wconf 75' lang='lat' dir='ltr'>{ructuat</span> <span class='ocrx_word' id='word_1_805' title='bbox 1689 5311 1768 5349; x_wconf 77' lang='lat' dir='ltr'>suum</span> 
     </span>
     <span class='ocr_line' id='line_1_57' title="bbox 143 5385 1767 5463; baseline -0.002 -18"><span class='ocrx_word' id='word_1_806' title='bbox 143 5389 202 5456; x_wconf 77' lang='lat' dir='ltr'>tibi,</span> <span class='ocrx_word' id='word_1_807' title='bbox 216 5393 294 5450; x_wconf 86' lang='lat' dir='ltr'>ntsit</span> <span class='ocrx_word' id='word_1_808' title='bbox 309 5392 433 5451; x_wconf 79' lang='lat' dir='ltr'>Ecclesia</span> <span class='ocrx_word' id='word_1_809' title='bbox 449 5411 505 5450; x_wconf 75' lang='lat' dir='ltr'>narn</span> <span class='ocrx_word' id='word_1_810' title='bbox 532 5394 559 5449; x_wconf 91' lang='lat' dir='ltr'>in</span> <span class='ocrx_word' id='word_1_811' title='bbox 579 5392 673 5450; x_wconf 76' lang='lat' dir='ltr'>iudaea</span> <span class='ocrx_word' id='word_1_812' title='bbox 696 5402 814 5463; x_wconf 87' lang='lat' dir='ltr'>tantum,</span> <span class='ocrx_word' id='word_1_813' title='bbox 840 5395 883 5451; x_wconf 79' lang='lat' dir='ltr'>rel</span> <span class='ocrx_word' id='word_1_814' title='bbox 901 5395 928 5451; x_wconf 92' lang='lat' dir='ltr'>in</span> <span class='ocrx_word' id='word_1_815' title='bbox 980 5392 1049 5447; x_wconf 84' lang='lat' dir='ltr'>alias</span> <span class='ocrx_word' id='word_1_816' title='bbox 1073 5390 1221 5456; x_wconf 82' lang='lat' dir='ltr'>frumento,</span> <span class='ocrx_word' id='word_1_817' title='bbox 1247 5389 1406 5453; x_wconf 67' lang='lat' dir='ltr'>alimales,</span> <span class='ocrx_word' id='word_1_818' title='bbox 1428 5387 1497 5443; x_wconf 85' lang='lat' dir='ltr'>alias</span> <span class='ocrx_word' id='word_1_819' title='bbox 1517 5387 1581 5441; x_wconf 83' lang='lat' dir='ltr'>rino</span> <span class='ocrx_word' id='word_1_820' title='bbox 1602 5385 1767 5454; x_wconf 85' lang='lat' dir='ltr'>abundans,</span> 
     </span>
     <span class='ocr_line' id='line_1_58' title="bbox 142 5476 1768 5556; baseline -0.001 -22"><span class='ocrx_word' id='word_1_821' title='bbox 142 5481 198 5538; x_wconf 82' lang='lat' dir='ltr'>alio</span> <span class='ocrx_word' id='word_1_822' title='bbox 222 5484 317 5556; x_wconf 82' lang='lat' dir='ltr'>aliquo</span> <span class='ocrx_word' id='word_1_823' title='bbox 343 5484 445 5555; x_wconf 77' lang='lat' dir='ltr'>arrgnlo</span> <span class='ocrx_word' id='word_1_824' title='bbox 465 5494 545 5540; x_wconf 78' lang='lat' dir='ltr'>terrae</span> <span class='ocrx_word' id='word_1_825' title='bbox 565 5484 649 5540; x_wconf 90' lang='lat' dir='ltr'>nnius</span> <span class='ocrx_word' id='word_1_826' title='bbox 677 5484 719 5540; x_wconf 80' lang='lat' dir='ltr'>vel</span> <span class='ocrx_word' id='word_1_827' title='bbox 745 5484 774 5541; x_wconf 90' lang='lat' dir='ltr'>in</span> <span class='ocrx_word' id='word_1_828' title='bbox 807 5485 928 5543; x_wconf 85' lang='lat' dir='ltr'>scissura</span> <span class='ocrx_word' id='word_1_829' title='bbox 981 5492 1061 5555; x_wconf 78' lang='grc' dir='ltr'>ριοιιι</span> <span class='ocrx_word' id='word_1_830' title='bbox 1074 5482 1099 5541; x_wconf 89' lang='lat' dir='ltr'>ei</span> <span class='ocrx_word' id='word_1_831' title='bbox 1119 5482 1294 5538; x_wconf 89' lang='lat' dir='ltr'>distributum</span> <span class='ocrx_word' id='word_1_832' title='bbox 1309 5486 1351 5536; x_wconf 91' lang='lat' dir='ltr'>cst</span> <span class='ocrx_word' id='word_1_833' title='bbox 1364 5494 1380 5534; x_wconf 89' lang='lat' dir='ltr'>a</span> <span class='ocrx_word' id='word_1_834' title='bbox 1394 5477 1461 5544; x_wconf 84' lang='lat' dir='ltr'>lico,</span> <span class='ocrx_word' id='word_1_835' title='bbox 1475 5477 1523 5547; x_wconf 80' lang='lat' dir='ltr'>qui</span> <span class='ocrx_word' id='word_1_836' title='bbox 1538 5476 1609 5533; x_wconf 87' lang='lat' dir='ltr'>sicut</span> <span class='ocrx_word' id='word_1_837' title='bbox 1633 5477 1661 5533; x_wconf 90' lang='lat' dir='ltr'>in</span> <span class='ocrx_word' id='word_1_838' title='bbox 1677 5478 1768 5534; x_wconf 58' lang='lat' dir='ltr'>luctui*</span> 
     </span>
     <span class='ocr_line' id='line_1_59' title="bbox 141 5570 1767 5647; baseline -0.002 -17"><span class='ocrx_word' id='word_1_839' title='bbox 141 5582 225 5630; x_wconf 79' lang='lat' dir='ltr'>sectae</span> <span class='ocrx_word' id='word_1_840' title='bbox 238 5573 356 5644; x_wconf 81' lang='lat' dir='ltr'>alicuius</span> <span class='ocrx_word' id='word_1_841' title='bbox 373 5583 530 5647; x_wconf 77' lang='lat' dir='ltr'>arignstata,</span> <span class='ocrx_word' id='word_1_842' title='bbox 543 5590 639 5631; x_wconf 81' lang='lat' dir='ltr'>uerum</span> <span class='ocrx_word' id='word_1_843' title='bbox 658 5590 706 5647; x_wconf 84' lang='lat' dir='ltr'>per</span> <span class='ocrx_word' id='word_1_844' title='bbox 718 5589 815 5633; x_wconf 87' lang='lat' dir='ltr'>omncs</span> <span class='ocrx_word' id='word_1_845' title='bbox 831 5583 928 5642; x_wconf 86' lang='lat' dir='ltr'>tenus,</span> <span class='ocrx_word' id='word_1_846' title='bbox 983 5576 1073 5641; x_wconf 89' lang='lat' dir='ltr'>nibus,</span> <span class='ocrx_word' id='word_1_847' title='bbox 1088 5575 1125 5630; x_wconf 89' lang='lat' dir='ltr'>ita</span> <span class='ocrx_word' id='word_1_848' title='bbox 1137 5588 1247 5646; x_wconf 79' lang='lat' dir='ltr'>quoquc</span> <span class='ocrx_word' id='word_1_849' title='bbox 1259 5573 1287 5629; x_wconf 90' lang='lat' dir='ltr'>io</span> <span class='ocrx_word' id='word_1_850' title='bbox 1301 5571 1383 5628; x_wconf 88' lang='lat' dir='ltr'>terris</span> <span class='ocrx_word' id='word_1_851' title='bbox 1395 5570 1516 5626; x_wconf 86' lang='lat' dir='ltr'>ditandis</span> <span class='ocrx_word' id='word_1_852' title='bbox 1526 5570 1611 5626; x_wconf 87' lang='lat' dir='ltr'>utitur</span> <span class='ocrx_word' id='word_1_853' title='bbox 1636 5586 1767 5627; x_wconf 84' lang='lat' dir='ltr'>rnonsura</span> 
     </span>
     <span class='ocr_line' id='line_1_60' title="bbox 141 5664 1768 5740; baseline -0.001 -20"><span class='ocrx_word' id='word_1_854' title='bbox 141 5665 168 5721; x_wconf 90' lang='lat' dir='ltr'>in</span> <span class='ocrx_word' id='word_1_855' title='bbox 179 5667 309 5725; x_wconf 83' lang='lat' dir='ltr'>omnibus</span> <span class='ocrx_word' id='word_1_856' title='bbox 326 5669 452 5740; x_wconf 68' lang='lat' dir='ltr'>penatibus</span> <span class='ocrx_word' id='word_1_857' title='bbox 463 5669 523 5726; x_wconf 92' lang='lat' dir='ltr'>cicc</span> <span class='ocrx_word' id='word_1_858' title='bbox 536 5666 635 5724; x_wconf 74' lang='lat' dir='ltr'>lotitia</span> <span class='ocrx_word' id='word_1_859' title='bbox 648 5668 756 5735; x_wconf 85' lang='lat' dir='ltr'>diiinso,</span> <span class='ocrx_word' id='word_1_860' title='bbox 982 5668 1166 5733; x_wconf 70' lang='lat' dir='ltr'>distributiva,</span> <span class='ocrx_word' id='word_1_861' title='bbox 1178 5675 1260 5739; x_wconf 85' lang='lat' dir='ltr'>prout</span> <span class='ocrx_word' id='word_1_862' title='bbox 1274 5666 1352 5735; x_wconf 82' lang='lat' dir='ltr'>rult;</span> <span class='ocrx_word' id='word_1_863' title='bbox 1368 5673 1397 5720; x_wconf 92' lang='lat' dir='ltr'>ut</span> <span class='ocrx_word' id='word_1_864' title='bbox 1410 5666 1477 5720; x_wconf 87' lang='lat' dir='ltr'>aiter</span> <span class='ocrx_word' id='word_1_865' title='bbox 1491 5664 1603 5721; x_wconf 86' lang='lat' dir='ltr'>alterius</span> <span class='ocrx_word' id='word_1_866' title='bbox 1626 5671 1714 5739; x_wconf 72' lang='lat' dir='ltr'>egeat,</span> <span class='ocrx_word' id='word_1_867' title='bbox 1740 5672 1768 5720; x_wconf 89' lang='lat' dir='ltr'>ct</span> 
     </span>
    </p>
   </div>
   <div class='ocr_carea' id='block_1_3' title="bbox 0 0 1958 6067">
    <p class='ocr_par' dir='ltr' id='par_1_3' title="bbox 0 0 1958 6067">
     <span class='ocr_line' id='line_1_61' title="bbox 0 0 1958 6067; baseline 0 0"><span class='ocrx_word' id='word_1_868' title='bbox 0 0 1958 6067; x_wconf 95' lang='lat' dir='ltr'> </span> 
     </span>
    </p>
   </div>
  </div>
 </body>
</html>
