3892 6067
147 336 205 392 aba
455 330 736 389 coambulantem
754 329 789 386 ΙΝ
808 330 978 387 PSdbllOS.
997 359 1034 375 υ-
1044 326 1136 388 bans
1149 327 1206 382 tlt.
1224 359 1258 371 -
1271 324 1369 382 asab.
1385 326 1466 381 Lxx,
1731 328 1783 384 510

145 452 218 508 riter
228 448 317 521 gradi,
336 454 367 502 ut
382 445 503 517 psallens
527 447 623 519 spiritu
649 463 757 520 semper
777 447 893 520 psallam
916 442 1362 537 etaborribitimtquasicum
1388 441 1553 507 reverentia,
1578 442 1642 498 licct
1666 442 1782 499 nimium
1819 462 1823 475 ·

146 540 351 610 mandentque
368 549 477 608 sempor
496 548 619 595 uersatur
635 540 662 595 io
676 540 769 605 conle,
791 541 864 611 qnod
879 555 943 610 pro·
995 539 1084 606 tarda,
1101 536 1276 592 mirabuntur
1287 534 1314 588 io
1330 532 1651 602 subitatioacinsperatae
1673 534 1783 603 salutis,

145 631 238 688 iertnr
250 630 320 686 orel
330 628 381 684 llic
396 638 438 684 cst
450 629 523 685 enirn
540 630 673 701 psallendi
687 632 788 688 modus
804 631 943 703 legitimus
994 632 1116 688 uidentes
1129 629 1194 685 mibi
1208 628 1368 698 provenisse
1389 627 1462 681 bona
1481 627 1694 692 inestimabilia,
1717 644 1782 683 cum

143 733 175 777 et
186 734 325 790 sempera
341 719 421 775 nobis
435 720 643 776 desiderandus.
667 720 722 777 Sed
735 721 812 792 quid,
829 722 852 778 si
876 721 942 777 niti·
995 726 1032 780 illi
1046 739 1153 795 semper
1166 722 1233 777 mibi
1251 720 1411 791 qnaesieriot
1425 721 1507 775 muto.
1528 719 1606 776 Tunc
1632 722 1705 776 eninr
1731 722 1784 777 erit

143 820 314 867 mirrctaon
332 810 521 880 exsequimur,
539 812 704 868 conabimur
727 821 755 868 et
780 813 940 880 relabimur,
994 816 1097 872 satietis
1110 815 1187 869 locus
1211 827 1315 869 securas
1335 810 1538 877 exsultationis,
1557 827 1620 866 cum
1644 812 1735 882 impiis
1755 812 1782 866 in

144 903 275 973 nunquid
289 902 379 958 ideoa
396 904 466 958 nasia
480 903 578 973 paulini
593 904 653 960 sinc
663 902 753 959 lructu
768 913 797 960 et
811 905 891 961 racui
902 920 944 960 rc·
993 906 1202 976 dirinojudicio
1218 902 1343 959 conlusio
1356 911 1384 958 et
1395 902 1421 957 io
1439 902 1554 973 abyssos
1569 910 1649 958 terrac
1661 903 1784 959 detrusis

142 994 251 1060 dimus,
262 1000 435 1049 contestante
450 993 593 1064 Apostolo,
608 993 682 1064 quod
711 994 739 1049 in
766 995 865 1065 spiritu
881 1003 943 1050 tao·
993 995 1237 1054 nonlicebitultra
1252 992 1401 1049 dominari.
1431 990 1508 1047 Tunc
1534 992 1587 1048 erit
1609 993 1783 1049 solummodo

144 1098 206 1142 tum
230 1095 259 1142 ct
284 1086 377 1156 lingua
402 1086 578 1156 psallentium
597 1101 675 1141 mena
695 1087 756 1142 sinc
778 1086 869 1143 iructu
885 1088 942 1143 est?
994 1106 1046 1147 noa
1062 1086 1266 1154 exsultationis,
1279 1093 1308 1141 et
1321 1084 1419 1141 salutis
1434 1085 1462 1139 in
1485 1084 1670 1140 tabernaculis
1693 1084 1783 1154 instar

144 1177 202 1234 Sed
216 1178 381 1233 consolatur
393 1193 438 1233 mc
457 1177 573 1232 uerbum
598 1177 687 1249 angeli
702 1176 837 1236 dicentis:
852 1198 862 1231 r
885 1178 941 1234 Pax
994 1196 1056 1237 rum
1069 1196 1132 1237 cum
1143 1179 1255 1236 Christo
1265 1178 1453 1250 regnantium,
1466 1177 1513 1233 sed
1524 1192 1579 1231 non
1596 1178 1634 1231 ita
1646 1177 1674 1231 in
1692 1177 1783 1231 taber-

142 1270 310 1325 bumioibus
322 1269 563 1326 bonaeroluotatis
578 1268 653 1338 (duc.
667 1287 698 1338 ιι,
711 1271 768 1342 lt).
786 1290 796 1323 ι
814 1271 941 1329 ltemrox
993 1272 1100 1330 naeniis
1127 1271 1314 1337 militantium,
1341 1267 1389 1324 ubi
1410 1282 1491 1324 voces
1513 1284 1576 1324 cunr
1600 1267 1783 1324 exsultatione

141 1360 303 1417 Psalmistte
326 1361 462 1417 dicentis:
483 1359 644 1428 «Quoniam
667 1362 797 1433 cogitatio
821 1364 942 1420 bominis
993 1363 1168 1436 psallentium
1184 1362 1283 1417 crebro
1305 1361 1510 1431 interrumpunt
1521 1359 1640 1431 gemitus
1658 1358 1782 1415 bennum

140 1452 323 1506 contltcbitnr
338 1451 398 1516 tibi,
414 1459 442 1505 et
466 1451 589 1521 reliquiae
609 1441 782 1522 cogitationis
805 1454 877 1509 dican
898 1453 940 1510 ic·
990 1466 1019 1512 et
1032 1456 1196 1512 dolentium.
1208 1454 1260 1509 Cui
1271 1452 1346 1507 caim
1369 1452 1462 1509 carnis
1481 1451 1572 1507 adbuc
1591 1451 1700 1507 sarcina
1720 1466 1784 1523 gra-

140 1552 220 1597 stum
239 1550 321 1612 agent
336 1542 385 1599 tibi
404 1540 492 1611 (Pani.
516 1558 597 1611 urar,
613 1542 668 1611 ll).
686 1562 694 1594 ι
717 1543 784 1610 Qum
805 1553 848 1599 est
866 1544 940 1600 enim
991 1556 1055 1602 uati»
1069 1547 1229 1603 sicinuuaia
1241 1543 1338 1615 parlari
1357 1543 1493 1599 redundat
1505 1543 1599 1599 oleum
1618 1544 1782 1601 exsultatio-

141 1634 192 1689 illa
204 1633 343 1689 coamens
360 1632 418 1688 beo
431 1633 552 1691 bominis
569 1635 712 1706 cogitatio,
734 1635 786 1692 nisi
801 1635 939 1706 principa·
992 1642 1046 1707 nis,
1061 1649 1091 1695 nt
1102 1655 1158 1694 non
1175 1630 1313 1693 interdum
1326 1644 1443 1707 cogatur
1470 1651 1578 1706 gemere
1599 1636 1635 1691 dc
1657 1636 1781 1706 ipsorum

140 1726 179 1782 lis
194 1726 242 1781 illa
256 1724 313 1781 Deo
327 1725 450 1796 placendi
477 1726 665 1783 etconsstendi
686 1727 714 1782 in
731 1727 873 1799 psallendo
896 1729 939 1784 in·
993 1746 1122 1786 rasorum
1133 1728 1281 1791 vacuitate,
1293 1724 1351 1792 sed,
1365 1725 1438 1797 quod
1457 1726 1535 1795 peius
1566 1733 1619 1793 est,
1646 1728 1782 1782 vacuitate

139 1816 254 1872 tentio!
270 1832 332 1886 quae
346 1817 402 1872 nisi
416 1814 511 1872 relicta
535 1816 615 1872 nobis
631 1831 648 1871 a
670 1814 725 1872 beo
747 1833 840 1874 senten
868 1828 940 1874 esset
955 1810 977 1864 Β
991 1822 1112 1878 simulet
1126 1820 1261 1875 rarirate?
1275 1817 1323 1874 Est
1336 1817 1410 1872 enim
1421 1818 1520 1873 domus
1530 1818 1642 1885 misera,
1658 1817 1704 1873 ubi
1716 1833 1782 1874 vasa

139 1910 231 1965 etiarn
258 1909 287 1963 io
307 1907 460 1979 psallendo,
475 1907 643 1964 irruentibus
668 1907 805 1963 interdum
828 1909 856 1963 ia
888 1924 939 1964 noa
990 1912 1166 1977 uinaria,seu
1181 1907 1503 1978 oleariamultaquidem
1516 1918 1592 1975 sunt,
1617 1907 1665 1963 sed
1687 1909 1781 1963 viuum

139 2002 239 2059 noxiis
253 2000 719 2072 autrauriacogitatiunibus,qnasi
740 1998 859 2056 Sodoma
872 2000 939 2057 iuis·
990 2020 1045 2061 arou
1070 2002 1171 2058 babent
1185 2002 1243 2059 sire
1267 2002 1370 2057 oleum.
1397 1998 1451 2055 Sed
1476 1999 1632 2056 miserrima
1649 2009 1691 2057 est
1716 2000 1780 2063 illa.

138 2110 253 2161 scmus,
264 2102 291 2155 ct
304 2093 385 2164 qnasi
400 2093 564 2151 Gomorrha
578 2093 682 2149 similes
693 2108 828 2150 essemus.
990 2096 1037 2151 ubi
1068 2111 1118 2151 nec
1143 2096 1201 2165 ipsa
1226 2092 1403 2149 inueniuntur
1428 2106 1494 2148 uasa
1515 2090 1571 2146 rini
1596 2090 1638 2148 rel
1654 2091 1706 2148 olei
1732 2108 1781 2148 ca.-

179 2184 261 2244 bunc
285 2186 460 2256 itaqucbanc
473 2185 652 2256 principalem
667 2184 723 2242 beo
748 2185 893 2256 placendi,
912 2195 939 2243 ct
989 2187 1078 2259 paria.

139 2276 294 2334 confitendi
323 2276 503 2334 intentionem
525 2285 685 2349 acceptante
714 2276 787 2343 Deo,
819 2277 855 2333 de
882 2293 938 2349 quo
1030 2281 1077 2335 Sic
1089 2281 1220 2335 nimirum
1233 2279 1279 2334 ubi
1293 2277 1468 2348 disciplinata
1481 2286 1523 2332 est
1538 2276 1690 2346 psalmodia
1705 2276 1781 2331 reum

138 2366 937 2441 Psalmista:rlledia,rinquitrnoctesurgebamadcunll·
990 2372 1091 2445 gratia,
1104 2373 1261 2427 canentium
1280 2389 1287 2426 ι
1306 2390 1316 2422 r
1333 2369 1402 2426 Ecce
1416 2383 1500 2440 quam
1513 2369 1627 2436 boorma,
1647 2380 1675 2424 ct
1698 2385 1780 2440 quam

139 2460 258 2515 tendum
273 2459 323 2514 tibi
334 2460 528 2531 superjrtdicia
539 2459 746 2531 justificationis
770 2469 824 2516 tuce
848 2460 936 2533 (Prot.
987 2464 1141 2536 jucundum
1153 2464 1277 2520 babitare
1292 2464 1393 2518 iratres
1402 2462 1431 2517 in
1443 2477 1543 2527 unauna,
1566 2462 1639 2516 sicot
1657 2476 1781 2532 unguen·

139 2568 243 2620 curura,
268 2551 314 2620 ⁶²)
336 2572 363 2620 ι,
382 2560 411 2609 et
433 2568 451 2609 e
475 2552 589 2610 diuerso
610 2553 797 2611 immissiones
822 2553 938 2610 aliarum
989 2564 1047 2612 turn
1066 2557 1204 2627 incapite,
1218 2556 1446 2628 quoddascendit
1466 2557 1494 2611 in
1515 2555 1641 2621 barbam,
1667 2554 1780 2609 tractam

138 2646 345 2728 cogitationum
359 2660 404 2702 me
418 2645 565 2717 repellente
589 2646 632 2703 rcl
660 2646 746 2703 inrito
772 2647 936 2714 sustinente,
991 2650 1095 2711 Aaron,
1120 2649 1194 2719 quod
1221 2648 1363 2705 descendit
1384 2649 1413 2703 io
1435 2663 1514 2703 oram
1537 2646 1694 2701 vestimenti
1720 2644 1782 2713 ejus

139 2736 229 2807 bajus
243 2735 418 2807 cogitationis
433 2736 622 2808 principalius
650 2736 707 2794 Deo
734 2738 837 2795 relicta
858 2739 938 2796 nobis
990 2740 1078 2809 (Paul,
1091 2756 1196 2805 carun,
1211 2740 1256 2809 ιι)
1276 2747 1345 2805 r,et
1360 2747 1468 2795 nonest
1482 2739 1539 2794 illic
1553 2738 1642 2808 ipsum
1657 2752 1781 2808 unguen·

138 2829 268 2900 reliquiae
282 2830 354 2887 diem
373 2827 473 2885 iestum
486 2837 568 2901 agent
578 2829 638 2897 tibi,
649 2830 715 2886 dum
727 2831 791 2888 linis
802 2831 937 2889 orationis
990 2841 1047 2887 tuna
1061 2832 1101 2886 rel
1114 2831 1274 2901 jucunditas
1287 2830 1403 2886 fratrum
1415 2830 1632 2886 collabitantium
1644 2829 1672 2883 in
1682 2844 1780 2892 uncas,

139 2921 244 2977 melior
265 2920 318 2976 crit
347 2935 429 2991 quarn
445 2920 612 2997 principium
635 2920 776 2991 psallentis
800 2929 829 2978 et
852 2923 938 2979 eculi-
989 2939 1054 2979 rasa
1069 2922 1179 2994 quidem
1189 2923 1288 2993 psalmi
1301 2930 1462 2993 spectantur
1482 2922 1607 2991 pulcbra,
1623 2921 1670 2977 sed
1687 2920 1778 2976 inania

139 3014 227 3069 tentis
243 3013 302 3082 tibi,
317 3012 450 3084 quoniam
475 3011 509 3069 dr
527 3010 724 3083 amatione
739 3013 835 3068 lterum
859 3013 939 3069 reda-
989 3023 1204 3079 suntctvacna,
1222 3013 1781 3083 sicutaatequamprimituseduccremur

138 3105 209 3161 aian
225 3120 275 3172 otc,
294 3104 384 3175 primo
400 3103 502 3160 iterum
524 3103 715 3160 contamine
741 3104 885 3162 reductum
908 3104 936 3161 in
989 3106 1134 3178 denigrata
1145 3117 1233 3171 terrm
1248 3106 1308 3176 ipsa
1324 3116 1398 3161 terra
1421 3113 1481 3160 erat
1506 3104 1598 3160 inanis
1625 3113 1653 3159 ct
1679 3119 1778 3171 vacua,

139 3198 247 3263 nnana,
266 3212 347 3267 quarn
359 3196 506 3264 redemisti,
518 3196 641 3253 meando
660 3196 760 3252 iterum
768 3195 805 3267 ‚in
820 3212 936 3268 corpore
990 3198 1204 3254 nullouidelicet
1217 3196 1308 3252 iructu
1322 3194 1467 3261 frumenti,
1494 3193 1550 3249 rioi
1570 3204 1598 3251 et
1615 3195 1668 3251 olei
1689 3195 1780 3250 adbuc

139 3300 218 3352 mco,
234 3286 314 3357 cujus
324 3287 453 3356 primitiae
471 3288 498 3343 in
511 3296 556 3355 tc,
572 3285 698 3352 Christe,
714 3286 742 3342 in
757 3287 802 3343 bis
825 3287 873 3359 qui
897 3301 938 3345 tc-
989 3297 1142 3345 venustata.
1154 3288 1220 3343 ltcrn
1235 3302 1298 3343 eum
1311 3285 1382 3343 alius
1393 3284 1451 3341 [leo
1466 3285 1558 3357 psallit
1578 3303 1585 3341 :
1602 3304 1612 3337 r
1628 3283 1705 3341 Tuus
1717 3301 1779 3342 sarm

138 3394 208 3435 cum
225 3388 418 3448 surrexerunt,
437 3380 541 3450 iamdc
560 3379 869 3452 nipaaiatcrrcciterunt
893 3397 938 3438 rc·
988 3398 1050 3455 cgu,
1080 3383 1187 3437 saluum
1211 3379 1321 3447 mefac,
1345 3377 1703 3449 quoniamjustiiicatloucs
1720 3387 1782 3435 tuas

140 3472 233 3529 ductae
249 3472 354 3541 fulgent
368 3473 395 3529 in
408 3474 489 3543 coelo.
503 3472 580 3530 Unde
592 3489 650 3529 curn
662 3484 803 3529 curatorem
818 3473 937 3541 tibi,nou
988 3473 1123 3546 exquisivi
1141 3473 1228 3545 (Paul.
1247 3488 1343 3540 ιιιιιι,
1361 3472 1420 3539 ill),
1445 3470 1505 3526 nrt
1535 3477 1579 3526 est
1605 3471 1664 3541 ipsc
1684 3485 1780 3525 scmus

141 3562 321 3621 solummodo
332 3565 478 3621 mantuan
493 3566 584 3622 animo
596 3582 665 3634 rnen,
679 3582 760 3637 quum
785 3574 830 3623 tua
850 3577 938 3624 morto
989 3584 1165 3634 mammonae,
1176 3584 1274 3624 sersus
1285 3577 1324 3623 tot
1338 3567 1526 3630 dominorum,
1552 3572 1620 3634 quot
1637 3563 1779 3622 uitiorum,

141 3655 290 3722 redemisti,
304 3664 333 3711 et
344 3655 486 3713 uiuificasti
501 3673 511 3725 ;
988 3674 1039 3716 uec
1050 3660 1084 3716 ab
1093 3660 1161 3731 ipsis
1174 3661 1250 3715 uitiis
1261 3659 1408 3730 aliqnando
1421 3659 1461 3715 sic
1476 3657 1623 3727 iustificari
1638 3656 1778 3727 quaesivit,

181 3743 254 3803 Vens
272 3746 318 3801 ιι.
336 3746 389 3802 Sed
402 3756 427 3801 et
445 3748 540 3819 lingua
550 3765 608 3804 ntea
627 3756 684 3804 tota
695 3749 738 3805 dic
765 3749 938 3804 meditabitur
988 3754 1113 3824 utpossit
1125 3768 1190 3810 vere
1202 3754 1294 3810 dicere
1309 3753 1382 3808 Deo:
1395 3750 1606 3820 testificationes
1621 3751 1781 3819 tunacsqrri·

140 3839 280 3903 iustitium
303 3848 386 3894 tunm.
415 3838 520 3912 linquo
548 3840 670 3897 exterior
684 3840 813 3911 loquendi
827 3841 937 3913 quidem
988 3844 1039 3899 riui
1055 3864 1062 3899 :
1076 3860 1166 3903 oorrne
1177 3861 1225 3901 aas
1237 3845 1335 3916 psalmi
1355 3845 1438 3914 liujus
1460 3842 1512 3899 etsi
1529 3841 1633 3897 tinnulo
1657 3847 1737 3896 sonet
1752 3840 1780 3895 in

141 3944 172 3987 et
185 3946 240 3986 non
254 3929 406 3986 meditandi
418 3940 460 3988 est
481 3931 708 3988 instrumentum.
732 3932 786 3989 Sed
804 3949 867 3989 cum
884 3933 938 3989 boc
987 3952 1036 3993 ore
1047 3937 1121 3993 uelut
1132 3953 1169 3993 aas
1184 3952 1286 3994 sonans
1298 3945 1346 3991 aut
1356 3936 1510 4008 ‹qrrrbatuna
1522 3934 1653 4001 tinniens,
1662 3947 1779 3988 vacuum

140 4029 272 4077 uersatur
285 4021 312 4077 in
328 4022 423 4087 corde,
439 4022 514 4093 quod
527 4021 667 4093 profertur
680 4036 738 4089 ore,
758 4022 817 4092 ipsa
827 4038 938 4094 quoque
988 4038 1030 4083 cst
1040 4028 1076 4083 ab
1090 4028 1199 4085 interna
1212 4029 1357 4085 dadccdine
1380 4036 1463 4097 atque
1478 4027 1524 4083 ilia
1540 4025 1664 4093 veritate,
1679 4024 1713 4080 de
1725 4038 1780 4095 qua

139 4113 341 4183 tingaucamis
358 4113 389 4171 lit
403 4113 616 4173 instrumentum
643 4113 723 4170 bonae
739 4112 936 4173 meditationis.
988 4119 1056 4177 dicit
1069 4120 1139 4176 bene
1152 4121 1272 4191 psallens
1289 4138 1296 4175 :
1315 4118 1467 4189 Confitetur
1482 4118 1530 4172 tili
1548 4119 1577 4172 in
1590 4118 1660 4171 ucria
1683 4114 1781 4185 picturi

140 4206 261 4280 Propter
273 4205 348 4277 quod
363 4221 418 4265 noa
429 4207 492 4264 dico
509 4206 636 4278 :lingua
659 4223 718 4262 meu
729 4207 866 4277 loquetur,
889 4208 937 4264 aed
988 4211 1125 4267 ueritatem
1141 4218 1226 4277 tunm,
1241 4210 1313 4265 bena
1325 4211 1338 4263 ι
1349 4210 1384 4265 At
1397 4209 1444 4265 ubi
1459 4222 1549 4277 oeque
1571 4205 1706 4262 iorirrscca
1722 4219 1780 4260 scr-

140 4297 231 4355 dico:
252 4297 428 4354 lleditoditur
436 4298 575 4369 justitium
591 4307 675 4355 tuom.
691 4295 761 4354 llam
775 4298 803 4353 in
823 4297 869 4353 illa
885 4297 937 4353 itc-
988 4310 1068 4357 ratur
1079 4300 1211 4372 psallendi
1227 4299 1382 4370 disciplina,
1396 4298 1434 4354 ibi
1444 4298 1545 4354 domus
1558 4307 1601 4355 est
1611 4296 1779 4363 miserrima,

141 4398 204 4444 rata
217 4387 378 4443 reductione
391 4388 424 4443 dc
437 4388 540 4459 cbgaair
554 4398 643 4457 terrm,
655 4405 717 4461 quae
730 4388 892 4461 intelligitur
910 4389 937 4444 in
989 4402 1083 4466 utpote
1097 4410 1148 4450 nec
1162 4408 1227 4449 vasa
1241 4392 1345 4448 babens
1356 4391 1384 4446 in
1395 4405 1426 4447 se
1435 4390 1479 4446 rel
1499 4405 1597 4457 vacua,
1617 4396 1648 4444 ut
1658 4404 1714 4445 oon
1738 4387 1780 4443 div

140 4480 239 4537 camis
254 4479 333 4536 braid
347 4481 558 4548 resurrectione,
571 4481 629 4552 ipsa
645 4496 757 4553 quoque
770 4481 863 4552 littura
876 4496 938 4537 car·
953 4498 976 4554 ι)
990 4502 1052 4543 cam
1065 4488 1156 4559 plena.
1172 4486 1205 4543 Bt
1226 4486 1301 4542 illius
1316 4483 1416 4541 domus
1436 4481 1549 4539 familia
1566 4481 1720 4538 necessaria
1738 4487 1781 4537 est

141 4570 189 4626 nis
203 4585 268 4625 cum
280 4570 408 4626 onrrribns
428 4571 617 4642 corporalibus
630 4572 760 4628 membris
783 4572 821 4628 ita
838 4572 939 4629 abicio·
989 4579 1053 4635 talis
1075 4578 1225 4649 magisterii
1244 4576 1383 4647 diligentia
1411 4583 1438 4630 et
1463 4571 1620 4630 sollicitudo
1645 4578 1778 4637 anaterna,

141 4672 190 4721 tur
204 4662 350 4734 spiritalis,
364 4670 394 4719 ut
404 4665 507 4720 rectius
524 4663 557 4720 de
571 4664 617 4720 illa
634 4664 737 4731 dicam,
757 4663 832 4735 qood
853 4663 937 4719 medi·
989 4671 1080 4742 qualis
1093 4668 1144 4727 suit
1156 4670 1184 4725 io
1202 4670 1246 4724 illa
1263 4668 1359 4734 uidua,
1382 4680 1444 4736 quae
1465 4678 1528 4720 cum
1550 4660 1646 4717 luisset
1668 4676 1721 4716 una
1745 4660 1780 4717 dc

142 4757 249 4810 11111111
264 4755 403 4824 J'Wl'lt‘im
421 4765 506 4822 tuam,
521 4772 604 4827 qnam
623 4756 646 4813 81
664 4756 937 4826 (116818ῐ11ι101ι11θ1111,
990 4764 1125 4821 uxoribus
1137 4763 1345 4835 prophetarum,
1361 4757 1421 4814 airu
1435 4771 1487 4813 suo
1513 4762 1623 4812 mortuo
1645 4753 1725 4810 uouit
1744 4753 1779 4813 td

140 4847 208 4917 quia
223 4846 334 4917 loquela
350 4847 407 4904 illic
420 4848 524 4905 vocalis
547 4864 602 4904 non
625 4848 680 4905 crit
698 4847 865 4915 necessaria,
891 4848 938 4904 nbi
992 4854 1110 4914 Eliscum
1134 4853 1291 4925 prophetam
1304 4849 1330 4905 in
1348 4848 1446 4905 dicbus
1458 4848 1516 4906 suis
1542 4847 1692 4903 maximnm
1716 4861 1779 4917 pro·

140 4939 246 5011 lingue
259 4939 418 5007 cessabunt,
434 4941 481 4995 ubi
492 4941 642 5012 propbetiac
658 4940 877 5008 evacuabuntur,
892 4939 938 4997 ubi
989 4947 1157 5017 pheroram,
1181 4943 1276 4999 dicens
1300 4941 1338 4996 illi
1359 4959 1366 4998 t
1386 4960 1395 4994 r
1414 4940 1517 4998 Servus
1543 4949 1608 4999 tuus
1632 4940 1673 4995 ιιι
1700 4954 1779 4995 meus

140 5030 205 5086 aine
221 5029 372 5099 monitore,
394 5029 526 5101 bomine,
548 5032 726 5091 memorabor
744 5031 859 5103 iustitia
885 5039 939 5088 tuae
990 5047 1118 5094 rnortuus
1132 5034 1429 5102 est,eteccccreditor
1448 5035 1533 5099 uenit,
1558 5038 1596 5090 ut·
1609 5033 1687 5090 tollat
1708 5030 1778 5086 duos

140 5123 410 5196 mansuetorum
429 5141 486 5181 areu
504 5134 562 5180 toto
580 5125 633 5192 die,
649 5124 677 5182 id
704 5134 757 5193 est,
784 5124 812 5180 in
830 5124 939 5181 aeterni·
990 5128 1062 5184 lilios
1074 5142 1151 5183 rrreos
1171 5126 1204 5182 ad
1221 5126 1394 5183 seruiendum
1407 5125 1470 5181 sibi.
1497 5124 1530 5180 m
1547 5125 1593 5179 illc
1617 5123 1656 5177 ait
1676 5140 1683 5177 :
1706 5118 1778 5187 Quid

141 5226 211 5286 tate,
228 5218 290 5275 sine
301 5218 356 5275 linc
367 5218 540 5274 meditabitur
545 5218 685 5289 justitiam
696 5227 781 5273 tuum.
799 5216 875 5286 Tota,
897 5217 939 5273 in·
990 5223 1043 5291 uis,
1057 5232 1088 5277 ut
1104 5221 1201 5278 tactam
1216 5221 1285 5277 tibi?
1298 5220 1371 5288 Quid
1383 5219 1516 5301 trabesjo
1542 5218 1626 5272 dorna
1651 5212 1723 5269 tua?
1744 5210 1779 5266 lit

140 5325 247 5381 quam,
265 5310 310 5364 dic
338 5309 445 5381 absque
473 5319 611 5367 nocturno
636 5309 736 5364 timore
757 5327 764 5364 :
785 5324 840 5365 nox
864 5307 938 5364 cuim
991 5312 1037 5368 illa
1056 5310 1223 5369 dixittllun
1250 5311 1338 5366 babeo
1362 5309 1460 5364 aricilla
1487 5317 1532 5362 tua
1560 5307 1587 5361 in
1611 5304 1693 5360 durno
1717 5318 1777 5357 mea

141 5416 200 5461 ιιοιι
220 5402 347 5458 critillic.
363 5402 438 5472 Tuto,
453 5403 575 5475 inquiam,
586 5402 629 5456 die
644 5401 671 5456 in
682 5416 781 5474 magna
793 5402 940 5459 serenitate
990 5402 1151 5475 quidquam,
1162 5401 1216 5456 nisi
1226 5400 1371 5467 paululum
1385 5399 1451 5463 ulei,
1465 5411 1521 5466 quo
1533 5410 1631 5466 urrgsr,
1651 5392 1684 5446 Et
1710 5391 1755 5448 ille
1769 5408 1776 5443 :

139 5509 176 5549 ac
193 5495 354 5560 securitate,
372 5509 434 5566 qna
447 5510 502 5551 non
517 5502 559 5551 est
573 5508 623 5550 nec
633 5507 694 5550 esse
707 5500 798 5565 potest
810 5492 855 5549 bic
869 5492 939 5549 inter
994 5492 1077 5559 liade,
1097 5490 1196 5564 inquit,
1212 5498 1241 5546 et
1255 5497 1316 5560 pete
1331 5503 1346 5542 a
1360 5486 1459 5542 uicinis
1473 5485 1528 5541 tuis
1545 5499 1610 5541 rasa
1624 5497 1710 5539 uacua
1722 5496 1778 5537 oon

141 5588 221 5656 illos,
233 5588 280 5659 qai
293 5599 417 5659 qnoernnr
431 5588 502 5643 muln
516 5589 581 5643 milri
593 5604 602 5654 ,·
615 5588 663 5644 scd
687 5586 739 5644 erit
759 5595 825 5642 tnnc
849 5587 938 5658 plenc,
992 5601 1090 5658 pauca,
1109 5596 1136 5641 et
1159 5584 1256 5641 claude
1277 5582 1379 5640 ostium
1404 5573 1504 5637 domus
1524 5591 1578 5636 tuae
1592 5595 1675 5650 super
1697 5589 1736 5647 te,
1751 5586 1779 5632 ct

141 5679 325 5748 rumcnnfuai
343 5688 368 5734 et
392 5680 495 5734 rrrcn'n'
522 5679 631 5748 iruerint,
655 5679 701 5749 qui
723 5686 843 5749 querant
867 5678 940 5731 mula
992 5694 1074 5750 super
1088 5693 1188 5750 pueros
1201 5685 1275 5743 tuos,
1290 5685 1389 5732 etcum
1409 5674 1574 5730 intrinsecus
1590 5671 1686 5740 fucris,
1701 5669 1777 5727 mitte

143 5768 226 5827 milri.
255 5768 465 5827 Conlundentur
489 5769 561 5827 enim
587 5779 614 5825 et
641 5769 826 5826 turbabuntur
842 5768 939 5837 timore
992 5771 1019 5835 in
1047 5770 1138 5827 onrnin
1165 5786 1241 5839 raso,
1266 5776 1292 5825 ct
1318 5783 1379 5824 curn
1399 5764 1600 5839 pirnalucrint,
1627 5764 1705 5821 tolles
1722 5758 1778 5831 (lt
