3892 6067
150 237 206 300 bii
325 233 606 296 misenantium
624 233 658 292 tu
677 234 847 295 essuos.
865 267 903 281 -
915 236 1006 294 etus
1023 235 1069 308 lb,
1089 236 1135 294 tx
1155 234 1318 296 flamonio.
1338 264 1374 277 -
1390 236 1489 294 iSAL.
1509 237 1617 298 Lm.
1736 244 1790 301 tit

150 356 276 428 &qam
298 372 378 427 qaam
390 370 442 409 nott
465 362 585 422 nosmet,
599 354 714 422 aedicit,
730 354 757 411 id
772 364 815 413 est
828 356 988 427 percepitA
1000 352 1164 423 adhibitum,
1186 357 1233 414 ted
1247 358 1276 412 in
1290 365 1325 425 te,
1340 356 1369 413 in
1380 356 1472 415 'corde
1486 366 1534 414 tuo
1548 358 1663 429 saliret,
1676 359 1705 416 iu
1720 358 1790 416 imt-

151 447 286 522 mysteria
302 461 365 518 quae
385 462 441 503 non
469 446 555 504 norit.
574 444 609 501 ia
622 447 675 503 boc
685 445 783 518 iosepir
806 456 947 502 testamen-
999 445 1062 518 gine
1077 446 1279 518 phantasmatis
1295 448 1346 517 tui,
1361 448 1390 505 in
1402 448 1562 521 deceptione
1574 450 1678 507 erroris
1692 451 1742 507 tui.
1759 450 1791 509 lu

154 548 214 593 tarn
224 540 326 609 mania,
345 538 410 592 dum
424 534 601 609 Euangelium
615 536 830 608 buncpopulum
842 536 945 592 docuit.
999 551 1029 593 se
1044 548 1180 594 recentem
1196 539 1281 595 Deum
1299 538 1373 608 iacit,
1389 542 1436 613 qui
1451 542 1538 597 ileum
1548 542 1628 613 quasi
1639 541 1792 614 gloriosum

152 627 208 697 Qui
227 631 358 701 linquam,
371 644 451 699 qaam
466 643 518 682 nors
538 637 657 694 asserat,
671 628 785 692 audivit,
799 626 865 695 dum
881 641 948 698 apo·
999 642 1091 698 regem
1115 629 1143 684 ia
1165 630 1248 687 corde
1269 632 1446 704 imaginando
1460 633 1547 705 lingit.
1562 632 1648 689 licum
1669 634 1794 693 alienum

153 720 243 776 stains
257 719 341 776 variis
353 728 380 775 et
394 719 505 790 ignotis·
518 717 621 788 linquis
643 717 718 788 loqui
735 718 856 784 audiuit3
874 729 901 774 et
912 717 947 773 il·
998 721 1105 791 adorat,
1131 723 1179 796 qui
1196 722 1296 780 Filium
1319 724 1400 783 Patre
1426 727 1571 797 minorem,
1593 726 1635 782 rel
1657 724 1804 797 Spiritum

154 812 203 867 lod
218 819 384 882 preceptum
406 829 439 866 :a
463 808 573 879 Diligite
597 809 725 866 inimicos
749 818 855 880 vestros
868 807 945 879 (lac.
998 820 1123 867 sanetum
1141 822 1295 869 creaturam
1306 815 1446 886 praedicat.
1457 814 1558 872 lintres
1573 816 1691 872 baeretici
1702 815 1802 872 ileum

152 919 194 969 rr,
205 902 264 973 tt),
285 901 426 967 »audivit
451 900 525 973 quod
547 902 624 972 prius
645 898 858 962 innocentior
877 901 947 955 banc
999 900 1119 956 alienum
1140 902 1267 972 adorant,
1282 904 1346 975 quia
1363 905 1437 976 quod
1454 903 1539 962 olleo
1554 914 1597 962 est
1609 906 1740 976 alienum,
1755 907 1790 963 de

152 995 278 1066 linquam
295 994 403 1049 divertit
418 992 451 1047 ai
476 993 599 1048 oaeriias
615 993 724 1047 dorsum
744 993 812 1063 ejas,
830 992 882 1047 boc
894 1001 945 1058 est,
998 1007 1032 1047 eo
1049 993 1208 1063 pradicant.
1230 992 1288 1050 Sed
1309 1004 1336 1051 et
1351 995 1426 1051 omni
1449 994 1521 1053 beas
1546 1011 1641 1055 recens
1658 998 1720 1066 erit,
1741 998 1790 1071 qni

151 1087 262 1143 divertit
278 1102 342 1143 eum
358 1086 472 1153 avitiis,
490 1100 553 1156 (tue
568 1085 719 1142 onerabant
732 1084 864 1140 animam.
878 1082 947 1139 Vere
1000 1082 1084 1139 beorn
1099 1097 1222 1142 retinam
1238 1086 1312 1143 coiit.
1336 1085 1409 1144 [leus
1427 1098 1470 1144 est
1486 1088 1627 1157 colendus,
1643 1103 1690 1161 per
1708 1105 1801 1161 quem·

151 1194 240 1237 onera
265 1179 402 1250 portabat,
426 1192 491 1233 nam
508 1176 673 1248 manassias
685 1176 836 1248 incopiino
849 1176 946 1231 seroie-
998 1176 1033 1232 de
1044 1177 1162 1249 AEqypto
1178 1177 1320 1237 diabolicae
1334 1181 1474 1238 seruitutis
1488 1181 1520 1236 ad
1536 1182 1619 1237 uitam
1636 1183 1725 1239 educti
1741 1199 1792 1240 su·

153 1280 229 1341 reat,
241 1273 319 1343 quia,
335 1271 409 1328 sicut
422 1270 461 1327 illi
475 1270 503 1327 in
520 1271 579 1327 luto
588 1279 615 1328 et
634 1271 719 1328 latere
732 1271 768 1327 ad
784 1279 947 1327 canistruen·
999 1285 1073 1327 mus.
1087 1269 1140 1337 Qui
1153 1281 1196 1328 est
1208 1272 1321 1340 veritas,
1337 1274 1439 1345 ubique
1459 1283 1543 1342 totus,
1566 1275 1612 1332 bic
1626 1277 1725 1332 cultori
1739 1292 1791 1333 suo

151 1366 204 1423 das
216 1361 340 1418 civitates
363 1356 504 1422 Pharaoni
524 1359 692 1428 serviebant,
706 1360 745 1416 ita
758 1360 811 1431 ipsi
826 1359 947 1417 sordidis
999 1356 1086 1414 dicit:
1103 1357 1196 1416 biiata
1213 1377 1243 1416 os
1267 1372 1352 1430 taam,
1362 1363 1397 1420 'et
1422 1364 1535 1435 implebo
1558 1364 1638 1435 iliad,
1662 1367 1715 1424 boc
1737 1377 1789 1432 est.

150 1455 263 1512 actibus
275 1451 310 1509 ad
323 1452 537 1509 construendam
555 1451 695 1508 ciuitatem
714 1451 816 1510 diaboli
828 1451 947 1525 Babylo·
998 1446 1082 1503 dilata
1106 1463 1138 1505 os
1161 1451 1253 1507 cordis
1277 1452 1316 1508 tui
1340 1462 1371 1509 ot
1394 1455 1460 1525 pulli
1475 1455 1589 1523 arium,
1610 1469 1637 1513 et
1661 1459 1792 1514 saturabo

154 1547 231 1603 niam
258 1561 289 1604 se
301 1546 376 1618 ipsos
390 1544 542 1615 replebant.
556 1543 606 1601 llic
631 1546 815 1602 introducitur
829 1559 946 1616 persona
1000 1537 1077 1595 illud·
1091 1537 1221 1596 Desidere
1235 1542 1362 1608 1111111111.
1377 1553 1405 1600 ei
1426 1545 1498 1601 dubo
1512 1546 1561 1603 tibi
1576 1562 1624 1603 ees
1639 1548 1722 1620 ².h0⁰
1741 1565 1791 1622 pou

151 1637 201 1694 liei
217 1638 258 1694 sic
272 1637 409 1710 loquentis
424 1634 588 1709 :Oiosepm
602 1637 717 1694 observa
732 1651 794 1708 quae
806 1651 856 1709 per
869 1636 947 1710 igno-
999 1625 1065 1698 li¹¹¹⁰
1080 1629 1206 1701 amoeni,
1217 1640 1244 1686 et
1257 1631 1315 1688 bec
1328 1632 1353 1688 ei
1368 1634 1494 1705 promisi,

150 1737 210 1786 qam
224 1728 346 1801 linguam
361 1729 463 1784 audisti
482 1746 489 1784 :
505 1729 571 1800 quta
1036 1716 1120 1776 Vens.
1144 1720 1190 1779 lt.
1213 1717 1248 1778 m
1271 1739 1324 1778 nott
1347 1726 1451 1781 andiait
1475 1727 1587 1797 popalus
1613 1744 1683 1783 meus
1704 1744 1794 1787 cocsrn

189 1819 274 1878 vm,
297 1820 325 1878 8,
338 1819 373 1876 1„
398 1821 569 1877 adaptatam
586 1821 715 1877 insomne
735 1837 786 1889 me,
806 1830 832 1877 η
851 1820 946 1877 qam.
996 1821 1134 1881 meamet
1153 1811 1240 1869 lsrael
1256 1830 1308 1871 noa
1327 1817 1439 1873 intendit
1455 1818 1532 1874 milri.
1549 1817 1669 1891 Papulas
1691 1836 1791 1879 secun·

151 1912 181 1968 si
199 1920 234 1980 te,
247 1920 298 1968 cte.
322 1909 444 1982 Papulas
475 1911 559 1968 lsrael
580 1913 608 1967 in
634 1911 807 1969 tribulatione
833 1912 946 1986 AEgypai
995 1905 1061 1962 dum
1075 1919 1278 1966 sacramentum
1293 1909 1358 1966 iidei
1372 1926 1456 1977 meas,
1469 1928 1557 1967 aorem
1577 1929 1662 1968 meam
1676 1931 1728 1969 non
1742 1932 1791 1970 aa·

150 1999 240 2058 Βιιιι]
255 2001 402 2068 inuocauit,
414 2011 441 2058 et
456 2000 590 2058 Dominus
606 2019 654 2074 per
668 2001 780 2076 lioysen
799 2019 863 2060 eum
877 2003 945 2060 libc-
995 1999 1085 2055 dicit:
1107 2002 1180 2071 quod
1194 2003 1337 2075 praeceptis
1352 2004 1421 2061 meis
1435 2019 1491 2060 uon
1505 2003 1636 2074 obedivit,
1653 2016 1681 2063 et
1692 2005 1790 2074 Israel,

149 2096 233 2150 rasit.
248 2092 281 2149 la
298 2094 453 2148 abscondita
465 2094 628 2164 tempestatis
638 2109 702 2152 eum
713 2094 862 2161 exaudivit,
878 2095 944 2152 dum
998 2090 1105 2149 scilicet
1128 2092 1213 2164 docti,
1237 2109 1293 2151 neu
1314 2095 1491 2153 intenderunt
1507 2096 1640 2155 doctrine
1664 2114 1741 2156 mean
1757 2098 1791 2156 Et

149 2186 298 2243 Pharaone
312 2201 374 2242 curn
389 2186 510 2243 exercitu
522 2185 685 2258 insequente
698 2188 778 2258 qnasi
792 2189 867 2259 grati
880 2196 947 2243 tem-
995 2182 1057 2238 ideo
1067 2183 1153 2242 iratus

150 2292 259 2354 pestate
277 2282 420 2354 ingruente
443 2280 607 2337 clamantem
631 2279 659 2332 ia
680 2278 835 2333 abscondito
857 2278 944 2334 cordis
1033 2275 1115 2334 Vens.
1134 2278 1179 2334 ti.
1194 2278 1292 2335 Dimisi
1305 2296 1349 2337 eos
1371 2282 1516 2338 secundam
1547 2282 1679 2338 desideria
1702 2284 1791 2354 cordis

149 2390 208 2445 prae
224 2374 323 2431 timore
335 2373 369 2429 de
379 2372 592 2443 insequentibus
606 2370 733 2427 bostlbns
745 2369 856 2441 eripuit.
874 2368 945 2426 Pro·
995 2383 1097 2424 aarum.
1114 2369 1196 2427 Prius
1209 2371 1309 2428 retinui
1324 2387 1383 2443 eos,
1397 2375 1498 2432 nasibi
1512 2374 1645 2433 inferrent
1659 2388 1789 2433 aeternam

149 2465 211 2519 beai
226 2474 251 2519 te
261 2464 332 2535 apati
344 2480 441 2535 oqaorn
453 2461 682 2517 contradictionis.
694 2459 754 2518 Hoc
764 2460 802 2517 ibi
816 2461 944 2534 contigit,
995 2467 1123 2516 mortem.
1139 2458 1205 2529 Sed,
1220 2470 1367 2534 postquam
1378 2464 1461 2521 rerba
1481 2464 1674 2537 despexerunt,
1698 2466 1792 2522 dimisi

149 2558 198 2613 nbi
210 2573 274 2613 eum
295 2556 341 2613 siti
356 2555 481 2624 tentarit,
497 2563 526 2611 et
540 2553 727 2610 murmuranti
738 2568 839 2626 aquam
851 2554 885 2612 de
897 2568 946 2626 pe-
995 2567 1040 2609 eas
1051 2551 1092 2609 ire
1104 2552 1132 2608 in
1147 2553 1339 2626 praecipitium.
1361 2554 1443 2611 linat
1464 2571 1530 2630 ergo
1545 2556 1580 2629 ¹ia
1596 2557 1791 2613 adintentioni-

150 2657 193 2704 tra
210 2647 350 2720 produxit,
363 2645 473 2718 quando
487 2644 596 2718 lloyses
609 2654 637 2702 et
650 2645 743 2701 taran
758 2643 845 2703 ileum
856 2645 944 2704 oden·
996 2641 1044 2698 aas
1059 2641 1127 2711 sais,
1139 2641 1193 2699 hoc
1203 2652 1257 2712 est,
1270 2643 1385 2716 implent
1408 2646 1543 2723 desideria
1565 2645 1676 2720 quaejad
1697 2649 1792 2719 perdi-

150 2742 260 2806 derunt,
276 2751 304 2796 et
315 2739 376 2796 ideo
389 2747 490 2795 terram
505 2737 730 2809 repromissionis
745 2752 801 2795 non
820 2746 885 2796 suut
899 2737 944 2795 in·
995 2733 1099 2790 tionem
1115 2734 1159 2790 sui
1183 2735 1417 2807 excogitaverunt.
1433 2736 1596 2795 Miserrimis
1608 2738 1715 2794 uidetur
1729 2754 1794 2796 esso

150 2833 238 2904 gressi
252 2831 349 2904 (Nam.
370 2847 418 2896 xx,
435 2831 469 2886 tu
485 2838 515 2886 et
534 2830 636 2902 seqq).
652 2828 840 2888 Christianum
856 2844 945 2901 popu·
995 2824 1044 2882 liei
1056 2825 1232 2894 benebmum,
1248 2841 1312 2882 cum
1331 2826 1487 2884 voluntates
1510 2843 1576 2885 suas
1595 2827 1791 2899 permittuntur

152 2925 210 2981 lum
225 2925 253 2979 in
274 2924 453 2982 tribulatione
468 2922 554 2980 Mum
577 2923 753 2980 invocantem
766 2922 899 2979 Dominus
909 2922 945 2978 li·
994 2918 1115 2990 explere,
1126 2919 1164 2988 [ct
1188 2919 1316 2975 nesciunt
1330 2918 1400 2976 iram
1416 2920 1465 2976 bei
1487 2934 1560 2988 esse,
1582 2930 1610 2976 ct
1631 2920 1790 2978 interiorem

152 3020 243 3082 beret,
259 3033 321 3073 cum
333 3015 367 3072 de
379 3016 501 3089 qualibet
524 3014 670 3074 afflictione
683 3016 774 3087 eripit,
789 3014 832 3071 rel
853 3015 880 3071 in
893 3015 978 3098 do-(g
994 3010 1154 3077 vindictam,
1171 3012 1244 3069 sicut
1257 3012 1391 3084 scriptum
1409 3022 1453 3070 est
1468 3032 1475 3069 :
1494 3032 1504 3066 s
1519 3013 1643 3070 Tradidit
1656 3030 1705 3072 oos
1718 3014 1790 3073 bens

151 3111 211 3168 iore
225 3107 489 3182 pantnnnaposito
500 3119 610 3180 peecata
623 3110 772 3167 condonat.
785 3107 819 3164 in
832 3110 943 3164 abscon-
996 3102 1024 3157 iu
1048 3101 1184 3159 desideria
1210 3117 1271 3170 sua,
1297 3102 1325 3159 in
1348 3102 1523 3161 immunditia
1550 3104 1638 3176 (Ram.
1653 3121 1673 3174 r,
1688 3100 1757 3179 ii),
1776 3127 1786 3159 s

150 3205 209 3261 dito
228 3201 390 3272 tempestatis
414 3215 477 3256 eum
494 3201 617 3266 exaudit,
633 3216 696 3257 cum
711 3201 744 3258 de
763 3200 870 3257 occulta
884 3210 944 3257 ten·
996 3192 1193 3265 dijudicemur
1215 3192 1367 3250 1111111111
1391 3209 1475 3266 1111111
1497 3211 1558 3252 81111·
1581 3195 1691 3263 01111110
1714 3198 1789 3254 1111111

150 3296 257 3357 tatione
265 3293 357 3371 eripit.
372 3292 450 3364 alpad
460 3308 557 3370 aquam
570 3293 788 3349 contradictionis
804 3308 866 3348 enm
880 3309 944 3364 pro-
994 3283 1057 3358 pius
1072 3295 1265 3358 peccaverunt,
1275 3295 1351 3343 tanto
1362 3288 1474 3360 gravium
1487 3288 1702 3348 damnabuntur.
1718 3289 1790 3358 Quia

149 3390 209 3454 bat,
223 3390 290 3444 dom
302 3386 374 3442 inter
384 3387 517 3456 populum
531 3386 610 3441 bona
623 3386 685 3440 ritae
698 3383 942 3454 contradicentem,
994 3378 1152 3436 misericors
1167 3393 1241 3447 sum,
1257 3379 1388 3450 recipiam
1409 3395 1473 3449 eos;
1487 3380 1541 3438 hoe
1550 3382 1607 3439 ruit
1622 3380 1700 3452 illud,
1714 3385 1791 3455 quod

150 3494 182 3535 se
198 3487 227 3534 nt
238 3493 320 3534 uram
332 3476 360 3532 in
373 3476 505 3533 torculari
526 3484 705 3547 prensantem,
715 3475 793 3530 seint
804 3489 902 3530 aurum
914 3474 942 3531 in
994 3469 1119 3541 sequitur
1131 3490 1139 3526 ι
1157 3471 1182 3527 si
1194 3471 1296 3528 reversi
1312 3470 1425 3528 luerint.

151 3568 265 3625 fornace
279 3568 432 3626 examinat.
619 3570 628 3578 ”
1030 3561 1113 3622 Vens.
1130 3563 1175 3632 ii,
1196 3564 1240 3620 15.
1265 3561 1296 3620 ss·
1315 3562 1427 3635 populns
1449 3580 1522 3620 meas
1541 3565 1659 3621 audieret
1682 3566 1788 3635 me,ia·

187 3658 424 3731 nanceianum
446 3673 494 3715 rea
510 3663 658 3730 utramque
672 3655 802 3730 populum
815 3666 843 3714 ct
855 3656 942 3716 bono
992 3656 1068 3713 ciens
1082 3656 1156 3727 quod
1171 3654 1196 3711 ei
1210 3655 1347 3727 praecepi:
1364 3656 1452 3712 lsrael
1467 3657 1495 3711 si
1505 3658 1534 3712 in
1544 3657 1595 3713 uiis
1611 3658 1686 3725 meis,
1702 3658 1788 3715 idest

151 3769 213 3812 tum
228 3754 403 3811 etmalorum
416 3752 563 3824 alloquitur
577 3770 585 3807 z
993 3747 1022 3804 in
1034 3746 1180 3819 preceptis
1200 3746 1268 3804 meis
1290 3747 1473 3804 ambulasset:
1487 3746 1542 3802 Pro
1556 3748 1639 3804 rtiiriia
1659 3749 1790 3822 forsitan,

188 3844 314 3912 Vesci,
331 3845 375 3902 ln.
397 3845 479 3913 nati,
503 3842 598 3915 popula
622 3859 707 3908 mens,
727 3852 752 3898 et
778 3843 943 3899 contestabor
993 3841 1047 3897 boc
1065 3848 1118 3906 est,
1136 3838 1235 3907 iacile,
1251 3840 1373 3895 inimicos
1395 3856 1485 3896 eoram
1497 3840 1731 3911 iatniiiassem,id
1744 3852 1792 3900 cst

151 3947 178 3995 tr
190 3953 201 3995 .·
215 3937 349 4004 lercensi
363 3936 481 3992 audieris
495 3951 547 4002 ma,
556 3949 612 4001 ,aaa
623 3934 674 3986 erit
686 3935 714 3987 in
725 3941 749 3986 te
761 3932 829 3997 ileas
843 3949 941 4000 recens,
993 3935 1131 3992 demones
1146 3933 1280 4004 superbos
1296 3934 1391 3991 hostes
1402 3934 1558 4000 animarum
1572 3935 1785 4006 repressissem·

150 4022 943 4099 amaeadoraiisbaamaiieasm.llecverbasumptasunt
993 4024 1029 4080 Et
1046 4041 1125 4095 snper
1144 4023 1303 4089 tribulantes
1319 4040 1374 4092 eat,
1400 4024 1426 4080 id
1440 4034 1581 4096 estsuper
1593 4026 1659 4083 sitia
1674 4036 1702 4082 ct
1721 4043 1787 4099 pcc-

149 4129 185 4177 de
195 4103 323 4192 iegenbi
335 4117 561 4174 bominusdirit:
579 4134 589 4168 a
604 4115 686 4182 Audi,
697 4113 942 4180 tensamentum
991 4126 1053 4173 cata
1076 4131 1125 4172 eos
1150 4117 1266 4172 interius
1281 4117 1439 4172 tribulantia
1463 4120 1593 4173 misissem
1616 4135 1735 4188 manum,
1758 4121 1787 4177 ld

149 4218 296 4266 annsest:
313 4225 368 4265 nou
389 4207 472 4264 iacies
486 4207 622 4278 sculptile,
637 4221 693 4261 non
708 4205 836 4266 adorabis
857 4205 941 4260 alium
992 4217 1036 4265 est
1062 4206 1211 4278 potentiam
1233 4223 1330 4275 arsam,
1352 4206 1481 4264 auferens
1501 4224 1545 4275 ea,
1567 4225 1601 4264 ne
1623 4209 1787 4268 tribularent

149 4302 237 4359 Deum
259 4310 358 4374 praeter
381 4314 434 4355 me.
452 4298 509 4371 Ego
531 4298 604 4354 enim
628 4313 690 4354 sum
714 4295 847 4352 Dominus
870 4295 942 4352 Deus
968 4339 973 4345 .
992 4313 1052 4354 eos.
1067 4296 1195 4352 Fortiter
1207 4297 1269 4352 ideo
1283 4297 1385 4352 dicitur
1396 4298 1461 4368 quia
1472 4313 1520 4355 eos
1532 4313 1589 4353 non
1600 4309 1785 4358 conversuros

148 4405 225 4462 tuus,
249 4393 296 4464 qui
316 4391 398 4448 eduin
423 4400 448 4447 tc
468 4390 501 4445 de
516 4399 587 4446 terra
600 4387 709 4460 AEgypti
726 4387 815 4459 (Dant.
828 4403 855 4455 v,
875 4387 893 4443 6
914 4374 979 4450 ein
993 4391 1139 4462 praescivit.
1155 4388 1311 4447 Similitudo
1330 4398 1372 4447 est
1385 4389 1527 4448 affectuosi
1548 4392 1645 4463 patris,
1660 4392 1709 4464 qui
1721 4408 1788 4465 pcr-

147 4502 294 4558 seqq.;m,
310 4485 350 4556 i).
370 4503 380 4538 r
398 4483 533 4555 Opopule
554 4499 642 4550 meus,
656 4498 703 4554 per
717 4482 798 4539 iidem
821 4482 896 4550 sadi,
912 4481 940 4538 id
992 4482 1112 4539 ricacem
1135 4481 1220 4537 tilium
1242 4481 1269 4536 in
1297 4481 1419 4553 nequitia
1449 4482 1563 4538 dimittit
1594 4481 1684 4540 iacere
1708 4485 1784 4555 quod

146 4586 190 4633 est
212 4576 294 4632 obedi
314 4575 357 4631 his
375 4590 436 4647 quae
454 4575 504 4630 tibi
517 4575 655 4645 praecipio,
674 4583 700 4628 et
714 4571 883 4630 contestabor
904 4582 944 4643 te,
991 4572 1060 4642 snit,
1076 4581 1102 4629 et
1116 4581 1208 4628 tamen
1221 4583 1317 4643 postea
1330 4571 1525 4643 conquerendo
1548 4572 1615 4629 dicit
1630 4571 1664 4628 ad
1677 4574 1787 4631 amicos.

146 4666 176 4724 ld
188 4676 233 4724 cst
245 4666 310 4737 jaro
324 4666 372 4723 tibi
393 4665 466 4738 quod
491 4666 608 4736 implebo
631 4665 705 4736 quod
727 4666 776 4721 tibi
797 4667 938 4738 promitto.
992 4681 1058 4725 suos
1070 4680 1101 4722 se
1116 4665 1185 4721 relic
1201 4664 1332 4734 recipere,
1347 4664 1370 4718 si
1384 4663 1568 4733 resipisceret.
1586 4662 1644 4720 lloc
1662 4672 1783 4722 tractum

146 4757 171 4815 0
187 4757 285 4826 lsrael,
310 4774 358 4830 per
371 4757 540 4830 Scripturam
565 4757 660 4844 ridens
683 4757 781 4826 bonnm
805 4743 832 4814 si·
854 4773 898 4814 mc
910 4759 938 4815 iu
991 4765 1034 4814 est
1048 4761 1083 4814 de
1094 4754 1206 4823 iudaeis,
1218 4755 1267 4827 qui
1280 4756 1367 4826 legem
1383 4752 1432 4810 liei
1443 4753 1603 4828 abjicientes
1616 4756 1706 4815 traditi
1717 4764 1783 4815 suut

148 4853 301 4923 Scripturis
323 4851 455 4919 audieris,
480 4851 503 4907 si
528 4849 660 4907 doctrinae
684 4866 751 4907 meae
770 4851 945 4922 obaudieris,
990 4848 1120 4905 inimicis.

145 4959 199 5002 ton
210 4947 271 5013 erit,
286 4945 313 5001 id
325 4952 433 5001 estnon
451 4943 487 5001 sit
500 4944 528 4999 in
538 4953 562 4998 te
576 4943 644 4998 Dens
659 4959 757 5010 recens,
776 4959 856 5015 neque
871 4945 939 5003 ada·
1026 4939 1194 5010 iiiapsainta.
1212 4935 1342 5008 Sequitur
1355 4953 1413 4998 rot
1424 4939 1514 5010 arasa
1531 4940 1715 5012 prolocutoris
1726 4940 1781 4998 lte-

146 5035 220 5091 raiis
242 5036 328 5091 Deam
349 5036 477 5100 alienam,
492 5044 520 5092 ct
533 5051 584 5106 ego
607 5036 789 5092 remunerabo
813 5044 849 5105 te,
873 5039 938 5109 quia
989 5027 1382 5102 81111111101111111111111111111
1400 5032 1484 5099 1111111.
1508 5033 1620 5104 1111111111
1641 5034 1779 5105 promisit.

144 5137 179 5187 os
193 5137 272 5185 tuum
294 5128 414 5199 implebo
437 5126 514 5184 omni
525 5126 678 5183 dulcedine.
698 5127 732 5183 Et
755 5137 852 5201 potens
875 5145 937 5186 sum
990 5131 1017 5179 et
1027 5120 1079 5192 ipsi
1093 5120 1320 5191 promiseruntse
1336 5125 1429 5180 omnia
1444 5123 1566 5184 iacturas
1580 5145 1586 5181 :
1602 5126 1650 5182 sed

146 5222 312 5279 bociacere.
663 5201 665 5206 ’
1024 5212 1108 5269 tans.
1124 5212 1168 5269 li.
1185 5209 1292 5269 inimici
1311 5214 1534 5272 Damiaimeatiti
1547 5216 1654 5273 suntsi.
1669 5215 1777 5286 Omnis,

183 5311 267 5368 lass.
286 5311 329 5368 li.
346 5310 403 5381 Epo
417 5312 486 5365 enirn
508 5326 567 5365 snm
581 5308 710 5366 Dominus
723 5310 793 5365 Dens
808 5312 938 5382 tans,qui
988 5308 1037 5381 qui
1048 5307 1154 5365 amicus
1166 5321 1210 5365 cst
1232 5309 1316 5384 hujus
1336 5311 1441 5378 saeculi,
1464 5311 1588 5365 inimicas
1613 5308 1660 5364 bei
1676 5312 1778 5367 consti·

146 5405 227 5462 edrai
242 5414 267 5458 te
280 5404 313 5457 de
328 5413 399 5458 terra
411 5401 534 5476 AEqppti,
549 5402 601 5459 boc
613 5412 655 5459 est
669 5403 703 5459 de
723 5403 882 5459 infidelitate
902 5404 937 5460 ad
989 5403 1085 5457 tuitur.
1100 5400 1153 5469 Qui
1168 5415 1222 5455 non
1237 5400 1352 5469 implent
1367 5400 1440 5471 qnod
1453 5399 1482 5454 in
1497 5399 1633 5469 baptismo
1646 5400 1701 5457 beo
1714 5416 1778 5473 pro-

146 5495 239 5551 adem.
256 5492 327 5549 beas
348 5509 435 5548 recens
450 5502 493 5551 est
505 5491 539 5549 ad
551 5500 660 5565 tempus
673 5492 776 5562 lactus;
788 5490 870 5564 ‚Deus
880 5508 936 5549 non
988 5494 1130 5561 miserant,
1144 5492 1246 5547 inimici
1258 5489 1303 5545 uei
1315 5489 1393 5557 dunt,
1406 5489 1471 5545 dnm
1486 5489 1654 5545 mentiuntur
1668 5504 1700 5547 ea
1715 5506 1778 5562 quae

146 5602 246 5648 reeens
261 5586 290 5645 in
306 5585 458 5645 aetemitate
469 5601 578 5659 semper
591 5601 716 5644 manens.
731 5583 766 5642 Ει
786 5595 851 5643 nota
862 5585 936 5657 quod
988 5601 1019 5642 se
1034 5586 1156 5649 tacturos
1170 5583 1364 5656 promiserant,
1387 5591 1415 5640 et
1434 5580 1469 5638 ad
1494 5582 1627 5639 uomitum
1642 5591 1673 5639 ut
1692 5595 1776 5642 cartes

146 5692 205 5740 oon
216 5677 319 5752 ditarit
329 5696 343 5737 a
354 5677 423 5736 ints
436 5683 471 5749 tr,
493 5676 573 5752 quasi
589 5677 935 5741 simulacrum-lorinsecus
989 5678 1114 5738 redeunt.
1128 5675 1164 5736 lit
1177 5679 1227 5736 erit
1240 5687 1340 5752 tempas
1352 5689 1443 5736 eoram
1453 5676 1482 5734 itt
1493 5673 1602 5747 sarria,
1617 5673 1670 5735 boa
1680 5681 1736 5749 est,
1746 5675 1782 5738 bt
