3892 6067
205 161 259 220 803
278 103 283 114 ·
682 164 834 223 GEBNOiN
853 167 1045 230 subvestit
1068 167 1340 229 uuttlttuttsetttt.
1774 175 1828 229 idi

205 283 272 330 tuus
289 282 391 339 castra,
409 282 439 329 ut
452 272 555 330 dictum
571 282 624 337 est,
647 275 827 346 Assyriorum,
841 289 871 335 ut
892 281 991 337 euinde
1005 285 1027 342 h
1042 282 1103 336 cisti
1111 281 1257 352 justicium,
1281 296 1338 352 quo
1352 279 1446 337 audito
1461 278 1506 337 illc
1528 290 1591 336 cum
1615 279 1673 339 suis
1694 281 1829 341 liberatus

206 365 387 437 percipiatur,
401 365 474 435 quod
486 364 578 421 nullus
595 365 643 423 tibi
660 368 757 439 angelo
774 371 866 442 magni
882 374 990 429 consilii
1040 381 1092 437 εει,
1108 374 1199 443 generi
1217 386 1281 428 vcro
1294 371 1365 443 ejus,
1377 370 1476 443 quibus
1486 373 1534 429 illu
1549 373 1647 431 ludens
1661 374 1737 447 loqui
1751 380 1829 437 vide·

206 470 300 532 potest
312 459 453 525 resistere,
465 460 530 530 quia
547 479 557 513 ι
572 462 702 519 terribilis
718 463 745 520 in
770 449 895 522 consiliis
908 483 991 538 snper
1040 463 1131 531 batur,
1151 478 1184 518 ac
1205 463 1320 534 proinde
1334 463 1463 521 nolebant
1488 481 1550 522 cum
1565 466 1613 522 iilo
1623 466 1699 524 exire
1713 469 1746 526 de
1759 469 1829 529 civi-

206 550 279 605 tllios
295 548 437 604 hominnm
454 548 542 619 (Psoi.
561 568 624 619 arv,
638 553 667 619 5)
685 556 841 626 ›quidquid
866 557 992 614 immobi-
1041 566 1096 613 tate
1104 558 1239 629 peritura,
1257 557 1481 614 inexcusabiliter
1499 557 1650 630 perierunt.
1675 560 1722 621 Sic
1742 566 1828 623 etiam

205 638 268 695 liter
279 637 464 709 disposueris,
485 642 518 697 ad
534 641 661 699 effectum
677 645 804 716 perducis
826 648 901 703 nullo
921 649 991 706 resi·
1038 650 1210 721 judicaturus
1224 664 1337 722 regnum
1360 647 1550 721 AEgyptiornm
1569 652 1602 706 de
1620 654 1684 709 coeio
1703 654 1827 711 auditum

206 738 297 786 utente
315 738 363 787 ant
377 731 507 788 resistere
519 733 637 790 valente.
1041 740 1129 811 jecisti
1136 740 1270 809 judicium
1283 739 1399 812 loquens
1413 757 1462 812 per
1472 740 1582 814 Moysen
1601 744 1732 802 famulum
1747 756 1828 820 taum

243 809 311 868 Nam
326 814 384 885 quis
398 815 501 871 resistet
513 816 797 884 tibitQuisvidelieet
808 824 989 894 Assyriorum,
1041 831 1119 903 qnasi
1134 831 1304 901 percoeleste
1328 834 1481 890 oraculum.
1509 833 1637 893 Ninivitis
1655 853 1765 910 quoque
1777 856 1829 911 per

206 910 303 959 contra
319 918 389 975 quos
402 906 525 976 psalmus
537 908 588 965 iste
603 911 721 977 canitur,
740 914 799 971 suis
819 917 924 975 viribus
939 918 990 975 tihi
1041 918 1136 975 Jonarn
1150 922 1308 991 prophetam
1323 922 1355 977 de
1377 923 1441 977 coeio
1458 925 1579 980 auditum
1590 928 1677 998 [eristi
1690 929 1823 998 judicium

144 1053 148 1062 ,
207 995 332 1050 resistet?
344 993 442 1055 Nullus
456 1000 564 1072 utiqne;
580 1005 711 1075 quoniam
723 1009 774 1064 etsi
787 1025 901 1080 parcere
916 1012 991 1069 vide-
1040 1015 1110 1070 dans
1123 1015 1176 1072 iliis
1187 1016 1355 1087 poenitcntiao
1377 1025 1487 1088 tempus
1499 1028 1535 1090 et
1550 1019 1652 1088 locum,
1672 1024 1745 1079 unde
1772 1024 1826 1096 ipsi

207 1085 257 1153 ris,
280 1085 406 1158 iramque
429 1099 504 1146 tuam
530 1093 698 1162 dissimulas,
727 1101 848 1170 quandiu
872 1106 991 1176 quisque
1041 1110 1304 1183 habebuntsnrgcre
1319 1112 1463 1182 injudicio
1478 1123 1504 1169 ct
1518 1114 1829 1191 condemnarcgenera·

206 1179 377 1249 Assyriorum
393 1197 447 1238 non
466 1187 566 1241 resistit
588 1189 638 1244 titi
661 1190 802 1262 gloriando
822 1194 850 1250 in
873 1199 988 1266 malitia,
1041 1199 1142 1254 tionem
1162 1215 1275 1270 pravatus
1303 1210 1331 1258 et
1354 1216 1511 1272 perversam
1537 1214 1565 1261 et
1583 1207 1744 1276 adulteram,
1765 1226 1830 1281 qum

207 1278 363 1326 scncontra
385 1280 447 1330 tuas
469 1275 668 1349 increpationes
692 1283 861 1342 defendendo
878 1300 989 1358 peccata
1039 1289 1158 1357 decreto,
1173 1290 1200 1346 id
1220 1299 1263 1347 est
1286 1291 1320 1347 dc
1347 1291 1458 1350 Christo
1473 1296 1595 1352 ruditum
1609 1300 1744 1371 judicium
1770 1319 1829 1360 snm

207 1374 257 1414 sua
272 1379 279 1415 :
294 1370 384 1418 tamen
400 1379 461 1419 cum
478 1367 517 1423 tui
535 1370 655 1427 nominis
677 1373 773 1432 timore
797 1376 918 1448 projecto
934 1369 990 1437 =ant
1039 1381 1259 1438 dammationiset
1269 1384 1457 1442 conversionis
1470 1387 1580 1445 credero
1594 1391 1682 1447 uoluit
1692 1408 1724 1448 ac
1738 1396 1828 1464 pseusi-

208 1452 331 1522 negiccto
343 1454 370 1509 in
384 1462 502 1526 peccatis
517 1461 687 1533 superbiens,
698 1466 771 1523 velut
782 1484 912 1527 ascensor
924 1474 988 1543 equi
1040 1482 1111 1542 tst·e;
1128 1473 1175 1530 sed
1200 1475 1376 1544 impoenitens
1396 1481 1581 1547 permanendo
1606 1491 1633 1539 ct
1656 1499 1672 1540 a
1691 1485 1827 1544 Romanis

208 1540 257 1595 tiii
267 1544 377 1612 resistit,
390 1557 584 1621 peccatumque
595 1567 676 1609 suum
693 1558 809 1627 superbe
819 1558 988 1618 defendendo
1040 1578 1121 1633 passa
1143 1574 1184 1620 εει
1205 1563 1378 1624 conlusionis
1392 1566 1527 1638 judicium
1544 1574 1776 1644 crudelissimum,
1800 1587 1830 1633 ct

205 1634 412 1707 redargutiones
423 1647 484 1695 tuas
498 1641 599 1709 relidit,
616 1654 712 1701 estune
731 1649 774 1703 iro
797 1659 844 1705 tuo
863 1623 1027 1711 intolera·-B
1041 1656 1191 1726 torquenda
1209 1665 1251 1712 est
1263 1673 1325 1712 cnm
1346 1658 1555 1718 daemonibusin
1569 1673 1713 1734 aternum,
1727 1677 1828 1725 utnon

207 1722 270 1781 bilis
284 1725 324 1780 ilii
338 1726 378 1795 lit,
401 1729 474 1784 sicut
488 1727 564 1786 Sauli
591 1735 709 1804 superbo
734 1740 858 1810 contigit,
880 1745 991 1813 quando
1041 1748 1128 1802 solum
1143 1754 1208 1802 tunc
1220 1745 1288 1802 iram
1300 1750 1475 1819 temporalem
1486 1753 1613 1822 senserit,
1634 1756 1776 1829 sedetiam
1792 1774 1829 1815 cx

207 1810 392 1884 increpatusa
413 1814 541 1873 Samuele
560 1822 671 1877 verbum
690 1823 737 1882 bei
762 1828 880 1885 relidens
894 1847 991 1901 peeca-
1042 1843 1107 1891 tunc
1122 1836 1191 1891 iram
1203 1836 1396 1909 sempiternam
1409 1855 1523 1899 sensnra
1537 1844 1583 1899 sit.

206 1910 264 1955 turn
275 1917 355 1958 suum
368 1904 522 1975 defendere,
543 1909 687 1983 ipsumque
698 1914 894 1987 increpatorem
909 1935 990 1977 suurn
1077 1925 1223 2000 llocsuper
1238 1929 1443 2000 generationem
1461 1932 1534 1989 illam
1554 1937 1674 2005 pcccatis
1690 1939 1828 2011 exigenti-

206 1990 288 2059 pallio
299 1996 386 2051 scisso
401 1996 533 2067 injuriare
547 2004 731 2072 praesumpsit,
758 2014 854 2061 eurtum
869 2008 911 2062 iro
930 2018 989 2079 tuo,
1041 2019 1092 2076 bns
1107 2017 1272 2076 destinatum
1288 2020 1424 2091 judicium
1441 2039 1490 2094 per
1511 2023 1612 2080 multos
1630 2029 1777 2098 propbetas
1793 2029 1829 2085 de

209 2082 291 2154 licus,
306 2086 333 2142 in
345 2087 422 2144 iilum
436 2091 585 2150 deseviens
600 2111 687 2167 neque
700 2097 785 2168 ipsius
797 2102 936 2173 prophete
950 2104 991 2162 la·
1041 2110 1105 2164 conlo
1118 2109 1239 2165 auditum
1251 2111 1348 2182 jecisti,
1361 2112 1582 2172 novissimevcro
1597 2133 1645 2188 per
1656 2119 1826 2189 unigenitum

206 2176 421 2235 mentationibus
432 2181 550 2254 mitigari
573 2186 672 2255 potuit,
687 2188 731 2244 cui
753 2201 809 2248 ate
828 2209 990 2265 responsum
1040 2202 1140 2259 Filium
1156 2213 1232 2260 tuum
1251 2207 1325 2262 clara
1345 2209 1530 2264 enuntiatione
1550 2210 1621 2265 idem
1638 2211 1771 2280 judicium
1786 2212 1803 2282 f
1814 2240 1828 2253 -

205 2274 272 2321 est:
293 2285 303 2319 ι
318 2265 467 2342 Usqmquo
482 2282 510 2328 tn
534 2274 611 2347 luges
628 2275 703 2344 Saul,
718 2284 780 2336 cunt
800 2299 850 2356 ego
864 2289 990 2358 projece-
1041 2296 1102 2350 cisti
1120 2296 1252 2351 auditum.
1270 2296 1339 2352 Nam
1357 2298 1403 2353 ille
1421 2315 1487 2364 non,
1504 2310 1534 2354 ιιι
1557 2303 1695 2372 prophetae
1707 2303 1826 2373 priores,

206 2355 594 2436 ritneutn,neregnetsuper
611 2365 755 2442 lameriti
771 2372 833 2446 Nep.
849 2392 905 2445 xva,
923 2379 987 2448 hir
1041 2386 1202 2458 loquebatur
1224 2388 1341 2444 obscure
1369 2391 1426 2444 sive
1452 2389 1479 2445 in
1496 2391 1649 2461 aerrigmatc,
1673 2392 1746 2462 qnod
1770 2407 1826 2448 non

205 2446 281 2505 Alias
293 2459 384 2506 autem
400 2453 445 2509 ubi
461 2455 509 2509 tihi
524 2471 540 2511 a
557 2474 612 2514 non
625 2461 665 2516 sic
686 2465 829 2535 resistitur,
843 2480 992 2541 quantum·
1041 2476 1121 2533 lacilc
1134 2486 1228 2548 posset
1250 2479 1374 2551 intelligi,
1397 2481 1443 2537 scd
1460 2480 1606 2538 manilestc
1620 2501 1629 2533 r
1647 2483 1743 2541 videns
1756 2484 1827 2539 civi-

205 2537 272 2595 libet
294 2543 407 2612 grandis
426 2545 467 2601 iro
483 2556 529 2602 tuo
549 2560 641 2619 potest
661 2555 792 2626 mitigari,
806 2567 836 2614 ut
853 2561 880 2614 in
905 2561 990 2620 David
1041 2576 1123 2623 tatem
1136 2568 1209 2624 ssevit
1222 2584 1306 2639 super
1318 2569 1393 2626 illam
1409 2570 1504 2630 dicens
1523 2591 1530 2628 ι
1549 2573 1614 2644 quia
1638 2573 1748 2629 venient
1766 2573 1828 2631 dics

205 2631 330 2704 mitigata
344 2641 395 2702 est,
409 2636 456 2707 qui
472 2637 522 2694 tibi
547 2656 595 2710 per
608 2641 714 2700 Nathan
727 2648 887 2719 prophetam
901 2653 989 2722 illum,
1041 2659 1068 2715 in
1085 2669 1121 2727 te,
1136 2668 1164 2716 ct
1173 2661 1383 2717 circumdabunt
1398 2670 1434 2729 tc,
1447 2671 1474 2718 et
1489 2664 1719 2733 coangustiabunt
1732 2674 1758 2720 te
1774 2681 1827 2719 un·

204 2727 358 2800 increpanti
372 2745 427 2786 non
450 2734 557 2801 restitit,
581 2738 628 2792 sed
644 2738 784 2798 humiliter
797 2748 933 2817 acquievit
948 2752 991 2806 di·
1041 2751 1134 2822 dique,
1152 2753 1225 2809 etad
1251 2762 1353 2809 terram
1375 2764 1549 2825 prosternent
1567 2765 1604 2823 tc,
1622 2771 1655 2814 eo
1675 2758 1746 2827 quod
1769 2774 1826 2812 non

204 2835 269 2877 cens
289 2821 434 2880 :Peccuoi
461 2825 561 2885 Tribus
589 2831 650 2889 istis
678 2836 761 2893 unius
785 2840 860 2897 verbi
878 2843 991 2916 syllabis
1041 2842 1192 2912 cognovisti
1214 2851 1321 2915 tempus
1342 2844 1509 2901 visitationis
1533 2854 1586 2902 tue
1600 2844 1677 2912 (Luc.
1698 2864 1756 2914 xrs,
1777 2847 1826 2915 ll,

204 2911 327 2984 mitigata
340 2927 382 2972 est
395 2915 436 2970 iro
450 2918 535 2975 totius
552 2918 703 2993 Trinitatis,
723 2926 786 2988 quia
804 2929 838 2985 de
853 2931 950 2987 humili
963 2942 1025 3006 etc
1041 2933 1098 3004 tt).
1114 2951 1124 2986 ι
1144 2931 1228 3004 igitur
1252 2934 1357 2990 auditui
1372 2935 1437 2991 hnic
1451 2951 1505 2992 non
1532 2937 1707 2994 credentibus
1728 2938 1826 2995 dur-ins

203 3006 323 3064 contrito
343 3008 424 3064 corde
437 3012 572 3079 processit
584 3012 635 3069 ista
649 3015 989 3090 contesstopeucart.8au1
1040 3024 1156 3080 debetur
1162 3025 1296 3096 judicium
1307 3041 1389 3097 quaro
1403 3025 1531 3083 Ninivitis
1550 3025 1627 3084 ionae
1641 3027 1824 3097 credentibus,

204 3107 279 3161 veru,
293 3110 356 3151 cum
370 3097 434 3153 item
450 3109 515 3168 post
530 3101 671 3172 aliquanta
691 3108 772 3163 verba
783 3113 917 3182 exquisita
942 3132 990 3173 ne·
1040 3116 1149 3172 sumsit
1165 3117 1226 3186 plus
1237 3132 1320 3188 quam
1340 3116 1425 3175 ionas
1438 3119 1492 3183 hic,
1518 3120 1689 3190 pronuntias
1709 3129 1736 3176 et
1749 3120 1825 3176 illins

203 3182 295 3251 quitor
305 3185 339 3239 ad
350 3188 521 3246 excusandas
533 3195 724 3253 excusationes
735 3198 763 3253 in
774 3203 892 3270 peccatis
904 3205 990 3264 dixis·
1039 3207 1213 3279 particularis
1223 3207 1330 3279 judicii,
1342 3225 1397 3282 quo
1406 3207 1575 3283 lerosolyma
1593 3210 1720 3266 damnata
1732 3220 1783 3278 est,
1797 3222 1826 3267 ct

203 3280 267 3327 set:
284 3294 294 3326 ι
313 3271 439 3344 Peccavi,
455 3279 604 3350 »adjunxit
619 3303 626 3339 ε
644 3302 654 3336 ι
676 3285 728 3343 Sed
741 3305 815 3346 nnnc
829 3292 934 3351 honora
945 3313 990 3355 tue
1039 3300 1113 3357 iilius
1130 3303 1304 3371 universalis,
1329 3305 1356 3361 in
1380 3320 1435 3378 quo
1461 3307 1532 3364 idem
1550 3305 1685 3378 Propheta
1707 3324 1825 3380 magnus

202 3376 295 3418 coram
316 3367 470 3425 senioribus
486 3373 580 3442 popuii
595 3373 622 3446 (1
632 3375 695 3447 Peg.
711 3395 756 3447 xv,
768 3380 824 3452 ὅθ).
841 3401 851 3436 ι
868 3383 929 3454 Quo
942 3388 989 3443 di·
1039 3391 1169 3448 terribilis
1181 3393 1332 3464 apparebit.
1345 3393 1412 3451 Nam
1425 3397 1472 3467 qui
1488 3397 1562 3453 mitis
1574 3408 1604 3454 ut
1618 3414 1704 3469 agnus
1715 3399 1825 3469 judicu·

203 3465 248 3511 eto
259 3458 327 3515 satis
344 3459 566 3532 deprehenditur,
578 3469 652 3538 quod
679 3471 726 3527 tali
745 3472 921 3534 consessione
935 3496 987 3550 poa
1039 3482 1083 3532 tus
1097 3469 1139 3532 cst
1152 3477 1252 3548 injuste
1263 3495 1317 3534 non
1329 3479 1455 3552 aperiens
1469 3497 1500 3538 os
1515 3498 1607 3550 suum,
1623 3502 1633 3535 r
1651 3492 1716 3539 tunc
1727 3484 1824 3554 loque-

202 3546 258 3605 tius
273 3549 468 3624 bonurvanus,
484 3556 572 3614 honor
589 3560 738 3630 humanus,
753 3582 835 3638 quam
849 3571 988 3639 gratiadi·
1038 3578 1084 3624 tur
1098 3569 1131 3626 ad
1147 3585 1194 3627 eos
1204 3570 1231 3626 in
1245 3570 1287 3626 ira
1299 3587 1359 3640 sura,
1376 3580 1404 3629 ει
1423 3572 1452 3628 in
1474 3573 1565 3630 lurore
1580 3589 1632 3630 suo
1650 3573 1824 3630 conturbabit

202 3639 266 3696 vina
280 3643 455 3712 querebatur.
483 3646 602 3706 Proinde
626 3655 719 3723 potius
740 3655 880 3730 Assyrius,
904 3680 986 3734 quam
1039 3674 1087 3717 cos
1101 3661 1191 3730 (Psoi.
1208 3679 1239 3730 n,
1252 3663 1291 3735 5),
1310 3682 1320 3716 ι
1335 3663 1382 3735 qui
1395 3664 1503 3735 pejores
1516 3663 1645 3723 Ninivitis
1657 3667 1767 3722 credere
1781 3665 1823 3722 illi

201 3729 313 3791 iudaeus
324 3734 410 3794 luisse
421 3737 568 3809 indicatur,
580 3752 662 3814 atque
673 3746 735 3802 idco
748 3750 789 3803 iro
809 3751 836 3806 in
854 3752 988 3811 illumin·
1037 3754 1194 3823 noluerunt,
1211 3769 1299 3826 neque
1315 3756 1502 3827 poeaitentiam
1518 3767 1633 3829 egerunt
1660 3758 1716 3814 sive
1735 3757 1824 3814 indari

202 3837 372 3886 ιειιιειιιιοιι
386 3840 429 3888 est
443 3848 539 3891 aversa
564 3838 607 3894 vel
622 3839 756 3910 mitigata.
774 3840 859 3913 Igitur
871 3846 986 3905 buicsi·
1038 3844 1210 3912 slvoGraeci3
1236 3847 1381 3903 nonenim
1404 3855 1446 3904 est
1466 3844 1618 3914 distinctio,
1644 3849 1708 3920 quia
1731 3851 1821 3922 quiin

201 3921 282 3980 miles
298 3923 454 3996 inpetrato
471 3927 574 3988 similes
588 3940 670 3990 eruut
684 3933 711 3988 in
724 3938 857 4008 supplicio
870 3956 923 3997 nun
940 3959 987 4000 so·
1037 3936 1096 4008 ¹⁸30
1118 3947 1309 4009 miltrudis
1335 3954 1383 4009 Pii
1398 3937 1483 4011 legem
1512 3941 1715 4011 iudifflbl'sslub
1733 3943 1822 4014 etqui

202 4011 258 4067 lum
272 4013 301 4070 iu
321 4015 368 4071 illu
381 4016 468 4084 brevi,
483 4035 539 4091 quo
555 4022 582 4077 in
596 4031 687 4081 moute
697 4024 797 4085 Gelboe
810 4029 924 4099 interiit,
937 4036 986 4092 sed
1037 4029 1097 4086 sine
1111 4031 1170 4102 lege
1184 4039 1375 4101 peccaverunt·
1390 4031 1450 4087 ⁸1⁰0
1462 4031 1522 4104 ¹⁰8⁸
1532 4033 1671 4104 herilium·

199 4109 282 4164 etiam
294 4108 323 4165 in
344 4110 391 4167 iilo
415 4120 526 4181 aterno,
551 4115 656 4186 quo'ab
669 4116 724 4176 ists
744 4120 822 4177 brevi
847 4125 982 4183 transivit.
1072 4119 1204 4179 Similiter
1215 4123 1242 4177 in
1253 4124 1307 4179 11⁰0
1320 4131 1441 4193 lemtim
1453 4123 1547 4194 titliae
1561 4124 1737 4195 hiaecttltnlis
1749 4126 1818 4182 irim

198 4198 267 4257 Nam
282 4211 310 4260 et
324 4202 367 4261 isti
380 4204 499 4262 breviter
511 4208 620 4278 quidem
636 4211 665 4271 itu
685 4226 799 4285 corpore
822 4218 983 4289 morientur,
1033 4211 1193 4281 judicaturi,
1203 4211 1250 4282 qui
1264 4227 1319 4267 nott
1330 4212 1532 4284 appropinquat
1548 4214 1688 4283 indultori,
1701 4231 1822 4286 prusen-

199 4294 246 4350 sed
267 4306 365 4351 ertuuc
384 4296 412 4353 in
427 4306 558 4355 eternum
569 4303 728 4371 punientur,
740 4315 872 4363 eteorum
884 4310 925 4365 iro
937 4321 983 4368 tuo
997 4291 1022 4351 Ῑ)
1035 4304 1137 4361 tabitur
1149 4302 1230 4357 ultori
1246 4302 1349 4373 :etqui
1361 4303 1515 4374 suscipiunt
1529 4304 1649 4375 regulam
1664 4314 1737 4362 recte
1753 4321 1823 4363 con·

198 4381 251 4439 erit
259 4398 450 4455 permansura.
459 4387 605 4460 Propterea
616 4408 650 4448 ne
662 4393 809 4465 improvisa
822 4400 914 4454 veniat
925 4402 985 4458 dies
1036 4390 1174 4458 versandi,
1187 4406 1236 4462 Pii
1249 4393 1337 4464 ipsam
1358 4392 1482 4465 regulam
1504 4393 1712 4464 judirahomm,
1732 4407 1759 4452 ct
1772 4397 1820 4467 (tui

199 4472 257 4538 illa,
274 4474 334 4533 dies
350 4477 410 4545 irae,
432 4477 491 4534 dies
516 4479 680 4540 calamitatis
697 4490 725 4539 et
736 4485 911 4554 miseriae„iu
929 4505 984 4560 qua
1034 4500 1088 4540 non
1102 4482 1332 4554 suscipiunt,sinc
1347 4485 1439 4555 regula
1453 4484 1590 4555 peribunt.
1602 4486 1717 4543 Gravius
1728 4497 1819 4542 autem

199 4577 273 4632 tuuc,
296 4578 324 4626 et
344 4580 442 4626 estune
456 4571 498 4627 iro
511 4582 557 4627 tuo
571 4574 634 4637 erit,
650 4574 744 4632 multis
757 4577 845 4636 modis
855 4594 985 4649 praennn·
1034 4584 1115 4631 sonat
1127 4573 1250 4641 peribunt
1270 4590 1351 4644 qnam
1363 4572 1568 4644 judicabuntur,
1584 4575 1648 4646 quia
1673 4576 1819 4642 intereos,

197 4661 264 4717 stara
278 4670 331 4728 est,
345 4664 409 4735 quta
429 4673 457 4720 ru
482 4664 660 4724 mauritanum
675 4670 822 4742 mutuique
838 4665 982 4732 m'udtsto·
1032 4669 1156 4741 quisine
1172 4668 1230 4739 lese
1250 4677 1297 4723 sur
1320 4667 1414 4740 raguta
1438 4675 1563 4738 perenne
1591 4670 1683 4726 sottus
1705 4671 1819 4728 omnino

197 4766 286 4822 quens
301 4752 329 4807 in
343 4755 494 4825 prophetis,
1033 4759 1205 4817 salvabitur:
1222 4759 1292 4814 inter
1313 4774 1362 4816 eos
1383 4768 1486 4828 autem,
1505 4762 1552 4832 qni
1576 4778 1625 4833 pcr
1650 4763 1735 4835 legem
1760 4765 1821 4821 sive

233 4838 318 4898 Vens.
336 4843 364 4899 9.
382 4844 421 4900 ur
442 4850 506 4902 creto
528 4850 650 4906 auditum
668 4852 755 4923 [ocuti
774 4852 919 4924 judicium.
942 4855 982 4911 iis
1031 4853 1154 4924 regulatur
1169 4849 1377 4920 judicabuntur,
1401 4850 1492 4920 jndice
1516 4851 1576 4922 ipso
1598 4853 1764 4924 dijudicante
1785 4869 1821 4912 ac

196 4931 528 5000 curio,idcstdecoelesti
546 4942 668 5010 quolibet
693 4944 806 5001 oraculo
830 4947 924 5001 auditu
939 4950 981 5019 je·
1031 4946 1213 5011 discernente,
1237 4945 1300 5016 qais
1322 4946 1408 5015 lcgcrn
1435 4947 1493 5003 sive
1518 4949 1638 5018 regulam
1663 4959 1819 5020 susceptam

196 5028 260 5084 cisti
272 5026 418 5097 judicium,
441 5030 658 5103 quotiescunque
675 5035 800 5105 judicare
820 5037 981 5109 disposuisti
1032 5049 1112 5096 cutttc
1135 5037 1296 5103 servaverit,
1310 5038 1373 5108 quis
1395 5052 1460 5103 nort,
1487 5039 1600 5108 quidam
1626 5039 1817 5107 salvabuntur,

195 5119 317 5190 aliquam
329 5117 467 5176 civitatem
489 5120 547 5177 sive
558 5123 755 5198 regnumldans
780 5126 869 5183 locum
893 5130 982 5201 poeni·
1031 5129 1142 5201 quidam
1167 5130 1305 5199 peribunt.
1331 5127 1451 5187 ladeest
1474 5129 1539 5186 illud
1556 5149 1562 5186 :
1579 5151 1589 5184 ι
1609 5129 1667 5186 buo
1692 5128 1817 5197 inlecto,

194 5209 269 5265 tendi
284 5210 391 5267 stiram
407 5218 481 5268 tuam
495 5211 651 5283 effugiendi,
667 5222 707 5280 ut,
731 5216 777 5286 qui
799 5219 921 5274 auditura
932 5220 981 5291 ju·
1031 5236 1105 5277 ιιιιιιε
1122 5229 1288 5287 assumetur,
1312 5228 1341 5277 et
1361 5220 1431 5277 alter
1449 5221 1630 5292 relinquetur.
1658 5220 1716 5276 lino
1729 5219 1757 5275 in
1773 5220 1819 5292 pi·

193 5303 294 5359 dicium
311 5313 386 5360 tuum
409 5320 465 5361 non
490 5305 626 5373 timerent,
639 5306 862 5367 inexcusabiliter
874 5312 980 5382 judicio
1030 5313 1128 5380 strino,
1147 5327 1219 5367 unus
1231 5322 1396 5379 assumetur,
1423 5319 1451 5367 ει
1475 5313 1543 5368 alter
1559 5313 1737 5383 relinquetur.
1756 5309 1817 5368 boo

192 5402 242 5450 tuo
255 5395 439 5467 subjacerent
455 5395 501 5455 Sic
511 5397 685 5469 judicaturus
699 5401 822 5459 civitates
833 5401 979 5460 Sodomam
1030 5405 1231 5477 thagmarus
1245 5413 1452 5487 assumetur,et
1467 5405 1537 5459 alter
1552 5404 1722 5476 relinquetur
1736 5403 1813 5474 (huc.

194 5485 415 5546 rruomorrhsro
438 5505 487 5561 per
510 5491 622 5561 angelos
646 5490 763 5548 Abrahae
786 5493 939 5564 loquentes,
951 5505 980 5552 et
1030 5512 1097 5560 xvtr,
1119 5495 1241 5582 ibib).
1261 5493 1389 5550 »Omnes
1414 5496 1516 5567 qnippe
1538 5495 1582 5550 isti
1606 5494 1716 5567 regulas
1735 5507 1816 5549 arce-

193 5577 265 5647 apat
286 5575 337 5631 Lot
356 5576 512 5637 fratruelem
535 5581 596 5651 ejus
624 5582 791 5653 hospitantes
805 5585 926 5642 audituri
940 5587 979 5656 jc·
1029 5595 1126 5660 perant
1141 5586 1275 5657 legitimas
1292 5586 1332 5642 vel
1346 5587 1373 5641 in
1397 5589 1637 5659 contemplationis
1663 5589 1734 5645 lecto
1749 5601 1814 5643 cuns
