3892 6067
103 241 179 314 iasa
201 311 208 312 f
707 241 809 301 cisen
827 240 872 297 ne
891 239 1053 300 enirteio
1073 237 1140 330 ner·
1666 240 1736 297 ieet

373 307 488 419 caedi
508 360 630 417 llxxlll.
910 357 934 414 Α
949 349 1179 410 reconciliationis
1201 346 1229 401 iii
1258 346 1309 402 liae
1324 345 1379 403 rita
1395 361 1449 401 non
1469 344 1598 414 babeant,
1615 355 1736 406 extrema

100 477 163 534 Citr
182 476 248 532 olim
273 482 332 546 post
354 472 434 527 unsel
454 471 556 543 pitlillce
571 480 659 527 artant
676 468 855 541 penitentiam
868 468 895 521 iri
949 453 1042 544 “nmen
1059 439 1152 542 Vim}
1166 438 1362 496 ⁰⁰m¹¹¹¹¹¹¹i⁰¹¹0
1385 438 1471 509 adiuti
1484 437 1585 539 ”llari
1598 447 1736 543 limium,

141 547 242 604 crintett
259 544 357 614 relapsi
372 542 407 595 ari
431 542 639 597 recorrectionis
654 538 897 598 reconciliationem
948 549 971 589 st
986 548 1040 588 nco
1055 537 1217 600 semetipsos
1238 519 1416 597 desperantes
1441 526 1576 584 deteriora
1595 528 1739 585 deteriori-

141 614 259 685 ⁴l¹¹llll⁸⁸
273 612 445 669 “dmm
459 612 567 681 [mmet.
948 623 1001 680 ltus
1026 623 1145 688 addunt;
1167 618 1215 676 sed
1243 627 1320 674 citra
1343 616 1576 675 reconciliationis
1597 621 1739 677 constituti

141 727 216 784 Sanc
229 742 247 783 a
259 723 363 783 sanctis
373 720 502 779 Patribus
513 730 593 779 caute
608 736 642 778 ac
652 717 898 788 salubriterprovi·
948 715 1026 785 spcin
1049 712 1146 769 saluus
1169 709 1286 777 lortiter,
1305 717 1464 766 constanter
1485 719 1513 766 ct
1534 721 1740 781 perseueranter

102 834 170 877 suni
184 824 237 884 est,
249 823 290 883 ut,
301 813 324 870 si
335 812 398 885 quis
414 819 477 884 post
489 811 575 867 semei
586 810 794 882 pubbceactam
809 807 898 878 poenl·
948 813 1085 876 querunt.

100 909 222 965 sentim
234 906 262 962 lii
273 903 445 962 criminalem
455 901 563 974 culpam
584 901 684 958 itcrdin
699 900 847 964 laberetur,
862 896 897 955 ad
986 894 1054 952 Vere
1070 893 1159 952 sancti
1183 892 1279 951 Patres
1297 891 1398 965 Spiritu
1416 902 1512 978 sancto
1525 894 1671 951 illuminati
1688 895 1741 953 lioc

91 974 354 1056 'reconciliatricem
375 992 564 1066 poeniteutiam
581 1006 637 1048 uon
650 990 817 1061 reciperetur
837 1003 898 1045 am·
948 986 1143 1059 praeciderunt,
1156 986 1231 1058 quod
1242 984 1379 1042 medicina
1389 983 1452 1040 iilis
1462 984 1549 1052 lleret,
1563 987 1586 1040 si
1599 986 1675 1057 rigor
1688 986 1741 1042 iste

103 1091 200 1164 plius;
216 1087 265 1144 scd
281 1086 317 1143 ab
330 1084 425 1142 altaris
439 1084 633 1141 communione
645 1083 755 1154 periitne
768 1081 896 1149 extorris,
949 1086 1081 1135 cessaret.
1094 1075 1163 1132 llam
1179 1078 1233 1133 boc
1247 1076 1351 1133 nostris
1364 1075 1535 1145 temporibus
1548 1073 1650 1133 lactum
1666 1079 1742 1134 iide-

103 1185 284 1252 permaneret
297 1176 415 1233 traditus
425 1174 536 1231 Satanae
550 1174 578 1230 io
598 1173 739 1230 interitum
754 1172 857 1241 carnis,
869 1179 900 1227 ut
949 1183 1013 1225 iiius
1027 1177 1189 1240 :propterea
1200 1167 1274 1237 quod
1291 1182 1355 1237 erga
1370 1167 1534 1237 pertentes
1547 1182 1603 1223 uon
1615 1181 1742 1225 servatur

105 1268 232 1340 Spiritus
242 1266 336 1326 salvus
348 1267 434 1322 lieret.
949 1259 1019 1315 ordo
1030 1258 1178 1330 legitimus.
1194 1257 1340 1329 Presbyter
1348 1257 1463 1328 quilibet
1472 1258 1616 1330 paenitenti
1630 1259 1744 1315 cuilibet

146 1359 349 1426 Ecclesiaste
368 1357 449 1412 beato
476 1355 640 1428 Augustino,
654 1370 708 1412 non
729 1362 772 1411 eat
796 1352 898 1410 laetum
949 1349 1064 1406 ubilibet
1075 1349 1213 1421 jejunium
1227 1347 1289 1405 sirie
1307 1348 1580 1419 compensationibus
1591 1350 1743 1423 eleemosy-

104 1447 303 1520 desperatione
316 1443 503 1517 indulgentie,
519 1443 567 1499 sed
582 1444 674 1514 rigore
689 1441 850 1513 disciplinae,
864 1457 900 1497 ne
950 1455 1048 1496 narum
1064 1439 1153 1506 laxat;
1175 1438 1249 1511 quod
1263 1437 1329 1494 olim
1345 1439 1421 1495 solus
1436 1437 1550 1507 iteret
1574 1440 1626 1495 soli
1640 1439 1680 1499 illi
1700 1438 1743 1495 la·

105 1543 188 1599 deret
198 1537 335 1595 medicina
350 1534 535 1592 ecclesiastica
554 1533 627 1602 iilis,
647 1540 834 1605 acprcpterea
847 1532 900 1588 mi·
950 1545 1013 1586 cere
1041 1528 1179 1597 solebant,
1206 1529 1254 1601 qul
1267 1530 1430 1600 poenitemes
1445 1530 1520 1601 ipsos
1534 1529 1563 1586 in
1576 1530 1622 1586 die
1643 1546 1742 1587 recon-

105 1649 163 1690 nus
186 1630 272 1687 utilis.
286 1627 431 1684 liamlicet
443 1625 545 1684 talibus
564 1625 685 1683 secunda
699 1623 858 1696 poenitentia
873 1632 901 1679 et
949 1621 1097 1678 ciliationis
1122 1635 1217 1676 eorum
1240 1619 1377 1692 episeopis
1403 1628 1568 1690 presentare
1594 1620 1741 1686 debebant,

106 1722 189 1794 menti
212 1717 399 1776 reconciliatio
413 1715 565 1773 secundum
579 1723 681 1771 statmo
704 1698 1047 1771 emnium-Boacias
1072 1711 1199 1768 idoneum
1237 1711 1423 1768 testimonium
1445 1725 1526 1783 supet
1552 1722 1742 1767 consummata

108 1823 235 1884 negetur,
252 1811 306 1867 lioc
319 1819 410 1866 tamen
425 1806 528 1865 salubri
546 1806 663 1864 consilio
675 1806 774 1863 iterato
785 1805 870 1876 lapsis
883 1820 899 1860 a
950 1801 1111 1873 poenitentia
1121 1815 1228 1858 eorum
1487 1853 1491 1862 ,

107 1899 192 1956 beato
204 1895 359 1970 Augustino
371 1895 503 1952 suadetur
515 1912 524 1949 ε
539 1901 570 1950 ut
583 1908 613 1950 se
627 1908 682 1949 iion
698 1893 787 1950 soluto
798 1892 833 1949 ab
846 1891 900 1948 illi·
988 1890 1123 1962 Erigileiit
1139 1905 1205 1963 ergo
1227 1890 1337 1947 modern
1352 1892 1485 1961 episcopi,
1503 1892 1638 1948 seruando
1652 1894 1741 1964 poeni·

106 1986 176 2056 citis
193 1984 338 2052 tenendo,
362 1983 452 2040 sedet
472 1998 489 2040 a
514 1981 596 2038 licitis
610 1981 835 2054 constringendo,
849 1995 900 2040 sua
951 1983 1043 2040 tentiae
1054 1983 1139 2056 leges,
1156 1997 1226 2053 quas
1244 1982 1416 2039 tradiderunt
1437 1981 1532 2038 Patres
1546 1983 1662 2054 antiqui.
1678 1982 1743 2041 Pro

107 2076 224 2149 largiter
247 2075 405 2142 tribuendo,
424 2073 538 2132 uberius
553 2073 654 2141 dende
673 2083 702 2130 ct
716 2080 833 2130 micros
858 2074 901 2129 di·
951 2071 1073 2140 bibeaut,
1085 2080 1113 2127 et
1128 2070 1181 2126 sub
1195 2070 1417 2128 interminatione
1432 2072 1622 2142 suspensionis
1636 2073 1679 2128 rel
1692 2074 1741 2130 de·

108 2182 181 2240 gnos
194 2166 362 2238 poenitentiae
371 2164 479 2222 linctus
493 2176 701 2235 perseveranter
713 2166 899 2235 exsequendo,
952 2161 1110 2233 positionis,
1125 2161 1166 2216 rel
1178 2173 1252 2218 certe
1263 2161 1446 2219 anathematis
1458 2161 1624 2250 presbyteris
1633 2162 1744 2220 interdi·

108 2259 147 2314 rte
164 2255 212 2313 liei
226 2256 415 2314 misericordia
428 2254 578 2324 conlldaut,
595 2255 722 2327 quamtis
745 2266 809 2313 aute
827 2256 900 2313 diem
952 2240 1034 2319 cant}
1057 2269 1092 2310 ne
1106 2253 1209 2324 passim
1222 2253 1335 2311 inutiles
1352 2262 1380 2311 et
1396 2254 1566 2326 pericuiosas
1581 2255 1742 2313 comedendi

109 2349 211 2406 mortis
233 2348 279 2403 iii
307 2348 451 2405 introitum
472 2347 604 2415 ecclesia,
628 2362 771 2419 nunquam
793 2362 900 2404 sacram
951 2342 1077 2400 licentias
1085 2345 1281 2415 poenitentibus
1291 2345 1433 2401 tribuant:
1449 2360 1516 2405 nete
1527 2343 1566 2404 illi
1585 2349 1743 2420 postsernd

108 2440 334 2498 communionem
346 2438 627 2511 consequidcbeante
643 2449 674 2496 nt
687 2454 902 2498 censura-cano-
951 2444 1042 2490 aetam
1066 2435 1101 2491 de
1122 2435 1238 2492 crimine
1261 2436 1410 2495 denotabili
1436 2440 1625 2510 poenitentiarii
1652 2443 1743 2500 denuc

77 2582 82 2588 .
110 2550 178 2593 aum
192 2535 314 2608 rigorem
340 2549 422 2592 suuiu
436 2533 570 2601 obtineat,
586 2532 614 2589 iii
635 2532 738 2604 quibus
750 2534 900 2591 secundam
952 2526 1132 2586 criminaliter
1145 2529 1270 2599 peccanti
1293 2530 1431 2586 carrinam
1442 2531 1595 2603 imponant,
1608 2541 1636 2589 et
1651 2534 1742 2605 poeni·

112 2625 302 2698 penitentem
317 2623 420 2680 nemini
433 2622 551 2680 dandam
568 2630 664 2679 sancta
678 2620 790 2679 Parrum
805 2635 902 2683 aactc-
951 2616 1045 2674 tenda
1068 2618 1220 2675 mundum
1244 2618 1346 2689 locum,
1370 2634 1452 2691 quem
1474 2621 1561 2677 sancti
1586 2621 1742 2692 probibent,

111 2715 182 2772 ritas
204 2713 331 2770 elllrmat.
344 2710 407 2768 lice
421 2710 520 2768 beatus
545 2710 903 2769 Ambrosiutitadcoetob·
951 2710 1007 2768 illis
1018 2709 1188 2777 concedaut;
1202 2709 1303 2781 quilius
1320 2711 1493 2770 solummodo
1513 2719 1597 2767 restat
1608 2712 1742 2769 mundum

111 2805 290 2871 armandum,
305 2811 346 2871 ut,
369 2803 525 2860 sicntunus
553 2809 596 2859 est
616 2801 645 2858 iii
667 2800 790 2858 Ecclesia
816 2803 903 2873 bapti·
951 2810 1137 2870 contemnere,
1153 2809 1180 2856 et
1205 2799 1264 2856 sinc
1281 2816 1330 2872 spe
1354 2801 1586 2859 reconciliationis
1610 2802 1741 2861 ccclesia·

110 2905 202 2959 smus,
213 2889 262 2960 qui
276 2886 361 2945 seaicl
375 2887 456 2944 datus
466 2901 523 2942 nou
536 2895 580 2943 est
596 2887 761 2959 repetendus
776 2906 784 2943 t
798 2887 835 2944 ita
851 2888 898 2946 dc-
952 2888 1175 2962 itice'querere
1189 2905 1266 2961 spem
1286 2890 1383 2947 salutis
1410 2900 1527 2948 eterne.
1544 2890 1597 2948 Sed
1610 2891 1672 2948 ideo
1686 2891 1742 2947 cle·

112 2983 176 3038 bem
188 2996 251 3037 esse
266 2993 339 3035 unus
357 2977 524 3050 penitentia
544 2978 633 3045 locus,
646 2978 694 3048 qui
712 2977 803 3034 denuo
815 2979 900 3050 lapsis
952 2980 1003 3037 rici
1014 2979 1140 3035 nesciunt
1153 2979 1239 3036 laicos
1262 2979 1426 3051 penitentes
1440 2987 1513 3036 recte
1525 2964 1659 3048 tractare3
1675 2981 1740 3051 qiiia

110 3085 168 3128 iioii
179 3070 216 3126 sit
230 3069 303 3124 ultio
319 3066 521 3136 concedendus,
536 3067 663 3139 quamuis
676 3081 728 3123 nec
741 3066 836 3124 talium
849 3053 934 3124 ali·C
951 3085 1002 3126 nec
1015 3070 1067 3141 ipsi
1082 3076 1157 3126 reete
1175 3078 1341 3137 tractantur,
1362 3084 1425 3125 eutii
1437 3139 1441 3147 .
1452 3068 1479 3124 iri
1496 3069 1590 3140 aliquo
1605 3069 1740 3125 criminali

112 3162 176 3233 quis
199 3159 409 3231 desperabiliter
423 3158 461 3215 sit
471 3158 626 3214 terrendus.
640 3157 712 3225 Quia
738 3157 801 3215 licet
822 3175 898 3233 spem
950 3169 1063 3232 peccato
1078 3158 1211 3216 veraciter
1225 3158 1387 3236 deprehensi
1407 3159 1585 3230 publicantur
1598 3160 1685 3231 (ibt).

110 3268 407 3338 concionatricem
421 3269 523 3338 lomoni
539 3268 636 3323 cadant
650 3266 761 3337 (llrttli.
776 3284 822 3337 iv,
842 3270 897 3340 li),
985 3272 1027 3329 Ei
1039 3272 1158 3330 ennodio
1231 3271 1320 3329 tliensi
1333 3286 1394 3343 cap.
1410 3273 1428 3326 l
1444 3287 1451 3326 :
1469 3291 1479 3326 i
1499 3270 1529 3328 Si
1541 3273 1604 3344 quis
1625 3273 1739 3346 presby.

111 3342 160 3400 aad
173 3342 208 3398 Μ
221 3354 280 3407 ⁰⁰⁸2
293 3339 342 3411 (illi
361 3338 494 3421 relictione
506 3346 534 3394 et
557 3336 760 3420 Scripturaruin
775 3338 899 3396 doctrina
950 3351 994 3402 ter
1006 3342 1069 3400 nite
1080 3356 1139 3400 suae
1148 3356 1200 3425 neg
1211 3342 1299 3413 igens,
1314 3343 1407 3414 pranis
1419 3342 1554 3415 exemplis
1571 3342 1644 3398 mala
1658 3343 1692 3398 de
1709 3359 1740 3399 se

112 3410 250 3478 instructi,
265 3411 338 3465 riam
355 3414 482 3481 recitatis
501 3418 530 3463 et
545 3406 642 3464 salutis
657 3406 735 3463 nobis
758 3408 900 3466 nsmndere
950 3412 1086 3484 suspicari
1107 3411 1277 3483 permiserim
1292 3425 1320 3468 et
1332 3413 1450 3482 populus
1464 3412 1499 3467 ali
1520 3411 1649 3482 episcopo
1660 3413 1740 3482 jura.

112 3481 233 3542 ualeant.
251 3499 261 3532 i
950 3491 1044 3539 mento
1057 3496 1105 3538 seu
1118 3481 1211 3536 banno
1233 3479 1450 3536 Christianitatis
1476 3481 1644 3537 constrictus
1669 3480 1741 3537 inla-

146 3551 223 3624 (itt)
254 3548 396 3605 Decretum
407 3534 512 3603 nicom
535 3546 759 3627 papaejuolcris:
775 3565 786 3601 t
802 3546 899 3605 Nullus
950 3552 1035 3607 minin
1055 3549 1349 3621 ejuspatclecerit;et
1369 3550 1437 3606 certi
1452 3560 1628 3607 accusatores
1647 3552 1741 3607 ericii·
1769 3609 1774 3616 ,

112 3620 225 3678 missam
241 3619 335 3675 audiat
359 3615 520 3687 picslipteri,
542 3630 624 3697 quern
645 3623 697 3672 scit
709 3618 892 3692 concubinam
951 3622 995 3677 nis
1021 3620 1082 3703 ejus
1102 3618 1240 3675 doluerint
1267 3637 1275 3673 :
1298 3619 1480 3676 admoneatur
1500 3621 1589 3690 primo
1612 3634 1738 3677 seorsum

112 3689 299 3748 indubitanter
317 3685 419 3742 liabeie
429 3692 478 3741 aut
494 3683 731 3741 subintroductam
742 3686 897 3743 mulierem.
950 3691 986 3745 ab
999 3702 1144 3760 episcopo;
1156 3687 1255 3744 deinde
1267 3688 1319 3744 sub
1330 3688 1438 3744 duobus
1452 3689 1494 3744 nel
1508 3689 1595 3746 tribus
1611 3689 1737 3746 testibus.

113 3757 191 3816 Unde
203 3759 286 3815 etiam
302 3757 361 3827 ipsa
387 3761 482 3810 sancta
499 3755 620 3825 synodus
634 3753 686 3809 boc
697 3761 780 3824 capnt
793 3756 845 3810 sub
854 3770 900 3811 eii·
951 3758 981 3813 Si
997 3772 1052 3814 uon
1064 3755 1250 3812 emendaverit
1263 3757 1291 3810 iii
1303 3758 1669 3829 contemupresbytcrorum
1682 3759 1740 3830 cpi·

113 3826 362 3886 communicatione
379 3824 472 3894 posuit
484 3821 579 3879 dicein
595 3840 603 3877 r
619 3820 799 3895 ‹Quicunque
809 3839 900 3880 sacer»
950 3842 1051 3898 scopus
1061 3840 1124 3882 euni
1142 3825 1251 3898 publica
1264 3825 1340 3882 iocre
1359 3825 1450 3881 atione
1460 3825 1616 3885 admoneat.
1630 3827 1661 3883 st
1673 3843 1739 3885 iero

112 3897 503 3975 dotumteidiacoucruniaut
512 3892 752 3973 subdiaconorum,
761 3900 823 3963 post
832 3909 900 3949 con·
950 3910 1041 3978 neque
1056 3896 1097 3951 sic
1120 3909 1151 3951 se
1166 3895 1316 3949 correxerit
1327 3841 1364 3952 ali
1376 3893 1466 3950 oltlcio
1481 3893 1568 3965 usque
1581 3895 1616 3952 ad
1627 3897 1738 3968 dignam

113 3969 238 4024 stitutum
255 3967 342 4022 beate
356 3976 496 4019 memoriae
505 3962 714 4032 plaedeoeflttot'ts
731 3964 816 4018 nostri
829 3960 899 4018 Leo
950 3964 1165 4022 catislactionem
1183 3963 1381 4034 suspendatur,
1395 3965 1559 4037 nepopulus
1574 3964 1693 4021 lideliuni
1708 3967 1737 4022 iii

115 4038 159 4094 nls
174 4051 252 4109 pape
264 4034 299 4091 de
312 4035 439 4091 castilate
460 4031 631 4097 clericorum,
644 4030 835 4112 'concubinam
850 4047 899 4103 pa·
949 4049 983 4091 en
998 4033 1157 4090 scandalum
1171 4033 1300 4102 patiatur.
1318 4032 1348 4088 st
1366 4043 1456 4089 autem
1471 4042 1648 4091 accusatores
1670 4034 1737 4105 legi·

85 4141 89 4144 -
114 4107 168 4164 hm
190 4105 310 4172 duxerit,
331 4104 375 4159 nel
388 4102 498 4159 ductam
521 4115 576 4157 non
602 4101 752 4172 reliqueret,
774 4114 808 4155 ex
822 4110 900 4170 parte
951 4105 1010 4159 timi
1026 4118 1080 4158 noti
1098 4103 1209 4167 luerint,
1225 4103 1271 4172 qui
1285 4103 1345 4172 eius
1359 4103 1475 4159 erimina
1498 4102 1652 4160 manilestis
1666 4103 1739 4159 indi·

113 4175 310 4301 omuiBoteiitis
334 4173 393 4240 Ilei,
415 4170 577 4228 auctoritate
597 4170 739 4251 beatorum
760 4170 899 4241 apostolo-
949 4174 1001 4230 ciis
1016 4172 1132 4244 probare
1143 4170 1348 4238 contenderint,
1368 4172 1469 4242 etipse
1491 4174 1652 4254 negaverit:
1672 4180 1738 4229 tuiic

115 4263 175 4303 ruia
212 4245 263 4302 etri
276 4253 304 4301 et
327 4241 404 4298 Pauli
420 4240 605 4313 precipimus,
620 4247 649 4295 et
664 4253 778 4296 omnino
790 4248 899 4295 contra·
950 4243 1009 4313 ipse
1021 4257 1083 4298 cum
1098 4250 1202 4313 septem
1215 4241 1299 4296 sociis
1311 4241 1435 4311 ejusdcm
1449 4241 1573 4310 ordinis,
1588 4241 1612 4297 sl
1624 4241 1736 4308 releba

114 4317 243 4384 dicimus,
254 4324 288 4371 ut
299 4314 412 4370 missam
423 4325 477 4367 noii
494 4318 595 4378 cantet,
609 4323 659 4367 nec
672 4307 845 4381 evangelium
856 4310 899 4365 iel
949 4313 1065 4368 crimine
1080 4326 1110 4367 se
1122 4312 1212 4382 ipsum
1226 4325 1259 4365 eit
1280 4321 1366 4391 urget.
1378 4310 1596 4378 Diaconusrero,
1605 4312 1629 4368 si
1640 4311 1736 4367 eodem

114 4386 257 4469 epistolam
281 4384 353 4456 legat
367 4382 402 4438 ad
415 4380 543 4449 missam3
564 4379 655 4461 necin
674 4379 852 4462 presbyterio·
864 4380 897 4435 ad
914 4368 1065 4439 Derimtne
1088 4387 1233 4437 accusatus
1257 4326 1356 4449 eterit,
1382 4380 1558 4452 semetipsum
1571 4395 1635 4436 cum
1649 4381 1737 4438 tribus

114 4456 208 4513 divina
226 4453 324 4522 offleii,
347 4465 409 4524 que
422 4448 534 4521 pretam
561 4456 765 4506 conmttutionis
784 4449 896 4515 luerint,
950 4458 1072 4509 excuset.
1091 4469 1101 4505 i

115 4526 271 4583 obedientes
284 4529 422 4588 maneant,
437 4533 526 4591 neque
538 4526 642 4590 partem
654 4518 689 4574 ab
701 4516 821 4575 Ecclesia
836 4534 898 4574 sus·
993 4521 1149 4593 Stepbaiius
1172 4535 1241 4592 papa
1260 4519 1373 4592 quintus
1394 4519 1478 4576 Leoni
1504 4519 1645 4576 Scinnensi
1676 4520 1759 4590 cpi·.

114 4595 218 4666 cipiant
235 4613 242 4650 ε
262 4607 407 4666 quousque
427 4604 443 4645 a
461 4589 540 4646 nobis
557 4589 692 4646 senectia
704 4603 786 4659 super
800 4589 898 4659 bajus·
953 4607 1036 4668 scopo
1054 4609 1061 4646 ε
1080 4611 1090 4644 r
1106 4590 1143 4646 De
1157 4589 1301 4646 manifesta
1317 4600 1344 4646 et
1359 4600 1421 4646 nota
1436 4590 1559 4660 pluribus
1578 4604 1664 4646 eausa
1681 4606 1735 4645 tion

114 4664 222 4723 celnodi
238 4664 294 4719 Deo
309 4663 474 4719 concedente
494 4658 648 4729 procedat.»
949 4669 1015 4719 sunt
1026 4660 1165 4733 querendi
1177 4668 1276 4727 testes;
1295 4669 1326 4714 ut
1337 4669 1447 4716 sanctus
1457 4658 1618 4716 Ambrosius
1630 4659 1657 4714 in
1671 4658 1737 4728 Epi-

150 4733 280 4792 Nicclans
293 4734 393 4789 (larcio
415 4729 508 4786 arcbie
528 4728 620 4798 isccpc
636 4727 736 4798 eteius
763 4727 897 4800 suffraga-
949 4732 1048 4789 stolam
1066 4731 1100 4786 ad
1115 4729 1274 4786 Corinthios
1289 4729 1365 4795 dicit,
1381 4729 1415 4785 de
1426 4728 1606 4786 lornicatione
1628 4738 1737 4784 senten·

115 4820 188 4864 uoot
205 4823 215 4858 t
232 4803 404 4870 Sacerdotes,
419 4799 443 4856 si
456 4799 485 4853 iii
511 4798 689 4854 ornieationis
703 4799 851 4867 ceciderint
859 4800 898 4854 la·
951 4803 1017 4858 tiam
1031 4815 1170 4872 exponens
1192 4799 1325 4870 Apostoli.
1348 4798 1464 4869 iudicis,
1489 4800 1613 4870 inquam,
1626 4813 1680 4852 oon
1694 4807 1737 4853 cst

116 4890 230 4945 queuin,
246 4881 274 4931 et
290 4871 413 4929 criminis
434 4866 606 4935 manifestus,
624 4866 682 4924 sire
694 4875 821 4924 ostensus
837 4867 898 4924 lue·
950 4874 1010 4929 sine
1025 4877 1186 4927 accusatore
1197 4867 1349 4936 damnare,
1374 4868 1439 4941 qula
1460 4866 1594 4924 Dominus
1616 4866 1734 4934 ludam,

115 4947 152 5001 rit
165 4953 253 5013 actus,
274 4939 419 5002 sacerdotii
434 4953 489 4994 non
516 4947 634 5012 possunt
651 4936 751 4992 babere
766 4937 898 4994 bonorem
950 4956 1012 4998 eum
1027 4939 1125 4996 luisset
1139 4938 1194 5003 lor,
1206 4938 1271 5007 quia
1284 4953 1339 4993 nnn
1354 4946 1509 5007 accusatus,
1523 4938 1638 4994 minime
1658 4938 1734 5007 abie-

117 5014 267 5071 seeundum
283 5011 423 5070 mnouicae
438 5007 617 5070 institutionis
631 5007 860 5063 auctoritatem.»
950 5014 997 5068 eit.
1011 5009 1126 5080 Cognito
1147 5014 1238 5063 autem
1258 5020 1341 5078 opere
1356 5007 1408 5065 isto
1431 5008 1586 5080 pellendum
1602 5005 1680 5063 illum
1701 5007 1736 5061 de

151 5082 207 5142 lieo
232 5082 370 5142 secundus
383 5078 519 5150 episcopis
544 5086 572 5134 et
594 5077 653 5149 regi
678 5075 874 5132 Dalmatiarum
889 5095 896 5130 z
949 5088 1022 5137 caetu
1036 5078 1213 5133 fraternitatis
1228 5078 1345 5133 censuit.
1359 5078 1460 5135 Omnes
1471 5079 1544 5135 enim
1558 5077 1661 5132 crimen
1673 5075 1734 5144 ejus

120 5172 131 5207 t
145 5151 175 5208 Si
188 5155 252 5225 quis
265 5153 363 5209 amodo
378 5151 535 5221 episcopus,
548 5147 699 5220 presbyter,
713 5145 846 5202 diaeonus
859 5146 898 5202 le·
950 5150 1082 5216 sciebant,
1097 5154 1125 5203 et
1138 5161 1191 5201 non
1203 5146 1489 5218 arguebant.‘l’ubliee
1500 5146 1572 5203 enim
1588 5159 1732 5200 ncteicam

118 5223 221 5279 initiam
235 5222 381 5296 acceperit,
397 5220 439 5276 iel
461 5228 599 5290 acceptam
613 5217 766 5285 retinuerit,
786 5218 899 5288 proprio
953 5233 1032 5276 suain
1046 5219 1106 5273 loco
1117 5215 1212 5273 uxoris
1228 5217 1354 5274 babebat.
1366 5216 1395 5274 ln
1407 5233 1462 5289 qua
1474 5232 1504 5272 re
1518 5229 1606 5285 neque
1617 5215 1734 5293 testibus

118 5292 203 5364 gradu
223 5295 345 5360 decidat,
362 5303 506 5361 iisqueouo
519 5289 553 5343 nd
565 5285 781 5344 satisfactionem
793 5288 894 5343 teniat:
950 5303 1020 5360 opus
1035 5295 1103 5350 erat,
1118 5302 1206 5356 neque
1218 5287 1442 5359 tergiversatione
1454 5286 1545 5357 aliqua
1563 5292 1669 5355 poterat
1679 5291 1733 5355 tegi

118 5378 168 5419 nec
178 5363 206 5417 iii
222 5363 307 5419 choro
320 5359 493 5431 psallentium
509 5366 626 5425 maneat,
641 5371 692 5413 uec
704 5355 823 5428 aliquam
836 5370 899 5427 por·
949 5361 1064 5415 crimen.
1083 5356 1117 5411 Et
1128 5355 1290 5426 paulopost,
1304 5357 1404 5412 absens
1416 5356 1494 5417 lacie,
1507 5369 1627 5425 presens
1641 5362 1734 5407 autem

118 5431 220 5488 tionem
235 5432 363 5488 derebus
377 5428 570 5488 ecclesiasticis
587 5426 694 5482 babeat.
711 5444 722 5477 i
949 5429 1112 5484 auctoritate
1129 5417 1259 5496 Spiritus,
1272 5427 1319 5496 qui
1339 5439 1474 5495 iiusqiinm
1490 5427 1577 5489 abest,
1590 5423 1646 5492 jain
1663 5423 1734 5491 judi·

151 5499 285 5557 Martinus
292 5516 365 5573 papa
380 5497 504 5555 ernaudo
518 5516 524 5551 :
542 5516 552 5550 i
568 5496 621 5564 Qui
644 5495 728 5551 semel
742 5503 804 5567 post
818 5509 897 5552 suain
949 5500 1008 5554 caii
1022 5507 1052 5553 ut
1069 5510 1189 5568 presens
1200 5510 1274 5562 cum,
1287 5496 1396 5568 quiboc
1408 5493 1527 5560 admisit,
1541 5497 1610 5547 tradi
1626 5492 1734 5547 Seitaiiie

117 5571 318 5632 ordinationem
326 5572 354 5625 in
362 5572 440 5640 lapsu
450 5566 751 5637 cccidti,detncepsjani
758 5566 898 5636 depositus
949 5568 977 5623 in
993 5569 1131 5624 listeritum
1143 5566 1243 5620 meinis.
1262 5585 1271 5616 i

118 5642 180 5713 etit,
190 5642 351 5712 nullumque
358 5639 471 5712 gradum
487 5637 633 5694 sacerdotii
644 5637 743 5707 poterit
753 5636 894 5707 adipisci.»

275 5731 411 5797 Ptraot.
427 5729 560 5793 eneti.
929 5777 934 5784 .
1535 5720 1571 5785 lit
