3892 6067
181 312 251 375 loti
655 293 807 359 corboili
825 293 1020 354 insanabili
1041 291 1313 350 nslcltoasnlzno.
1739 285 1813 341 ibib

179 432 305 492 sentibus
319 436 366 485 snt
378 421 531 497 praeteritis.
556 418 590 473 Et
607 417 721 487 pulelrre
733 413 884 485 sumpsisse
900 409 969 466 diei·
984 416 1007 472 A
1020 408 1139 463 animam
1154 419 1301 476 parumper
1315 400 1416 473 egredi,
1429 406 1563 501 qnatenus
1579 395 1655 497 viros
1670 394 1772 451 imitari
1785 409 1814 451 et

180 505 907 595 turtqmponum,quodarorluiatienisirsstrumentum
920 515 969 554 eo·
1021 498 1102 569 digne
1119 495 1173 549 liro
1192 507 1291 549 canere
1314 490 1410 562 possit.
1437 486 1532 558 benedt
1556 499 1630 589 enim
1656 491 1764 584 oportet
1778 499 1815 538 er

179 618 251 672 rium
278 620 320 668 est
343 612 370 671 in
394 608 469 678 ligno
491 613 644 666 estmsum,
662 597 853 669 siqniliestque
877 593 969 649 earnis
1022 588 1150 659 AEgypto,
1169 585 1285 640 tratrsire
1298 595 1384 647 mare,
1396 587 1426 633 nt
1439 581 1813 680 eanasprrmumeantream

180 702 430 764 mortificationem,
447 698 506 754 sine
525 710 579 766 qna
599 691 672 747 nulla
687 697 777 760 potest
795 687 886 743 anima
906 699 970 755 prn-
1023 688 1062 745 tn,
1087 678 1133 747 qni
1159 674 1231 761 iugis
1253 672 1422 728 Pharaonem
1441 661 1693 767 invisibilemosrrd
1721 671 1815 765 tannen

181 796 243 851 bam
259 808 289 847 se
303 792 433 846 exhibere
445 785 632 842 cantatricem.
658 780 693 834 bt
706 794 817 850 rqrssroe
836 787 909 841 sunt,
928 777 970 830 in·
1022 771 1112 826 adhue
1122 769 1202 837 lonqe
1213 781 1243 821 es
1257 779 1273 820 a
1287 763 1401 819 Cantica
1413 760 1594 821 cantieorum,
1609 764 1679 811 slent
1699 770 1747 825 qur
1771 770 1816 809 tn·

180 887 251 958 quit,
264 899 353 939 omnes
364 880 485 936 mulieres
502 886 560 948 post
577 891 646 930 eom.
667 872 790 926 liuliern
804 868 917 923 mollitie
928 867 972 922 di
1024 870 1077 917 trat
1088 861 1114 915 in
1129 855 1336 923 sanumnruitis
1347 867 1417 923 opus
1429 851 1520 917 babet,
1531 857 1562 905 ut
1578 849 1661 903 intret
1676 846 1703 901 in
1718 854 1817 901 sanna

182 987 226 1033 eta
250 989 301 1032 est.
325 974 379 1029 Sed
403 980 510 1042 oportet
534 968 569 1023 ab
583 967 641 1037 ipsa
663 961 775 1018 mollitie
789 975 840 1016 sun
864 958 970 1014 lidelsm
1023 959 1192 1008 sannorum.

192 1105 1806 1158 ‚W

442 1305 774 1412 oxrosll'lo
812 1307 876 1398 IN
912 1297 1220 1395 cauliculi
1256 1293 1546 1393 ululent.

925 1489 1005 1548 CAP.
1025 1488 1068 1545 ill.

226 1838 306 1902 Voss.
322 1832 383 1908 nl.
404 1836 524 1900 Domine,
548 1828 639 1886 oudini
658 1825 820 1881 auditionem
842 1830 932 1885 tuom,
952 1826 978 1871 et
992 1816 1014 1878 B
1028 1825 1055 1872 et
1067 1831 1130 1887 quae
1144 1808 1211 1873 mihi
1224 1812 1276 1872 init
1291 1831 1373 1873 eausa
1391 1815 1537 1887 passionis,
1563 1816 1657 1873 eadem
1668 1826 1710 1874 est
1722 1817 1818 1891 gloria

186 1937 276 1994 timui.
288 1913 410 1995 mantne,
424 1943 488 1998 opus
504 1934 577 1979 tuum
590 1923 618 1975 in
633 1894 976 1980 medioonnorontsriuifira
1028 1919 1056 1964 et
1070 1908 1194 1964 honoris.

188 2025 268 2081 ittae.
289 2022 323 2077 ln
347 2019 432 2074 medio
456 2030 585 2070 annnorum
599 2010 869 2080 satrianensem
890 2007 977 2060 iratus
1063 2000 1269 2072 Qualiaeunque
1282 1999 1338 2057 sint
1351 2000 1420 2068 bae,
1443 2000 1510 2057 illud
1520 2008 1594 2058 reete
1609 2001 1735 2068 dixerim,
1750 2002 1818 2072 qnia

189 2113 285 2186 imas,
298 2107 487 2165 misericordie
499 2082 686 2160 recordaberis.
706 2099 793 2167 Quam
813 2097 855 2153 nel
868 2097 977 2168 qualem
1028 2102 1098 2162 opus
1115 2092 1174 2163 bae¹
1192 2106 1321 2164 magnum
1337 2102 1448 2164 nmque
1474 2092 1751 2164 incomprehensibile
1763 2104 1818 2162 est,

190 2201 299 2259 Domini
311 2199 476 2255 auditionem
491 2195 542 2251 iste
554 2192 667 2257 aridirit,
680 2199 708 2246 et
720 2185 918 2244 timuitiilIam
933 2185 979 2240 nio·
1031 2193 1064 2239 ut
1081 2183 1208 2254 quisquis
1232 2185 1332 2254 dignus
1359 2183 1410 2241 init
1431 2184 1527 2241 audire
1556 2185 1722 2240 auditionem
1745 2186 1818 2259 ejus.

189 2291 291 2347 mirum
316 2303 398 2359 quam
436 2286 494 2355 ipse
518 2281 690 2354 postmodum
713 2277 795 2334 edicit
809 2294 816 2332 :
831 2275 913 2340 Deus,
935 2275 980 2329 in-
1029 2283 1103 2332 recte
1113 2277 1208 2331 timeat
1220 2287 1248 2331 et
1268 2284 1329 2333 oret
1343 2291 1394 2347 pro
1415 2276 1643 2346 ignorationibus.
1656 2274 1725 2331 iiam
1739 2277 1815 2347 igno·

190 2381 300 2452 quiens,
315 2378 347 2432 ab
367 2386 457 2430 nostro
476 2374 569 2441 reniet,
587 2385 611 2428 et
632 2378 739 2426 suiectus
757 2371 790 2423 ds
804 2376 891 2422 monte
908 2365 980 2420 Pito-
1029 2367 1148 2422 martiam
1164 2367 1274 2438 quidem
1289 2367 1371 2437 buius
1384 2368 1423 2423 rei
1435 2368 1528 2424 nntius
1541 2368 1642 2424 bahem
1659 2368 1751 2434 debet,
1771 2369 1819 2425 sed

190 2486 258 2534 rom·
275 2484 375 2522 cornua
389 2463 548 2521 inmanibus
568 2462 636 2532 ejus,
653 2460 691 2514 ibi
710 2456 911 2513 absconditoest
923 2456 981 2527 for·
1029 2458 1238 2529 ignorationem,
1259 2458 1535 2514 inconsiderationem
1550 2458 1625 2529 ejus,
1640 2459 1750 2531 quinon
1767 2460 1819 2515 ba·

190 2557 276 2613 titudo
302 2556 369 2626 ejus,
396 2564 449 2610 ete.
475 2551 614 2609 Veraeitor
634 2549 791 2621 hujusmodi
810 2547 979 2603 auditionem
1029 2548 1102 2614 beat,
1115 2546 1207 2603 nulius
1219 2555 1272 2614 est,
1285 2546 1349 2618 quia
1367 2547 1460 2602 nullus
1472 2548 1506 2602 ad
1521 2548 1631 2618 plerrtmt
1643 2536 1821 2605 condideram

191 2647 329 2706 audiendo
342 2646 438 2701 timere
451 2646 507 2701 site
517 2657 696 2716 expavescere
712 2641 800 2697 tidelis
812 2648 839 2696 et
849 2638 980 2710 sapientis
1029 2637 1071 2693 rel
1086 2638 1222 2693 aestimare
1237 2645 1337 2708 potest.
1364 2634 1423 2693 Non
1444 2648 1535 2693 tamen
1557 2639 1642 2694 timor
1659 2639 1821 2710 hujusmodi

173 2727 175 2731 ’
190 2740 275 2796 animi
288 2744 341 2794 est.
356 2735 496 2803 Quantum
507 2736 580 2792 enirn
596 2735 648 2789 bne
669 2741 720 2799 est,
733 2731 807 2803 quud
822 2730 934 2788 ueniens
950 2729 980 2784 in
1030 2729 1112 2785 timor
1127 2737 1169 2785 est
1179 2730 1286 2786 servilis
1298 2738 1346 2786 out
1356 2731 1482 2801 poenalis,
1501 2731 1548 2786 sal
1559 2740 1602 2787 est
1616 2731 1822 2787 timorsanetus

190 2829 265 2886 hune
279 2831 412 2885 mnndum
434 2824 542 2882 Denset
555 2823 687 2880 Dominus
702 2822 835 2889 omnium,
851 2821 981 2891 maiestas
1030 2833 1195 2889 permanens
1218 2819 1389 2875 insacnlnm
1403 2820 1506 2887 monii,
1520 2835 1602 2891 quern
1622 2820 1743 2877 ebaritas
1765 2837 1822 2878 non

191 2916 325 2977 altissima
349 2918 456 2976 eunctis
482 2916 628 2973 virtutibus
658 2915 790 2974 eoelorum
816 2911 936 2969 timenda
954 2919 983 2968 et
1031 2907 1106 2966 foras
1117 2908 1212 2975 mittit,
1225 2909 1272 2964 sed
1286 2908 1361 2966 intus
1375 2908 1496 2976 adducit,
1521 2908 1549 2966 in
1571 2925 1627 2981 quo
1649 2912 1821 2982 najestatem

191 3008 341 3078 adorando,
368 3025 451 3066 earne
477 3016 627 3077 assumpta,
655 3004 783 3060 manibus
808 3002 923 3059 eonllris
947 3001 987 3057 ad
1032 2999 1313 3058 aeterailiellanlant
1335 3001 1435 3072 angeli,
1459 3002 1576 3058 adorant
1598 3002 1821 3069 dominationes,

190 3102 282 3158 erucis
294 3116 397 3157 currina
420 3098 591 3171 pependerit;
606 3105 634 3153 et
652 3106 682 3152 ut
702 3097 754 3152 boe
776 3102 924 3166 pateretur,
952 3102 984 3150 ut
1034 3100 1155 3148 trenmnt
1169 3100 1329 3163 potestates.
1341 3091 1399 3148 lloa
1409 3108 1441 3147 es
1454 3092 1513 3163 ipsa
1525 3109 1554 3149 ro
1567 3095 1634 3150 satis
1645 3095 1823 3151 manifestum

191 3202 248 3248 tam
263 3193 333 3248 male
344 3198 507 3247 tractaretur
516 3198 608 3247 tantus
625 3188 766 3254 Domitius,
780 3185 983 3243 contumacium
995 3159 1019 3217 c
1033 3195 1085 3241 est.
1100 3183 1168 3240 Nam
1184 3186 1230 3241 ubi
1248 3185 1339 3241 disits
1358 3184 1456 3240 dudini
1470 3187 1632 3242 auditionem
1647 3198 1732 3256 tuom,
1746 3197 1773 3244 ot
1787 3189 1824 3242 tl·

192 3285 272 3353 eulpa
287 3297 429 3338 serrorum
444 3295 526 3338 eausa
539 3279 667 3337 exstitlti
684 3277 815 3348 Quisquis
824 3276 983 3333 eorumdem
1033 3277 1099 3344 nsi,
1113 3290 1167 3331 non
1189 3275 1255 3333 tibet
1268 3275 1419 3343 subaudiri,
1437 3291 1470 3332 ne
1498 3276 1584 3344 deret,
1600 3277 1674 3349 qnod
1697 3277 1823 3335 laturum

194 3385 336 3444 seruorum
356 3371 427 3427 bane
444 3371 609 3427 auditionem
628 3368 714 3433 audit,
735 3368 761 3423 id
779 3376 820 3424 est
839 3368 922 3424 sentit
940 3367 984 3424 rei
1033 3385 1094 3426 esse
1106 3369 1281 3436 auditricem
1296 3369 1520 3442 dieatprutinns:
1535 3370 1656 3438 Domine,
1669 3388 1734 3443 opus
1747 3379 1824 3427 ιιιιιιιι

193 3463 329 3536 intelligi,
356 3462 419 3535 (boe
442 3463 515 3517 enim
535 3472 576 3518 est
598 3461 763 3517 auditionem
780 3460 884 3527 audire,
910 3458 984 3531 quod
1034 3461 1062 3515 in
1078 3459 1165 3515 medio
1181 3458 1440 3529 antonomasiam
1460 3460 1537 3516 illud.
1561 3459 1619 3519 lloe
1637 3460 1728 3533 ipsum
1740 3462 1825 3519 eitius

193 3555 297 3611 audivit
308 3554 384 3610 auris
398 3552 534 3625 eorporis,
543 3553 624 3608 etiam
637 3567 703 3607 aure
715 3551 806 3608 cordis
815 3552 983 3623 percipere);
1034 3548 1208 3622 ilerioptarit
1227 3553 1363 3619 etoratit,
1388 3551 1461 3623 quod
1476 3550 1600 3609 futurum
1621 3567 1684 3610 esse
1708 3553 1825 3610 audiens

193 3646 330 3720 quisquis,
346 3645 469 3717 inquam,
483 3644 642 3701 eorumdem
659 3658 801 3700 servornm
817 3642 888 3699 istud
903 3643 984 3699 audi·
1034 3644 1137 3701 timuit.
1156 3643 1228 3717 lirqo
1241 3646 1331 3702 bonus
1349 3646 1441 3711 timor,
1463 3657 1576 3702 sanetus
1594 3646 1687 3715 timor,
1711 3646 1746 3702 de
1768 3663 1826 3718 qno

193 3736 233 3792 rit
248 3747 276 3794 et
288 3737 480 3801 considerauit,
495 3736 633 3807 quomodo
654 3750 709 3791 non
725 3735 825 3803 timuit,
845 3738 985 3807 quomodo
1035 3737 1098 3793 alibi
1128 3735 1297 3793 Psalmista:
1325 3736 1488 3803 «Aboram,
1512 3737 1611 3807 inquit,
1637 3738 1671 3792 ad
1692 3735 1824 3808 tempium

194 3842 249 3883 non
282 3828 413 3901 expositi
438 3827 508 3883 Puta
521 3827 594 3899 quod
616 3828 747 3883 attonitus
773 3827 893 3884 dixerit:
909 3826 983 3883 deu!
1036 3837 1162 3883 sanetum
1184 3837 1262 3884 tuum
1279 3827 1306 3882 in
1334 3828 1432 3883 tirnnre
1453 3837 1501 3883 tun
1520 3824 1608 3897 (Psoi.
1622 3842 1745 3894 etrxrn,
1757 3827 1823 3897 ii.»

195 3917 262 3990 quid
272 3920 325 3973 erit
336 3919 369 3974 de
379 3918 458 3974 nobis
472 3917 558 3973 sertis
569 3917 659 3985 maiis,
669 3933 786 3988 quornm
802 3928 910 3988 pmpter
924 3934 985 3973 see·
1036 3917 1157 3987 iiorrdne,
1173 3920 1271 3991 inquit,
1287 3936 1352 3990 opus
1363 3928 1437 3974 tuum
1447 3920 1475 3973 in
1486 3919 1571 3972 medio
1581 3934 1710 3973 annorum
1720 3920 1828 3989 virifica

193 4008 337 4064 insulem
358 4017 518 4079 mistumque
536 4006 682 4063 Dominum
699 4017 755 4062 turn
779 4009 850 4063 male
875 4007 986 4064 tractui
1036 4011 1116 4068 iliud.
1134 4011 1203 4068 bliro
1217 4011 1300 4066 modo
1320 4021 1372 4067 rste
1393 4026 1448 4066 non
1467 4010 1590 4078 timidus,
1608 4009 1656 4065 sed
1678 4010 1828 4066 timoratos

194 4098 339 4169 θιθιῑῑιὶῑῗ
475 4104 479 4113 '
1036 4113 1064 4160 et
1074 4113 1136 4159 orat
1153 4112 1181 4158 et
1193 4102 1346 4174 prophetat.
1363 4099 1434 4168 Quid
1448 4110 1490 4157 est
1500 4099 1574 4155 euim
1590 4100 1619 4153 in
1633 4100 1719 4154 medio
1737 4115 1827 4153 onno-

228 4189 296 4247 Novi
311 4191 474 4262 quemdam,
493 4190 548 4247 lieo
564 4198 647 4258 teste,
673 4188 719 4261 qui
734 4204 781 4260 per
794 4203 882 4245 nsum
901 4190 988 4245 eleua-
1037 4196 1121 4248 rum?
1136 4193 1189 4259 Qui
1204 4201 1269 4248 sunt
1291 4192 1367 4258 anni,
1387 4205 1506 4263 quorum
1521 4192 1548 4245 in
1573 4191 1659 4245 medio
1683 4191 1743 4246 lieri
1764 4201 1829 4246 orat

195 4284 232 4339 tis
245 4298 355 4339 sursum
380 4283 468 4339 oeulis
488 4282 613 4352 aspicere
628 4296 658 4337 se
682 4280 788 4353 putavit
813 4280 987 4336 altitudinem
1037 4285 1111 4355 qnod
1126 4283 1242 4338 audiens
1265 4280 1390 4336 laturum
1415 4295 1476 4336 esse
1493 4280 1623 4336 timetur?
1639 4280 1735 4336 Annos
1757 4270 1829 4338 is'tus

195 4388 311 4428 suranae
335 4379 362 4426 et
386 4371 630 4441 incircumscriptae
650 4369 856 4441 magnitudinis,
872 4378 900 4424 et
917 4370 987 4425 miro
1038 4375 1153 4430 libenter
1180 4373 1358 4443 intelligimus
1389 4386 1478 4429 annos
1498 4374 1562 4428 rite
1586 4373 1724 4438 bominis,
1753 4385 1828 4442 quos

196 4477 278 4536 atque
290 4463 419 4519 ineffabili
444 4465 524 4519 modo
548 4463 603 4518 elin
618 4462 718 4518 sentire
735 4461 810 4516 iliius
821 4458 987 4516 divlnaiuir·
1001 4480 1024 4535 ῃ
1040 4464 1184 4521 rsalnnsra
1199 4472 1372 4533 computatos
1394 4463 1520 4520 liabens:
1539 4483 1549 4516 ι
1567 4462 1647 4531 llius,
1661 4464 1761 4534 inquit,
1775 4478 1831 4519 an·

198 4557 274 4623 tntis,
288 4565 315 4613 et
326 4556 406 4628 quasi
418 4556 444 4610 in
460 4554 550 4612 raalio
570 4551 691 4624 rjtrsdem
707 4548 867 4618 altitudinis,
880 4552 987 4621 maqni·
1037 4570 1134 4610 norum
1147 4564 1302 4610 nostrorum
1319 4554 1346 4610 ιιι
1364 4555 1431 4625 ipsis
1447 4556 1618 4627 septuaginta
1643 4558 1722 4612 annis
1736 4554 1827 4627 (Psoi.

195 4649 316 4713 tudinis,
333 4647 525 4703 immensitatis
541 4646 632 4700 ridere
657 4650 773 4698 stantem
793 4641 876 4698 nimis
896 4643 986 4697 excel·
1036 4660 1149 4711 exram,
1162 4646 1233 4714 ilii.»
1247 4642 1397 4715 thuidem
1411 4659 1556 4701 numerum
1565 4645 1638 4702 lunc
1648 4655 1830 4701 excesserunt

198 4756 260 4796 sum
274 4749 302 4795 et
314 4739 487 4795 ineffabiliter
503 4736 668 4792 altissimum
692 4734 769 4788 ilium
782 4731 881 4787 Filium
896 4733 986 4788 ltorni·
1036 4737 1201 4807 potentiores
1220 4736 1363 4807 magisque
1386 4735 1524 4791 durabiles
1538 4736 1623 4805 aliqui
1641 4754 1648 4791 :
1665 4736 1713 4792 sed
1730 4738 1754 4789 si
1771 4754 1780 4786 ι
1797 4734 1830 4790 ιιι

197 4831 252 4895 nis,
274 4829 322 4898 qui
347 4829 496 4884 crueillsus
512 4837 554 4883 est
578 4840 629 4897 pro
652 4824 741 4880 nobis.
768 4821 892 4894 Cumque
910 4823 986 4880 uisus
1036 4829 1221 4899 potentatibus
1231 4828 1368 4899 octoginta
1381 4829 1457 4896 antii,
1469 4836 1496 4884 et
1508 4828 1627 4898 amplius
1641 4843 1738 4883 eorum
1750 4827 1831 4884 labor

197 4920 319 4993 ejusdem
336 4919 574 4989 magnoquidem,
589 4918 636 4973 sed
650 4916 739 4982 suari,
751 4915 915 4987 ultraquam
931 4915 985 4971 diei
1036 4930 1064 4976 et
1078 4921 1155 4977 dolor
1167 4920 1268 4993 (ibid).
1288 4941 1298 4974 s
1317 4918 1388 4991 Ergo
1414 4921 1479 4975 anni
1500 4921 1563 4975 ritae
1577 4919 1699 4975 bominis
1716 4929 1832 4990 septus-

198 5019 297 5085 potest,
312 5010 431 5081 pondere
446 5019 624 5081 premeretur,
651 5010 718 5076 brec,
733 5023 816 5080 quam
830 5009 896 5075 dixi,
912 5008 987 5081 cogi·
1037 5012 1112 5081 ginta
1125 5020 1198 5066 sunt.
1210 5008 1343 5065 Futurum
1358 5019 1449 5064 antem
1460 5019 1519 5063 erat
1545 5018 1574 5064 nt
1586 5010 1614 5062 in
1636 5009 1723 5063 medio
1744 5010 1831 5079 bajus

199 5107 315 5164 tatioilli
331 5108 359 5163 in
372 5114 489 5162 mentem
506 5106 578 5161 venit
590 5124 597 5161 ι
611 5104 685 5161 ileu!
701 5105 767 5176 quid
781 5105 833 5160 erit
853 5104 887 5161 de
908 5105 987 5161 nobis
1039 5105 1146 5160 numeri
1162 5118 1298 5159 urinarum
1325 5102 1476 5158 rivillearet
1496 5101 1630 5157 Dominus
1643 5116 1714 5172 opus
1733 5116 1830 5166 suum,

198 5199 286 5255 sertis
300 5199 390 5267 malis,
402 5211 519 5269 quorum
534 5204 645 5266 propter
660 5194 750 5250 scelus
769 5194 850 5250 talem
868 5203 988 5251 tantum·
1038 5212 1106 5266 opus
1118 5196 1323 5263 mortificatum,
1334 5209 1404 5265 opus
1416 5211 1507 5260 suum,
1535 5194 1610 5264 qnod
1624 5203 1666 5248 est
1677 5207 1765 5264 genus
1774 5191 1833 5269 ιιιι·Ι

198 5311 252 5366 qne
266 5293 412 5350 bantinum
435 5304 490 5349 tarn
506 5293 577 5347 malo
591 5292 700 5347 tractari
712 5292 855 5361 oportuiti
881 5293 988 5348 statim«
1039 5302 1161 5345 titanum.
1179 5287 1213 5343 lit
1226 5289 1335 5359 quidem
1351 5298 1378 5344 el
1388 5288 1450 5345 eseli
1463 5296 1490 5343 et
1505 5298 1578 5343 terra
1590 5299 1618 5346 et
1633 5304 1709 5344 utare
1725 5296 1753 5341 et
1766 5300 1831 5340 nm·

198 5405 253 5459 que
267 5388 425 5460 cogitationi
436 5389 500 5443 ιιιιιι
511 5386 563 5442 alia
578 5385 707 5458 cogitatio
724 5386 802 5457 quasi
820 5386 938 5455 desuper·
952 5385 987 5440 ab
1039 5385 1084 5439 nia
1097 5398 1157 5454 qnae
1170 5383 1249 5438 ineis
1267 5391 1342 5448 sunt,
1357 5396 1439 5451 opera
1455 5390 1520 5437 sunt
1538 5381 1656 5437 lionrini.
1673 5379 1727 5436 Sed
1742 5379 1829 5434 isarno

201 5482 261 5550 ipso
279 5479 350 5536 Filio
365 5480 485 5536 hominis
508 5480 609 5535 emissa
635 5479 798 5534 serenissime
824 5479 986 5548 respondit:
1039 5476 1175 5547 ‹prraddam
1187 5491 1256 5546 opus
1273 5475 1390 5544 speciale
1404 5484 1447 5530 est
1468 5472 1588 5540 Domini,
1611 5489 1681 5545 opus
1693 5488 1834 5557 manuam·

202 5584 251 5624 nee
264 5585 314 5639 eqo
329 5587 402 5627 nune
419 5581 512 5628 tantus
526 5569 659 5627 Dominus
684 5572 839 5635 esisterem,
858 5570 911 5626 nisi
924 5586 989 5641 pro·
1040 5565 1158 5620 llomini.
1175 5563 1243 5620 Nam
1255 5564 1289 5620 de
1302 5564 1408 5620 suteris
1426 5583 1436 5617 ι
1454 5563 1527 5619 Dixit
1542 5563 1625 5632 Deus,
1638 5573 1666 5620 et
1678 5563 1750 5619 iacta
1761 5564 1835 5622 sumi

202 5668 261 5725 pler
278 5674 417 5715 sertorum
433 5676 544 5717 eausam
561 5671 615 5718 tam
630 5662 841 5717 nrnielraetatns
858 5661 987 5719 inissem:
1043 5656 1233 5737 (Flamin,
1249 5658 1288 5728 9)-
1303 5676 1314 5708 l
1332 5654 1369 5712 Ul
1382 5665 1473 5713 tillem
1493 5656 1632 5745 bom—inem
1658 5654 1770 5729 sicera.»
1782 5670 1825 5712 ι’·
