3892 6067
138 153 217 210 tite
571 156 636 214 litt.
658 157 703 214 PE
720 161 849 220 ctetttt
868 162 914 218 ET
933 161 1076 220 NONONE
1093 163 1172 220 ttllt
1190 165 1341 223 tlotttttls.
1699 175 1769 231 tlte

134 273 214 327 ritus
225 267 396 333 immundos,
412 277 440 324 et
450 268 598 338 adimplere
621 273 650 329 lu
680 274 791 332 ltomine
821 276 930 332 deitatis
945 284 1027 341 taut
1046 279 1149 346 minus,
1178 296 1262 350 quam
1288 293 1407 349 creator,
1434 282 1613 355 diligendum,
1640 289 1711 345 sicut
1730 291 1768 348 illi

134 359 296 426 miracula3
311 366 401 415 etuoo
412 358 650 443 magispropriuut
661 364 722 433 ejus
733 380 794 420 esse
807 365 932 436 spiritum
983 366 1120 422 somniant
1138 367 1186 437 qui
1207 370 1235 423 itt
1259 369 1369 428 Christo
1397 372 1489 431 minus
1513 375 1663 447 hominem,
1685 397 1768 452 quam

134 454 220 518 dicit,
231 467 280 522 per
292 464 375 521 qoem
386 458 416 505 ει
430 460 558 520 operatus
576 464 619 510 est
635 454 744 512 deitatis
759 456 848 526 signa,
864 471 931 511 ana·
983 455 1068 513 Mum
1086 459 1241 529 scriptitant
1253 477 1315 519 esse
1328 464 1503 535 diligendum.

135 547 234 602 tlrema
251 544 297 601 sit.
317 541 406 597 ritem
422 555 482 611 cap.
500 544 625 600 llrrSi
640 547 772 616 quianon
786 547 932 603 confitetur
1018 546 1062 604 vl.
1079 547 1108 604 ln
1129 552 1245 607 consilio
1274 553 1385 618 illorum
1410 559 1766 628 nortreniatanlmameu,

134 651 253 694 carnem
271 635 373 691 Christi
389 628 593 693 ririllcatrieem
622 636 692 708 (sire
713 638 931 708 utquidamco·
981 639 1104 711 quivero
1120 640 1220 714 losepln
1239 645 1335 715 ingrati
1350 655 1376 702 et
1399 648 1550 707 invidentes
1566 652 1659 722 gloriae
1680 654 1767 724 ipsius

134 728 217 784 dices
228 727 340 796 habeut)
351 726 557 784 vivificatoriam
568 740 640 794 esse,
655 738 682 783 et
694 728 831 798 propriam
843 728 930 798 ipsios
980 728 1008 784 lo
1020 745 1073 799 qua
1084 740 1128 787 est
1139 733 1306 801 adorandos,
1319 736 1457 793 denudant
1471 755 1534 796 eom
1549 754 1598 797 soa
1615 746 1705 801 tunica
1717 748 1766 801 de-

133 832 173 873 ει
193 815 258 873 'lieo
271 814 362 881 Patre,
384 815 466 873 Verbi
482 816 587 873 scilicet
599 817 673 873 relot
695 818 807 875 alterius
831 828 930 889 preter
979 836 1062 890 super
1075 830 1219 891 contexta;
1234 840 1295 895 quae
1305 835 1367 896 apte
1380 827 1493 901 intelligi
1508 840 1598 900 potest
1615 832 1673 903 ipsa
1697 835 1767 891 diri-

133 908 232 977 ipsum
246 907 375 976 copulati,
391 907 537 964 artathema
547 907 594 963 sit.
610 926 620 960 t
979 911 1073 968 nitatis
1086 913 1184 985 gloria,
1199 930 1282 985 quam
1298 916 1336 971 illi
1351 916 1433 974 Pater
1448 936 1515 977 sous
1529 923 1613 990 dedit,
1639 927 1686 996 qui
1701 942 1765 982 cum

172 995 221 1052 lt.
241 995 338 1053 Nonne
360 996 384 1052 si
406 996 526 1067 capitula
545 996 602 1052 haec
617 1011 715 1053 sereno
731 997 830 1053 intuito
846 996 930 1069 inspi-
977 1016 1034 1073 prae
1049 1005 1179 1062 omuibus
1201 1007 1263 1064 liliis
1280 1009 1385 1066 caeteris
1397 1008 1501 1067 dilexit.
1518 1011 1571 1069 Sed
1585 1015 1667 1072 velint
1678 1018 1766 1074 nolint

132 1089 351 1159 ‹interematls
365 1090 661 1146 ostenduntltoutinem
670 1089 826 1162 Deo,qoam
841 1090 927 1148 ῠειιιιι
978 1093 1027 1160 illi,
1040 1095 1098 1164 ipse
1111 1097 1205 1155 viteus
1218 1098 1273 1154 rita
1291 1108 1393 1157 aterna
1408 1101 1566 1160 dominatus
1578 1105 1604 1159 io
1621 1114 1676 1162 tota
1692 1117 1764 1165 terra

133 1181 250 1236 homine
274 1180 424 1236 restituto?
437 1181 572 1251 prectpue
597 1181 644 1236 ulti
669 1191 761 1237 retent
787 1182 926 1237 homiuem
977 1182 1097 1255 AEgypti,
1112 1187 1169 1242 imo
1186 1187 1214 1242 in
1225 1190 1296 1246 coelo
1310 1200 1337 1246 et
1351 1191 1378 1246 in
1396 1200 1468 1249 terra
1485 1196 1621 1253 :restitus
1634 1199 1763 1256 nimirum

132 1271 192 1327 dici
211 1270 358 1338 osterum,
370 1273 504 1343 autquasi
517 1272 661 1329 habentem
678 1272 706 1328 iu
719 1288 749 1328 se
760 1272 807 1328 ltei
820 1273 927 1329 lralrita·
977 1275 1057 1347 lonpc
1069 1277 1167 1337 melius
1179 1296 1261 1350 quam
1273 1282 1380 1351 primus
1390 1283 1485 1352 ltomo,
1504 1284 1551 1357 qui
1563 1289 1670 1357 perdito
1687 1290 1764 1347 inno·

132 1362 250 1430 tionem,
264 1363 337 1433 quod
357 1363 477 1419 heretici
502 1362 649 1432 Photinus,
667 1362 770 1421 Paulus
785 1371 814 1418 ct
833 1361 927 1419 Nesto·
976 1369 1072 1423 centias
1089 1369 1233 1449 simulque
1246 1372 1408 1429 obedientiae
1431 1385 1540 1445 ornatu,
1565 1394 1615 1435 sua
1640 1382 1773 1439 nuditate'

131 1454 196 1510 rios
206 1454 351 1522 docebant,
369 1453 417 1525 qui
443 1454 582 1511 hominem
609 1453 695 1510 ileum
708 1455 861 1526 negabaott
877 1454 925 1510 sed
975 1458 1108 1516 corilusus
1122 1459 1191 1530 [ogit
1209 1477 1225 1516 a
1247 1461 1312 1518 Deo.
1325 1463 1361 1519 dt
1371 1463 1422 1520 iste
1434 1463 1573 1524 formosus
1588 1467 1678 1526 torma
1692 1472 1763 1527 diri·

130 1546 329 1601 vestimentum
341 1553 391 1601 aot
403 1545 591 1602 habitaculum
605 1545 663 1613 liei,
677 1545 926 1618 autorqaountlii·
975 1551 1069 1607 nitatis
1082 1551 1110 1605 io
1132 1549 1189 1607 Deo
1209 1561 1377 1611 estornatus
1391 1555 1438 1611 illo
1452 1558 1626 1629 vestimento,
1653 1562 1682 1617 in
1706 1578 1762 1634 quo

130 1636 256 1693 vinitatis
269 1638 410 1694 homiuem
422 1630 457 1695 de
469 1636 582 1709 Virgine
594 1638 716 1709 territum
727 1638 921 1708 predicabant.
940 1621 961 1677 Β
975 1639 1090 1696 liabetur
1100 1640 1243 1712 scriptum,
1256 1641 1313 1698 lies
1331 1661 1420 1717 repam
1432 1657 1457 1702 ει
1473 1647 1600 1705 Dominus
1625 1652 1762 1707 dominan-

130 1730 212 1797 Quos
223 1729 354 1786 nimirum
365 1742 517 1802 eorumque
531 1744 663 1801 sequaces
677 1728 815 1801 Epliesina
838 1745 922 1802 spno·
975 1730 1052 1786 tiam.
1067 1730 1146 1799 Quod
1165 1746 1264 1789 nomen
1276 1732 1357 1806 llegis
1371 1752 1478 1808 regum,
1499 1749 1526 1795 et
1541 1738 1651 1798 Domini
1673 1743 1761 1799 dorni·

131 1825 189 1881 dus
212 1821 359 1879 manifeste
372 1822 497 1894 coarguit
527 1822 562 1888 iot
578 1820 716 1892 predictis
741 1821 869 1892 capitulis
895 1829 924 1877 ct
974 1823 1108 1889 nantium,
1125 1825 1342 1896 superexcellens
1359 1843 1440 1884 omrte
1460 1845 1571 1900 nomen,
1589 1835 1654 1889 dum
1675 1838 1760 1894 resti·

131 1915 230 1973 tnultls
251 1914 375 1985 epistolis
395 1913 424 1969 in
445 1929 478 1970 ca
497 1913 618 1972 recitatis
644 1922 671 1970 et
692 1914 859 1985 approbatis.
884 1913 923 1970 lte
974 1915 1138 1986 mentoejus
1151 1918 1230 1988 quasi
1245 1918 1346 1987 aureis,
1360 1920 1415 1977 imo
1430 1922 1530 1978 dirlnis
1547 1924 1646 1983 littaris
1662 1928 1761 1984 inscri-

131 2008 305 2079 quibusnon
328 2007 467 2064 estorodo
488 2006 634 2063 dicendum
649 2022 698 2077 per
723 2006 840 2078 singula,
856 2022 922 2064 con·
972 2016 1050 2074 ptum
1073 2008 1195 2063 cernitur
1207 2009 1242 2065 ab
1255 2011 1322 2081 ipsis
1334 2013 1521 2081 dilectoribus,
1536 2014 1655 2087 gandent
1669 2018 1766 2088 ipsunt

132 2098 203 2155 teeti
214 2096 464 2156 ltoclocoruaaitue
476 2095 544 2152 illud
558 2096 723 2168 improbare,
737 2098 821 2169 quod,
833 2106 863 2153 ut
875 2112 922 2154 su·
973 2097 1166 2154 vestimentum
1187 2116 1237 2172 pro
1263 2101 1369 2174 fulgore
1387 2104 1485 2161 divinae
1509 2106 1697 2177 inscriptionis
1719 2126 1760 2167 tan

132 2205 184 2263 pra
199 2188 421 2260 perstrinximus,
436 2186 579 2246 Nestorius
589 2186 777 2256 dixit„imoet
788 2190 921 2260 scriptum
972 2188 1112 2257 testitum,
1125 2189 1256 2262 utlaujus
1274 2194 1405 2262 nominis,
1421 2194 1461 2251 rel
1478 2195 1561 2266 hujtts
1575 2197 1644 2252 tituli
1660 2199 1759 2255 inseri*

131 2282 245 2353 reliquit
269 2299 279 2340 ι
305 2300 315 2336 ι
342 2281 457 2353 Propter
479 2281 605 2340 indutum
630 2283 820 2339 indumentum
844 2284 920 2351 coint
971 2281 1576 2359 ptionemsciaotnonessecomumpendam,
1591 2290 1634 2345 rel
1649 2292 1759 2347 aresti·

132 2383 244 2445 propter
257 2374 394 2431 occttltum
419 2374 505 2431 adoro
517 2374 653 2432 visibilem
669 2393 676 2431 ε
693 2374 883 2446 inseparabilis
903 2390 920 2430 a
971 2381 1064 2429 mento
1078 2373 1130 2428 isto
1140 2374 1301 2431 abolendam
1313 2394 1320 2444 ς
1333 2378 1532 2448 quantumlibet
1545 2379 1657 2450 (errent)
1672 2380 1759 2435 intro·

132 2466 235 2523 risibili
250 2468 338 2535 lleus3
350 2477 461 2538 propter
475 2469 529 2524 lroe
538 2467 649 2523 indivisi
664 2468 797 2524 honorem
812 2483 867 2523 noo
879 2467 921 2524 di·
971 2465 1099 2521 ductores
1113 2465 1194 2521 dulia
1215 2466 1242 2521 in
1265 2466 1325 2537 ejus
1339 2468 1509 2525 adoratione.
1525 2468 1576 2524 Cui
1592 2478 1683 2526 umen
1697 2479 1759 2526 tan·

134 2558 197 2614 ride
212 2577 221 2614 ι
238 2559 331 2615 divido
346 2567 469 2626 neutras,
484 2558 532 2615 scd
548 2559 614 2615 unio
625 2559 822 2614 adorationem.
841 2577 851 2610 r
971 2554 1032 2609 dem
1045 2556 1130 2611 velint
1153 2557 1241 2612 uoliut
1259 2572 1341 2613 omne
1361 2574 1432 2629 geno
1456 2559 1589 2623 flectetur,
1610 2568 1637 2615 ct
1662 2561 1721 2630 ipse
1741 2579 1757 2617 a

173 2649 203 2705 V.
220 2649 347 2707 Poterant
362 2650 448 2706 rideri
460 2659 599 2720 uteunque
609 2650 760 2706 tolerabilia
770 2651 827 2707 lraec
837 2650 919 2717 dicta,
971 2647 1102 2704 iratrtltus
1114 2649 1160 2719 qui
1171 2664 1235 2704 eom
1246 2648 1435 2717 vendiderunt,
1444 2651 1612 2719 adorabitur,
1623 2650 1767 2723 digneque

133 2746 182 2803 ted
197 2746 353 2802 haereticum
367 2745 428 2814 ejus
442 2745 609 2801 intellectum
635 2745 754 2815 produnt
764 2746 918 2816 sequentia,
970 2740 1127 2797 adorandus
1147 2751 1328 2813 agnoscetur;
1345 2743 1456 2813 quando
1481 2746 1539 2814 ipsc
1554 2744 1638 2798 homo
1654 2744 1765 2799 videti-¹

132 2850 195 2889 cnm
210 2833 279 2889 dicit
296 2852 303 2888 ε
324 2851 333 2886 t
349 2830 409 2887 Nou
424 2848 514 2903 perse
528 2832 600 2890 Deus
612 2833 738 2906 estquod
753 2836 918 2905 plasmatum
973 2840 1016 2887 tur
1039 2832 1157 2887 amictus
1176 2831 1280 2887 lumine
1300 2833 1371 2888 sicut
1390 2832 1575 2899 vestimento,
1591 2832 1669 2903 juxta
1690 2832 1756 2887 illud

131 2936 174 2982 est
189 2925 216 2979 in
228 2925 308 2979 rulra
322 2940 331 2977 z
346 2938 399 2978 non
412 2937 461 2993 per
472 2938 502 2979 se
515 2922 588 2980 Dens
598 2934 651 2992 est,
662 2926 735 2995 quod
745 2933 867 2983 creatum
878 2934 955 3011 estc
972 2921 1067 2977 lsaiae:
1082 2919 1116 2974 Et
1128 2921 1178 2975 erit
1197 2921 1246 2976 los
1266 2921 1337 2977 lttnoe
1355 2923 1424 2977 sicut
1440 2922 1487 2977 lua
1507 2922 1580 2991 tolia,
1592 2930 1617 2977 ει
1631 2921 1678 2977 tue
1692 2923 1757 2978 sotir

132 3018 166 3072 de
181 3013 283 3084 Spiritu
301 3032 309 3068 r
323 3028 377 3069 non
394 3029 442 3084 pet
453 3028 483 3070 se
497 3013 569 3071 Deus
581 3023 634 3082 est,
647 3014 720 3086 quod
732 3015 867 3086 sepultum
879 3022 921 3071 est
970 3014 1021 3068 erit
1031 3013 1233 3085 septempliciter
1245 3016 1313 3069 sicut
1324 3014 1371 3069 lae
1381 3026 1477 3085 septem
1488 3015 1601 3083 dierunt,
1613 3016 1641 3068 in
1651 3015 1693 3070 die
1704 3033 1756 3086 qus

134 3108 161 3162 in
174 3105 320 3175 sepulcrot
334 3104 374 3160 sic
391 3103 464 3161 enim
481 3119 606 3162 essemus
620 3106 738 3162 hominis
751 3107 881 3172 cultores,
893 3115 921 3163 et
970 3106 1120 3177 ottipouerr't
1134 3104 1263 3161 Durnium
1278 3105 1372 3161 ruinas
1386 3106 1475 3178 populi
1498 3107 1550 3173 mi,
1567 3115 1591 3160 ct
1616 3123 1756 3176 pereusso-

134 3196 235 3253 mortoi
247 3195 368 3251 cultores
384 3194 544 3253 manifeste:
560 3195 754 3267 sedquoniam
769 3197 797 3251 io
812 3212 916 3253 assum·
970 3211 1029 3249 rom
1041 3196 1127 3267 ptopoe
1142 3196 1199 3265 ejus
1214 3198 1346 3252 consuerit
1367 3195 1436 3266 (lto.
1462 3212 1528 3264 ιιι,
1543 3197 1601 3267 26).
1620 3195 1755 3264 Quaenam

135 3296 179 3357 pto
190 3285 272 3351 Deus,
286 3300 320 3341 ex
333 3293 492 3342 assumente
502 3296 670 3358 assumptus,
681 3288 921 3344 utassumeotico·
969 3299 1011 3342 est
1023 3287 1087 3343 luna
1098 3303 1160 3358 quae
1172 3296 1238 3343 tunc
1252 3288 1353 3343 lucebit
1370 3288 1440 3344 sicut
1451 3288 1492 3344 sol
1506 3289 1610 3358 absque
1629 3289 1757 3345 uarietate

134 3379 241 3449 palatus
254 3377 440 3447 coappelletur
458 3376 567 3433 Deus.»
592 3377 655 3435 llaec
668 3379 763 3435 diceus
779 3379 918 3435 hominem
969 3379 1099 3435 crementi
1114 3388 1142 3435 et
1163 3380 1339 3448 decrementi,
1362 3380 1463 3450 quibus
1487 3396 1560 3437 nunc
1581 3380 1704 3436 variatur
1727 3381 1754 3436 in

134 3478 302 3540 assumptum
326 3470 445 3525 secernit
465 3471 501 3525 al)
521 3469 691 3540 adoratione,
709 3487 813 3543 negans
828 3488 876 3543 per
890 3488 920 3529 se
970 3471 1023 3526 isto
1034 3472 1144 3539 saeculo,
1156 3471 1209 3529 nisi
1223 3470 1345 3528 Ecclesia
1366 3487 1428 3543 quae
1441 3472 1571 3528 tuncerit
1585 3472 1685 3528 similis
1704 3472 1756 3529 soli

133 3560 228 3628 Deum,
249 3576 330 3632 quem
348 3569 440 3616 tamen
455 3560 606 3616 assumenti
630 3561 729 3618 asserit
745 3562 919 3632 coappellari·
969 3576 1031 3628 suo,
1055 3561 1111 3617 Deo
1129 3566 1202 3618 suot
1215 3560 1331 3625 Sontes,
1344 3561 1434 3632 inquit
1453 3560 1583 3629 loannes,
1598 3563 1672 3632 poio,
1696 3579 1756 3616 cum

134 3654 197 3707 dnm
212 3650 308 3708 Deum.
320 3650 376 3708 Nos
388 3661 479 3707 auteur
492 3651 574 3706 corde
584 3650 723 3708 credimus
736 3653 770 3707 ad
781 3653 917 3722 justitiam
969 3652 1134 3720 apparuerit,
1144 3651 1275 3706 similesei
1286 3652 1394 3718 emmor,
1406 3652 1531 3722 moniam
1541 3652 1685 3706 uidebimus
1697 3669 1756 3707 eom

133 3755 159 3801 et
172 3758 220 3799 ore
245 3744 408 3800 condtemur
433 3743 468 3799 ad
482 3742 737 3815 salutem,llirginis
753 3745 838 3800 illium
855 3760 919 3801 rere
969 3743 1048 3796 sicuti
1072 3750 1112 3796 est
1138 3741 1166 3811 (l
1182 3740 1263 3796 loon.
1284 3756 1314 3808 n,
1335 3741 1394 3811 28).
1409 3739 1469 3809 lpsa
1495 3751 1586 3797 autem
1615 3742 1662 3795 lut
1690 3742 1756 3798 solis

134 3835 218 3890 ileum
231 3848 302 3899 esse,
317 3835 382 3890 licet
403 3850 455 3889 troo
470 3852 487 3889 a
502 3850 540 3901 se,
553 3842 643 3890 mosen
657 3851 704 3904 per
721 3850 758 3899 te,
772 3850 826 3891 non
844 3851 859 3891 a
878 3852 917 3905 se,
969 3840 1071 3904 quanta
1089 3832 1141 3889 erit
1152 3833 1164 3887 i
1174 3832 1246 3888 sicot
1258 3833 1305 3887 lus
1315 3839 1417 3904 septem
1431 3832 1547 3898 dierum,
1563 3832 1652 3901 inquit
1665 3851 1671 3886 ι
1683 3832 1763 3903 quod·

133 3927 196 3997 qula
224 3940 275 3982 nec
288 3927 317 3981 in
341 3925 512 3981 humanitate
533 3940 585 3981 nec
600 3925 628 3981 io
653 3924 797 3981 diuinitate
815 3927 919 3997 aliquid
968 3924 1108 3979 estdicere
1128 3942 1135 3978 :
1156 3923 1270 3991 Quanti·
1281 3923 1414 3979 claritatis
1428 3931 1488 3978 erat
1502 3921 1623 3978 Verbum
1635 3938 1698 3979 cum
1708 3939 1755 3979 sex

134 4019 215 4083 habet
235 4018 289 4075 nisi
314 4034 330 4075 a
344 4016 435 4085 Patre,
451 4034 466 4074 a
489 4033 544 4089 quo
561 4017 585 4073 ei
600 4025 642 4074 est
655 4032 709 4073 noo
726 4017 816 4073 soluto
831 4017 917 4073 licum
968 4014 1064 4070 diebus
1084 4015 1179 4070 iterent
1195 4017 1299 4083 omnia,
1316 4024 1343 4070 et
1360 4015 1477 4085 septimo
1502 4015 1548 4070 die
1570 4017 1755 4086 compleretur

134 4108 366 4178 leitilamma
392 4120 419 4166 et
444 4108 664 4167 hominlsllllom
689 4124 760 4166 esse.
789 4108 916 4167 Attamen
968 4122 1125 4178 opussuum
1138 4107 1397 4178 peripsnm;tantae
1410 4106 1545 4162 claritatis
1556 4106 1583 4160 itt
1595 4122 1677 4162 carne
1691 4123 1752 4173 sna,

133 4202 203 4273 qood
215 4218 230 4257 a
243 4201 324 4258 Patre
338 4202 428 4267 habet,
443 4201 470 4256 in
484 4210 597 4272 utraque
607 4210 705 4258 natura
717 4216 766 4273 per
780 4215 810 4258 se
824 4201 914 4257 halet.
938 4196 942 4203 '
968 4198 1071 4254 scilicet
1087 4199 1114 4253 in
1139 4196 1249 4252 homine
1267 4204 1408 4268 assumpto
1419 4206 1485 4252 tunc
1497 4198 1550 4252 erit
1564 4197 1633 4267 apud
1645 4197 1752 4253 Patrem

133 4292 218 4349 liniret
237 4293 571 4365 ipeelromodlrinitatem
592 4310 676 4366 quam
696 4294 821 4364 accepit:
837 4293 917 4350 habet
932 4285 955 4340 l)
969 4305 1061 4345 snum.
1086 4287 1143 4345 lloc
1160 4288 1233 4344 euim
1254 4288 1357 4358 etipse
1375 4287 1473 4342 orabat
1498 4286 1593 4342 dicens
1613 4307 1619 4342 :
1638 4286 1671 4341 Et
1685 4303 1754 4343 orrnc

134 4387 201 4445 idem
217 4387 276 4458 ipse
288 4385 361 4444 Dent
384 4385 581 4442 quaternitatem
597 4402 680 4458 qnam
708 4386 827 4459 suscepit
848 4406 855 4441 2
880 4388 917 4442 tta
967 4378 1085 4450 clarifico
1096 4395 1146 4445 ate,
1160 4377 1252 4445 Pater,
1267 4380 1339 4449 opud
1354 4380 1528 4448 temetipsum,
1543 4377 1665 4432 claritate
1675 4395 1754 4448 qoem

133 4490 161 4537 nt
172 4491 199 4536 et
210 4481 294 4536 homo
307 4495 372 4536 vera
387 4478 528 4535 divinitate
543 4477 627 4548 Deus,
650 4488 679 4534 ct
702 4478 773 4535 licus
786 4496 849 4536 vera
865 4481 917 4535 lno-
966 4471 1223 4544 'subterminatum
1236 4472 1349 4526 mandra
1362 4472 1445 4541 tieret,
1460 4471 1531 4541 opad
1544 4480 1578 4525 te.
1594 4469 1660 4537 Qua
1672 4470 1755 4527 rocha

134 4572 260 4631 maritate
273 4572 414 4641 sltltomo;
429 4586 491 4627 cum
506 4579 599 4627 minen
612 4586 664 4627 nec
677 4571 807 4640 divinitas
820 4573 857 4628 sit
869 4575 917 4628 ltu·
967 4563 1070 4618 millis
1092 4578 1141 4633 lll⁰
1154 4562 1350 4619 clalis'fflllffllss
1374 4578 1432 4617 ⁵¹¹ae
1448 4562 1539 4617 “alnis
1553 4575 1692 4631 0¹P0¹¹P¹¹⁸
1705 4559 1750 4615 ffl·

134 4666 258 4733 manitas,
272 4679 323 4720 pter,
336 4663 493 4719 humanitas
503 4662 631 4719 divinitas
654 4663 682 4717 in
698 4678 752 4718 utta
767 4663 917 4735 eademque
966 4651 1176 4710 latiusinlibro
1193 4656 1274 4709 tellit)
1289 4655 1322 4709 de
1335 4653 1477 4721 Ttlttitale,
1493 4653 1554 4707 ait:
1580 4672 1590 4705 t
1615 4651 1693 4709 Nunc
1705 4670 1755 4708 llll·

134 4772 256 4829 persona,
271 4772 333 4827 quae
352 4770 406 4810 oon
421 4752 545 4817 dimidia,
562 4753 610 4808 sed
627 4761 681 4809 tota
695 4762 738 4811 est
763 4755 915 4819 adoranda,
967 4753 1021 4799 tem
1044 4745 1110 4814 quid
1133 4745 1206 4814 quod
1232 4744 1304 4815 apud
1320 4742 1428 4798 Patrem
1443 4742 1646 4799 clarificationis
1660 4759 1756 4813 caspe-

133 4858 224 4920 utpote
242 4863 297 4904 uua
311 4847 339 4902 in
351 4845 484 4901 Trinitate
499 4860 627 4914 persona.
644 4842 674 4898 ln
686 4860 740 4915 qua
760 4859 815 4899 noo
832 4845 916 4899 homo
967 4844 1044 4900 ctat?
1057 4840 1159 4910 Nempe
1170 4840 1222 4896 ltoc
1238 4837 1312 4909 qood
1325 4837 1421 4893 habuit
1436 4838 1508 4907 apud
1520 4854 1582 4894 euru
1595 4839 1754 4909 priusquam

134 4938 185 4996 lico
198 4946 241 4996 cst
251 4936 452 5000 coadorandus,
468 4942 497 4989 ut
511 4934 597 4990 roloit
610 4931 753 4990 Nestorius
772 4933 918 4989 haeresiar·
967 4933 1085 4990 mondus
1108 4938 1191 4988 essct.
1228 4927 1329 4984 Habuit
1358 4928 1556 4998 plenitudinem
1584 4927 1754 4992 divinitatis,

133 5033 191 5098 elta,
202 5031 251 5088 sed
263 5030 435 5087 omninouua
449 5027 565 5098 eitnplici
577 5026 736 5083 adoratione
746 5027 915 5096 adorandus;
967 5036 1049 5096 atque
1063 5024 1161 5089 inaltet3
1182 5036 1301 5090 namque
1323 5018 1370 5075 liei
1394 5018 1481 5075 Filius
1494 5028 1556 5074 est:
1573 5019 1621 5075 sed
1634 5018 1681 5088 qui
1696 5027 1756 5077 erat

134 5129 223 5190 utpote
234 5135 318 5178 verus
331 5130 359 5176 et
369 5135 423 5177 uon
437 5118 523 5175 lolem
536 5119 618 5182 licus,
635 5117 733 5174 unicus
746 5118 880 5175 naturalis
890 5127 917 5174 ct
967 5115 1014 5170 lici
1026 5114 1121 5180 Pilius,
1132 5122 1160 5168 et
1172 5111 1291 5168 lromiois
1302 5125 1363 5167 esse
1375 5119 1495 5180 coeperat
1508 5107 1668 5165 illuminat
1681 5106 1754 5162 enim

21 5268 29 5283 ,
55 5220 59 5225 ’
135 5225 185 5268 oon
196 5210 338 5282 adoptivus
351 5209 398 5266 liei
412 5209 496 5266 lilius.
514 5208 544 5264 ln
564 5223 621 5281 quo
645 5207 708 5265 licet
722 5216 843 5264 creatum
854 5223 918 5279 per-
967 5206 1086 5262 irritum
1099 5218 1164 5261 caro
1186 5202 1289 5260 lactum
1305 5221 1311 5257 :
1326 5219 1380 5257 non
1392 5201 1523 5257 amiserat
1533 5198 1608 5271 quod
1621 5206 1690 5264 erat,
1706 5196 1754 5253 sed

135 5312 240 5358 maneat
250 5311 382 5369 creatum,
394 5299 544 5358 secundum
554 5299 629 5372 quod
648 5299 720 5356 idem
734 5299 807 5354 lilius
821 5299 916 5367 inren·
967 5306 1088 5369 coeperat
1100 5311 1160 5351 esse
1173 5294 1247 5365 quod
1262 5309 1317 5349 noo
1331 5301 1400 5347 erat.
1415 5290 1476 5347 Non
1491 5292 1525 5346 de
1537 5306 1588 5347 suo
1602 5289 1754 5353 destiterat,

135 5405 176 5452 tus
194 5403 238 5451 est
256 5393 352 5449 haltitu
364 5402 394 5449 ut
404 5393 507 5461 hom03
526 5402 617 5448 tamen
640 5392 761 5447 increato
772 5389 862 5447 Verbo
876 5390 916 5445 sic
967 5389 1014 5446 sed
1029 5387 1100 5460 quod
1113 5395 1237 5443 nostrum
1255 5393 1297 5440 est
1309 5391 1461 5453 acccperat.
1473 5380 1629 5438 Proiectum
1644 5380 1668 5436 ei
1682 5379 1757 5449 qnod

124 5498 172 5566 ⁸est
188 5487 307 5555 troitum,
329 5492 359 5542 ut
378 5500 467 5555 neque
481 5486 509 5541 in
529 5487 699 5551 adoratione,
715 5499 803 5554 neque
818 5484 845 5538 in
861 5482 916 5536 olla
962 5482 1072 5553 xaccepit
1087 5479 1147 5550 eins
1162 5476 1293 5533 claritatis
1308 5475 1474 5545 expostulat,
1485 5475 1557 5530 unde
1567 5489 1623 5528 non
1638 5471 1751 5529 destitit.

135 5578 214 5641 tirno
232 5578 322 5635 cultus
337 5576 511 5634 reiteratione
525 5577 560 5633 sit
572 5578 605 5634 ab
624 5573 671 5637 itta
683 5574 915 5649 distinguendum,
966 5571 1039 5644 Ergo
1050 5568 1206 5643 qniaFilius
1220 5564 1399 5637 estl'erbum,
1408 5563 1562 5623 etl⁷crltum
1575 5577 1640 5619 caro
1652 5560 1752 5616 lactum
