3892 6067
218 284 280 340 ΜΤ
695 281 848 340 chaudut
866 281 1062 340 raurostrt
1081 281 1356 342 detenuissemus.
1791 293 1848 347 528

172 426 175 432 f
217 409 270 467 εει,
288 400 406 471 gloriosa
430 408 472 456 εει
489 399 536 455 illa
554 399 660 466 ciuitas,
676 415 758 471 quam
782 416 833 472 ogo
848 402 922 457 intus
939 400 1005 467 ridi,
1020 407 1044 464 Α
1057 410 1099 457 est
1107 399 1398 477 gentilitas,qnae[per}
1407 405 1488 462 latam
1499 413 1526 462 et
1535 406 1764 478 speciosamriam
1772 410 1856 465 ritio-

216 491 389 560 fundannum
409 491 467 560 eim
484 501 546 546 runt
559 493 587 546 in
605 491 738 546 amontibur
757 495 867 547 conctis.
883 492 1004 550 Ecclesia
1058 509 1118 547 rum
1132 494 1166 548 ad
1188 495 1328 550 interitum
1346 497 1411 560 ibat,
1429 506 1456 552 ct
1478 498 1505 552 in
1527 499 1701 570 philosophia
1718 501 1760 555 rel
1773 503 1854 572 regni

215 583 364 655 persimile
375 584 475 640 dicitur
489 585 597 652 ciuitas,
610 586 674 656 quia
690 586 762 641 sicut
773 586 801 641 in
816 587 925 644 civitate
939 603 1006 643 con·
1056 584 1213 638 monarchia
1221 585 1405 654 suberblflbdh
1414 602 1474 657 11¹1ae
1482 587 1620 658 ³b0810108
1627 588 1691 644 10⁸¹]
1697 591 1814 662 excepit,
1824 602 1857 649 et

215 685 363 748 gregantur
388 678 473 744 eires,
489 664 530 734 sic
552 680 580 734 in
603 694 687 735 unam
710 678 791 735 fidem
814 680 1005 736 coadunantur
1055 678 1188 733 emundo
1203 688 1348 736 corruente
1364 696 1414 751 pcr
1428 682 1507 739 tubas
1524 683 1684 755 angelorum
1703 701 1766 742 cum
1781 687 1853 757 suis,

215 765 343 824 Ecuesiae
367 767 471 824 iideles.
496 767 582 840 liujus
597 768 718 825 ciuitatis
737 769 946 826 fundamentum
961 779 1005 826 εει
1056 767 1140 823 idest
1157 767 1324 826 Christianis
1341 772 1500 840 salvabitur,
1519 774 1590 830 sicut
1611 773 1722 832 iericho
1736 793 1787 848 per
1805 790 1854 835 tu-

214 856 353 926 Christus,
365 859 434 929 lapis
447 861 587 932 angularis
602 867 771 917 connectens
788 860 816 915 in
832 875 861 916 se
872 860 944 916 duos
955 875 1007 931 pa-
1055 857 1106 914 bas
1130 860 1302 917 sacerdotum
1328 872 1473 920 corruente
1496 863 1588 921 Raiul
1613 868 1715 924 salvata
1737 869 1851 942 legitur.

215 948 306 1016 rietes,
320 946 430 1005 ludaeos
443 957 471 1005 et
484 951 610 1022 gentiles.
627 949 715 1020 Hujus
729 950 847 1005 civitatis
862 948 961 1006 artilex
975 959 1004 1006 et
1055 948 1151 1006 Latam
1164 952 1236 1008 enirn
1251 954 1323 1008 viam
1338 955 1469 1020 desernit,
1483 964 1511 1012 et
1523 958 1575 1013 iter
1586 969 1733 1031 angustum
1745 962 1855 1020 ducens

215 1040 342 1097 conditor
354 1049 396 1097 εει
409 1039 492 1110 Deus,
505 1050 533 1098 et
547 1042 607 1112 ipsa
622 1041 734 1097 lundata
745 1057 828 1114 super
841 1043 897 1099 duo
908 1040 1004 1098 Testa·
1055 1040 1082 1097 in
1109 1042 1179 1099 hanc
1195 1043 1331 1100 civitatem
1353 1046 1478 1117 arripuit,
1501 1055 1530 1104 et
1550 1058 1686 1107 tumorem
1711 1054 1853 1123 superbie

140 1147 145 1153 ’
215 1141 317 1189 menta.
333 1132 422 1203 llujus
437 1134 613 1205 fundamenta
627 1141 692 1190 sunt
704 1135 732 1188 in
746 1136 879 1190 montibus
893 1135 1003 1201 sanctis,
1054 1129 1190 1204 deposuit,
1208 1150 1240 1190 ac
1255 1135 1367 1193 humilis
1382 1136 1453 1193 lacta
1468 1137 1496 1193 in
1511 1138 1563 1195 hac
1576 1139 1685 1197 ciuitate
1698 1141 1768 1197 ciris
1786 1158 1853 1200 esse

215 1225 243 1280 id
258 1234 311 1293 εει,
327 1226 354 1280 in
371 1226 511 1297 prophetis
526 1236 554 1281 ει
566 1226 707 1297 apostolis,
724 1241 807 1296 super
820 1241 939 1297 quorum
952 1224 1004 1281 do·
1054 1223 1164 1290 meruit,
1179 1223 1250 1280 sicut
1264 1225 1309 1282 illa
1326 1228 1426 1298 populo
1437 1226 1485 1284 Dei
1498 1230 1642 1297 associari,
1659 1240 1686 1286 ει
1701 1231 1729 1287 in
1748 1248 1853 1304 genea-

215 1318 332 1374 etrinam
349 1316 482 1373 lundatur
496 1316 631 1383 Ecclesia,
654 1325 685 1372 ut
705 1317 836 1373 scribitur
857 1335 864 1371 ι
884 1336 894 1369 r
916 1315 1005 1387 Super
1054 1310 1125 1384 logia
1139 1313 1241 1370 Christi
1261 1316 1344 1373 scribi
1362 1318 1472 1374 meruit.
1493 1318 1612 1391 babylon
1627 1329 1687 1377 crat
1699 1331 1782 1393 caput
1797 1323 1852 1380 As·

215 1408 423 1465 lundamentum
440 1410 625 1479 apostolorum
640 1417 668 1464 et
682 1409 879 1479 prophetarum
893 1398 1001 1479 (Epiros.
1053 1400 1202 1472 syriorum·
1223 1402 1286 1459 llaec
1309 1420 1324 1459 a
1349 1402 1529 1464 Semiramide
1549 1409 1655 1481 regina,
1674 1427 1759 1467 uxore
1783 1410 1851 1467 Nini

215 1515 245 1566 n,
268 1499 325 1571 Ωιι).
351 1520 362 1552 r
380 1498 442 1555 ideo
461 1500 530 1556 dixit
547 1519 554 1556 ι
569 1501 680 1567 conctis,
697 1501 761 1570 quia
777 1508 841 1557 sunt
855 1509 879 1555 et
903 1508 1003 1553 montes
1052 1492 1135 1564 regis,
1156 1494 1189 1549 de
1202 1495 1294 1550 crudis
1309 1495 1439 1555 lateribus
1449 1505 1477 1553 et
1493 1497 1627 1555 bitumine
1637 1508 1680 1555 est
1698 1507 1815 1568 structa,
1832 1518 1850 1556 a

214 1590 298 1646 maris
311 1588 482 1661 naufragosi,
495 1590 523 1645 in
538 1604 608 1661 quos
624 1605 696 1660 saepe
718 1590 891 1663 impegerunt
912 1597 1003 1646 nauta
1052 1582 1123 1655 Cyro
1137 1592 1164 1639 et
1180 1583 1262 1640 Dario
1281 1595 1323 1642 est
1346 1588 1495 1656 destructa,
1511 1589 1615 1646 ambitu
1630 1592 1771 1663 sexaginta
1791 1604 1853 1650 sta·

213 1680 335 1747 incauti,
355 1680 430 1750 quod
448 1689 513 1736 suut
530 1681 651 1737 haeretici
676 1689 703 1735 ει
719 1679 898 1752 philosophi,
918 1679 1002 1751 hujus
1052 1675 1172 1746 diorum,
1190 1676 1224 1733 de
1238 1693 1292 1748 qna
1310 1678 1420 1746 dicitur,
1438 1681 1511 1751 quod
1528 1681 1652 1737 mirabile
1674 1682 1765 1751 luerit,
1780 1687 1853 1757 quia

212 1771 332 1829 ciuitatis
350 1773 512 1829 adversarii.
532 1772 612 1841 erod
631 1772 667 1828 sit
686 1788 786 1829 nomen
806 1772 889 1844 hujus
903 1772 1001 1828 cirita·
1016 1756 1037 1811 Β
1052 1778 1144 1837 posset
1165 1769 1199 1823 ab
1223 1768 1333 1825 bomine
1353 1774 1487 1836 construi,
1512 1772 1559 1828 sed
1584 1773 1746 1844 mirabilius,
1770 1778 1851 1846 quod

213 1867 258 1932 tis,
276 1865 365 1921 dicit:
1051 1869 1144 1930 posset
1157 1861 1271 1917 destrui.
1294 1862 1412 1934 Babylon
1438 1865 1539 1920 dicitur
1560 1867 1690 1938 conlusio,
1716 1867 1783 1938 quia
1808 1869 1850 1924 ibi

248 1956 329 2013 Vnus.
342 1958 370 2011 ι.
389 1955 483 2028 Diligit
499 1954 808 2029 hominnsponassion
822 1958 1000 2027 superomnia
1051 1952 1117 2008 olim
1132 1951 1254 2011 conluere
1276 1964 1339 2010 sunt
1362 1956 1462 2027 lingum
1485 1957 1638 2025 hominnm,
1660 1967 1688 2015 et
1710 1961 1851 2033 significat

213 2047 383 2102 tabernacula
399 2046 494 2102 lacot.
508 2047 575 2103 Sion
586 2058 699 2104 uocatur
712 2048 771 2103 baec
784 2047 882 2104 ciuitas
894 2049 921 2103 in
931 2063 1001 2118 prae-
1051 2042 1124 2099 hunc
1139 2044 1281 2111 mundum,
1305 2044 1332 2099 in
1351 2061 1406 2116 quo
1424 2055 1560 2105 amatores
1579 2048 1640 2120 ejus
1655 2051 1740 2108 variis
1755 2053 1849 2110 modis

211 2139 280 2193 senti
297 2138 363 2206 rita,
379 2138 453 2210 quod
466 2138 566 2194 dicitur
578 2138 686 2210 speculo
700 2138 779 2206 ritae;
796 2140 823 2193 in
842 2137 934 2194 lutnro
948 2154 1000 2194 vo·
1050 2132 1265 2190 conlunduntur.
1291 2134 1344 2203 Qui
1368 2137 1402 2193 de
1423 2140 1542 2209 peccatis
1564 2140 1757 2198 erubescentes
1778 2160 1849 2201 curru

210 2231 318 2287 cabitur
330 2230 490 2298 Jerusalem,
511 2231 537 2287 id
559 2239 610 2298 est,
631 2232 697 2285 oiaio
720 2232 795 2303 pacis
809 2232 850 2285 rel
869 2229 1000 2285 Dominus
1049 2224 1140 2279 lirim
1157 2225 1186 2280 in
1205 2224 1256 2282 hae
1276 2227 1386 2283 ciuitate
1404 2228 1528 2286 hahitare
1541 2241 1692 2301 coeprrunt,
1709 2244 1736 2290 ct
1750 2251 1848 2307 regem

211 2325 319 2380 ibidem.
343 2322 433 2378 Portae
447 2323 529 2393 hujus
544 2322 662 2380 civitatis
680 2331 744 2379 sunt
759 2322 875 2393 apostoli
892 2321 934 2377 vel
948 2321 999 2376 do·
1050 2315 1131 2386 huius
1146 2317 1265 2373 civitatis
1280 2334 1372 2386 nosse,
1388 2327 1416 2375 ει
1429 2322 1454 2375 ei
1477 2323 1580 2377 servire
1599 2336 1759 2381 meruerunt
1772 2326 1846 2399 (tos.

211 2428 313 2483 mores,
332 2432 379 2485 W
399 2429 472 2487 quos
491 2415 626 2471 instamus
642 2415 675 2469 ,g
690 2429 805 2486 „gnum
829 2412 886 2468 pgr,
911 2410 999 2468 ianua
1050 2420 1069 2459 n
1080 2414 1108 2461 et
1119 2407 1167 2476 rr).
1188 2405 1237 2463 Est
1250 2423 1315 2479 ergo
1330 2423 1446 2465 sensus:
1462 2410 1588 2467 Gentium
1607 2427 1670 2468 cum
1688 2415 1770 2472 idolis
1784 2416 1848 2474 suis

209 2508 270 2578 ejus
284 2516 325 2563 ρει
338 2507 477 2574 chrispus,
493 2523 543 2578 pe,
559 2522 642 2577 quam
663 2505 698 2560 ad
713 2506 798 2561 viram
823 2503 997 2560 intrabimus,
1051 2496 1296 2566 meretricantium,
1311 2498 1386 2554 etde
1405 2500 1523 2569 peccatis
1540 2500 1598 2558 suis
1619 2502 1798 2561 conlusarum
1812 2507 1846 2561 in

211 2597 392 2653 Tubernoculo
409 2598 492 2653 Jacob
518 2609 583 2652 sunt
607 2596 692 2652 sarroti
717 2595 818 2667 prioris
838 2595 930 2665 populi
947 2595 999 2650 suh
1050 2584 1101 2641 1¹³0
1116 2587 1226 2642 civitate
1243 2603 1292 2658 per
1312 2588 1393 2644 iidem
1410 2589 1467 2660 jam
1488 2590 1682 2661 habitantium,
1699 2603 1727 2649 et
1739 2612 1780 2650 me
1793 2612 1847 2667 per

209 2689 305 2758 liguris
321 2688 403 2758 brrjus
413 2685 533 2743 civitatis
543 2686 703 2742 militantes.
718 2684 815 2756 Diligit
828 2699 893 2757 ergo
906 2683 999 2738 Drmi-
1049 2687 1219 2733 sacramenta
1234 2679 1371 2733 scientiam
1387 2695 1431 2734 ero
1451 2697 1550 2735 memor
1564 2682 1654 2739 dando
1667 2685 1708 2741 eis
1725 2688 1845 2744 virtutos

208 2796 257 2834 aaa
271 2788 361 2848 portos
380 2777 455 2847 Sion,
481 2778 570 2834 idest
592 2778 740 2850 apostolos,
765 2786 856 2847 portos
882 2776 998 2832 ciuitatis
1048 2769 1210 2839 tlsslollam·

208 2872 376 2942 speculantis
391 2870 482 2927 lutura
499 2887 578 2941 super
600 2869 772 2925 tabernaculo
794 2867 889 2936 Jacob,
904 2869 930 2924 id
944 2878 997 2935 εει,
1086 2858 1151 2915 Εΰίθ
1166 2861 1328 2933 alithiam,
1343 2871 1369 2916 θ’
1391 2862 1485 2936 Tim,
1502 2873 1528 2919 θ’
1541 2864 1654 2935 l’ti'mlflt
1671 2866 1841 2938 AEtlriopum,

207 2963 270 3033 plus
293 2978 376 3033 quam
400 2977 495 3018 omnes
508 2970 620 3016 sanem,
633 2961 735 3031 prioris
748 2961 841 3031 populi
857 2960 914 3017 sige
932 2975 997 3030 pm.
1048 2951 1075 3005 iri
1090 2951 1196 3021 [uerunt
1213 2952 1281 3007 illic.
1301 2953 1463 3026 Alienigena
1477 2965 1541 3011 suut
1554 2954 1716 3025 Philiathaei,
1733 2958 1779 3028 qui
1795 2957 1842 3012 di-

207 3054 304 3124 pbrtas
317 3055 375 3109 sire
388 3066 568 3123 quoscunque
578 3051 726 3108 militantes
738 3051 789 3107 sub
804 3052 913 3107 umbro.
1049 3052 1149 3099 cuntur
1162 3045 1283 3099 cudentes
1297 3046 1411 3114 potione,
1428 3048 1501 3118 quod
1519 3057 1581 3102 sunt
1603 3047 1705 3104 ebriosi
1717 3057 1744 3104 ει
1757 3050 1844 3104 luxu-

242 3142 347 3196 Aliter:
365 3141 454 3195 Porto
469 3139 535 3195 Sion
559 3150 624 3197 sunt
638 3141 716 3207 ildes,
743 3156 815 3210 spes,
837 3143 958 3198 charitas
970 3152 997 3197 et
1049 3134 1115 3190 sitsi
1129 3150 1144 3189 ³
1159 3150 1243 3205 telino
1264 3133 1310 3190 lli-‘3
1331 3137 1423 3194 alieni·
1449 3137 1534 3208 Tim
1548 3138 1649 3194 divim?
1662 3142 1796 3210 institisti.
1812 3149 1842 3196 Η

207 3233 268 3287 aliae
282 3232 407 3294 uirtutes,
423 3238 564 3302 quaesunt
587 3231 614 3285 in
638 3230 685 3284 illa
705 3230 826 3295 ciuitate,
848 3246 909 3301 quaa
932 3243 997 3287 snnr
1048 3233 1112 3280 sunt
1125 3234 1313 3295 persecutores
1324 3226 1474 3285 Ecclesiam
1489 3230 1686 3301 angustiantes.
1700 3230 1841 3301 Aithiopes

207 3329 293 3391 portae
307 3320 433 3375 eoelestcs
448 3333 574 3389 supernae
588 3317 664 3386 Sion,
677 3318 774 3374 laciem
787 3317 834 3374 Dei
850 3321 996 3390 speculan-

1047 3315 1175 3370 dicuntur
1192 3316 1273 3387 nigri,
1289 3327 1316 3371 et
1331 3325 1395 3372 sunt
1410 3328 1566 3388 peccatores
1582 3321 1652 3390 nigri
1664 3322 1691 3377 in
1705 3322 1841 3392 peccatis.
1937 3341 1938 3348 ¹

207 3421 258 3468 ιεε.
277 3408 334 3465 llas
347 3409 435 3480 diligit
451 3408 583 3464 lloruinus
604 3425 684 3479 cuper
705 3407 877 3463 tabernaculo
900 3409 995 3479 iacob,

206 3505 233 3560 id
247 3513 287 3560 est
299 3519 381 3574 super
393 3517 490 3559 omnes
503 3501 691 3559 observantias
704 3502 805 3573 prioris
818 3503 922 3573 populi,
934 3506 996 3575 qui-

205 3599 257 3653 bus
270 3598 450 3653 intimabatur
463 3595 509 3650 illa
520 3594 617 3652 civitas
629 3609 737 3665 semper
749 3609 875 3662 manens,
886 3605 913 3650 et
923 3611 996 3652 sem·

205 3706 253 3759 per
268 3689 387 3746 coelestis
400 3688 428 3742 in
442 3703 521 3759 pace.

240 3782 325 3838 Aliter
338 3800 345 3836 ι
358 3778 423 3837 Sion
437 3787 482 3836 est
495 3789 652 3836 sanctorum
668 3778 833 3836 coadunatio
847 3778 876 3833 in
889 3779 994 3835 coelcsti

204 3873 300 3944 gloria.
315 3869 497 3926 Tubernuculo
508 3869 591 3924 Jacob
607 3885 728 3940 praeseus
736 3868 874 3940 justorum
885 3869 993 3939 militia,

204 3965 268 4033 quia
289 3962 333 4017 hic
346 3960 474 4015 luctando
489 3959 607 4015 militant
625 3959 796 4030 supercitia.
813 3956 901 4029 Super
912 3958 994 4014 istam

204 4053 250 4106 iia
265 4050 397 4122 spiritalis
410 4049 486 4121 diligi
502 4049 613 4116 dieitur,
624 4049 689 4119 quia
711 4047 781 4102 nibil
801 4048 830 4102 in
853 4062 885 4102 ea
897 4047 995 4104 coniu-

203 4141 300 4206 sionis,
316 4140 385 4194 nihil
400 4137 613 4210 perturbationis
631 4153 692 4194 esse
705 4137 870 4194 declaratur.
887 4137 994 4196 Simili·

203 4231 269 4287 tudo
291 4240 334 4289 est
354 4231 389 4286 ab
410 4231 455 4286 illa
474 4230 592 4298 ciuitate,
612 4237 727 4301 quaeest
741 4230 768 4286 in
782 4239 874 4287 monte
891 4231 995 4287 consti·

203 4333 271 4390 tuta,
285 4333 313 4378 et
330 4322 435 4377 munita
449 4320 510 4377 ioco
524 4328 551 4378 et
565 4336 656 4393 opere.

1047 3405 1081 3462 lli
1093 3422 1190 3463 omnes
1204 3408 1315 3464 luerunt
1328 3410 1421 3465 hostes
1432 3411 1514 3480 buius
1529 3412 1658 3478 ciuitatis,
1672 3413 1719 3469 sed
1735 3430 1749 3468 a
1764 3412 1841 3485 Rege

1046 3494 1157 3552 Christo
1171 3497 1287 3568 subjecti
1307 3498 1371 3553 lacti
1393 3511 1457 3555 sunt
1474 3503 1501 3555 in
1521 3518 1554 3558 ea
1571 3503 1660 3559 deroti
1674 3504 1758 3559 ciros.
1773 3502 1840 3560 flac

1046 3587 1138 3642 omnia
1156 3586 1227 3643 iacta
1241 3598 1306 3645 sunt
1324 3590 1443 3660 gloriosa
1460 3608 1508 3662 per
1522 3592 1622 3665 Regem
1639 3596 1667 3650 iu
1684 3610 1717 3651 ea
1728 3603 1837 3664 natum,

1046 3677 1131 3733 Deum
1148 3688 1176 3733 ει
1188 3679 1337 3735 hominem.
1357 3678 1415 3737 lloc
1429 3692 1481 3749 est,
1496 3687 1569 3754 quod
1583 3688 1726 3758 sequitur:

1082 3768 1164 3826 Vsus.
1184 3770 1211 3824 5.
1233 3768 1361 3841 Nunnuid
1376 3770 1440 3827 Sion
1456 3774 1523 3830 dicet
1538 3791 1547 3829 .·
1560 3776 1646 3832 Homo
1659 3778 1771 3833 ethome
1786 3794 1838 3832 nu·
1908 3783 1912 3794 “
1935 3837 1936 3846 ,

1046 3871 1088 3915 tm
1108 3871 1146 3915 eat
1160 3861 1187 3914 iu
1200 3877 1242 3926 eu,
1257 3868 1283 3914 et
1302 3862 1357 3931 ipae
1372 3863 1493 3932 lundonii
1509 3882 1569 3921 eom
1587 3868 1762 3925 ditissimus?
1775 3868 1836 3928 ttoc

1044 3965 1096 4022 est,
1109 3955 1186 4009 leonio
1200 3964 1328 4009 nascetur
1342 3955 1370 4009 in
1384 3973 1415 4013 ea
1433 3958 1553 4026 ciuitate,
1568 3968 1596 4016 et
1613 3961 1670 4031 ipse
1686 3959 1756 4016 idern
1768 3962 1834 4033 [un—
1935 3995 1936 4010 ι

1045 4047 1118 4102 droit
1129 4050 1251 4105 eamdem
1268 4051 1405 4106 ciuitatem
1417 4050 1503 4120 prirna
1514 4051 1660 4118 creatione,
1674 4052 1738 4123 quia
1748 4052 1833 4121 idem,

1044 4141 1246 4211 quiesthomo,
1266 4151 1308 4197 εει
1328 4148 1356 4196 ει
1373 4139 1444 4198 Deus
1460 4141 1617 4211 altissimos,
1634 4144 1717 4200 idest
1733 4155 1834 4214 poteri·

1044 4230 1177 4286 tissimus.
1203 4228 1233 4284 ln
1257 4230 1308 4285 hoc
1337 4230 1459 4301 [undavit
1483 4248 1558 4300 cum,
1586 4234 1659 4304 quod
1684 4234 1745 4289 illos
1768 4233 1834 4291 iecit

1043 4318 1229 4386 materialiter,
1252 4321 1286 4374 de
1306 4319 1407 4389 quihus
1426 4330 1631 4377 construeretur
1654 4323 1712 4379 hac
1735 4322 1833 4379 ciritas

238 4413 320 4471 iras.
336 4414 363 4469 3.
384 4411 508 4469 Glorioso
518 4412 702 4467 dictaruntde
715 4420 750 4478 te,
761 4412 856 4466 cicitur
869 4411 929 4477 Dei,
942 4428 992 4483 per
1007 4426 1029 4480 p
1043 4408 1229 4478 spiritualiter.
1249 4408 1295 4465 Sic
1313 4419 1404 4465 autern
1424 4411 1470 4466 bic
1490 4427 1585 4467 versus
1600 4414 1788 4470 construitur:
1808 4413 1832 4469 o

201 4505 334 4577 Spiritum
350 4514 487 4562 sunctum.
499 4502 532 4560 Ει
546 4519 608 4574 quae
621 4511 687 4559 eunt
697 4493 765 4557 stlat
777 4501 840 4558 llaec
854 4504 989 4573 uidelicet,

201 4598 275 4669 quod
296 4599 323 4652 in
338 4612 371 4653 ea
386 4604 467 4652 erunt
479 4595 625 4667 principes,
645 4594 745 4660 idiotae,
764 4595 906 4662 rusticani,
923 4611 991 4666 pau-

200 4703 280 4757 peres
294 4688 455 4758 piscatores,
473 4696 501 4744 et
514 4686 587 4758 quod
604 4686 632 4741 in
648 4700 681 4742 ea
694 4693 776 4741 erunt
789 4685 863 4741 eires
875 4684 991 4759 Babylo·

201 4778 252 4842 nii,
272 4776 433 4842 Philisthaei,
457 4776 532 4848 Tyrii
554 4787 580 4835 et
601 4777 752 4849 AEthiopes.
774 4776 811 4831 ue
835 4777 878 4833 his
893 4780 989 4835 subdi·

201 4877 268 4921 tur:

236 4958 402 5029 diapsalma.
423 4959 503 5018 Vsus.
523 4963 550 5016 d.
572 4962 672 5016 liemor
691 4979 735 5017 ero
749 4962 840 5018 haral
860 4973 885 5017 et
899 4962 989 5033 hary-

199 5053 267 5107 tonis
282 5052 422 5106 scientium
440 5069 489 5106 mc.
509 5051 560 5107 Per
577 5051 668 5107 Robob
684 5056 852 5123 meretrices,
866 5070 915 5125 per
936 5053 990 5111 Ba·

199 5144 325 5217 bylonem
340 5143 477 5215 publicani
493 5142 690 5215 intelliguntur,
713 5146 777 5215 quia
797 5145 826 5201 in
848 5145 900 5201 hac
918 5145 987 5202 ciri·

199 5247 252 5293 tate
267 5237 341 5292 cives
353 5235 441 5292 effecti
455 5234 613 5307 precedunt
627 5233 737 5291 ludaeos
755 5237 783 5292 in
800 5253 914 5308 regnum
927 5235 985 5291 liei.

197 5326 288 5382 Ruhob
310 5336 369 5383 erat
386 5327 526 5392 meretrix,
551 5341 613 5398 quae
631 5325 814 5396 exploratores
834 5324 899 5383 lesu
913 5324 987 5381 Nare

198 5419 313 5489 excepit,
325 5433 387 5489 quae
401 5418 458 5474 sola
469 5433 531 5474 curn
544 5419 604 5475 suis
615 5418 718 5474 saluata
730 5427 783 5486 est,
797 5416 907 5488 quando
918 5413 1003 5472 leri.

197 5510 248 5565 ciro
263 5511 378 5566 corruit.
397 5510 489 5564 liuhai
507 5511 607 5567 dicitur
621 5510 736 5566 latitudo
752 5511 793 5566 rel
813 5509 986 5581 superornet

232 5685 289 5754 (id)
309 5684 391 5756 iulg.
406 5686 541 5740 narrabit.

1041 4497 1117 4566 Sion,
1140 4501 1260 4570 nunquid
1285 4501 1384 4572 aliquis
1410 4502 1488 4556 bomo
1513 4502 1582 4558 dicct
1609 4504 1702 4560 istud?
1726 4504 1832 4561 Civitas
1933 4537 1934 4570 4

1040 4600 1196 4648 constructa
1208 4603 1261 4659 cst,
1275 4601 1300 4647 et
1312 4592 1389 4647 homo
1407 4602 1540 4648 natusest
1555 4593 1584 4647 in
1599 4610 1641 4661 eo,
1659 4596 1764 4664 etipse,
1782 4596 1831 4667 qui

1040 4693 1118 4740 notua
1134 4695 1185 4750 eat,
1199 4685 1321 4754 lundonii
1333 4702 1402 4752 eom,
1423 4694 1451 4741 et
1463 4701 1527 4742 cum
1542 4686 1578 4742 sit
1592 4687 1679 4755 domo,
1695 4697 1737 4745 est
1752 4689 1831 4745 nitia-

1039 4778 1143 4832 rimm?
1157 4775 1205 4832 Vir
1220 4778 1329 4832 audebit
1338 4778 1392 4834 boc
1402 4777 1502 4848 aliquis
1515 4778 1593 4833 horno
1606 4779 1773 4849 praedicare:
1786 4783 1831 4838 in-

1039 4868 1170 4924 credibile
1181 4869 1254 4924 enim
1268 4876 1295 4923 et
1306 4868 1474 4937 impossihile
1488 4870 1633 4925 ridebitur.

1073 4962 1132 5017 Alia
1153 4960 1295 5015 translatio
1315 4960 1397 5015 habet
1412 4959 1522 5015 :linter
1540 4959 1605 5017 Sion
1623 4962 1714 5017 dicet:
1732 4963 1826 5029 domm·

1037 5059 1064 5106 ει
1075 5059 1117 5106 εει
1128 5066 1225 5107 εεεευε
1237 5068 1244 5104 :
1256 5048 1407 5121 Synagoga,
1421 5065 1482 5120 quae
1494 5061 1535 5106 est
1548 5062 1633 5107 mutor
1646 5051 1722 5119 Sion,
1742 5053 1770 5108 id
1783 5064 1828 5110 cst
1931 5085 1932 5102 ι

1037 5139 1256 5208 Ecclesiastico
1278 5141 1312 5195 de
1331 5138 1443 5197 Christo
1460 5141 1530 5199 :llic
1555 5153 1659 5199 tantum
1680 5154 1723 5200 est
1735 5144 1825 5213 hmo,

1037 5230 1102 5287 Sion
1115 5242 1205 5288 autem
1224 5232 1288 5286 dicit
1303 5247 1312 5284 .·
1329 5230 1389 5302 lpse
1402 5240 1445 5290 est
1457 5233 1623 5291 ditissimos.
1641 5233 1719 5293 Unde
1732 5235 1827 5293 scium

1037 5323 1159 5380 turistal

1072 5414 1153 5471 Vsus.
1168 5414 1195 5470 6.
1220 5414 1348 5470 Dourinna
1367 5418 1484 5472 narrauit
1501 5418 1561 5489 (ta)
1581 5434 1613 5474 ea
1634 5420 1663 5474 t'u
1684 5420 1824 5484 acrorem

1034 5506 1201 5578 populorum,
1220 5503 1248 5560 id
1263 5513 1305 5562 est
1319 5505 1346 5560 in
1364 5506 1422 5578 lege
1435 5516 1462 5563 ct
1474 5507 1623 5580 prophetis,
1636 5510 1776 5580 scripturis
1787 5511 1823 5567 ad
