3892 6067
158 239 216 300 ‘183
625 228 781 310 ‘tib'utmttl
800 227 993 284 burbensii!
1013 226 1284 284 nstctlsusrduc.
1537 243 1540 248 ’
1727 227 1780 283 idi

156 349 341 424 quaededemt
352 347 392 403 eis
407 348 434 400 in
448 346 560 408 desorto,
573 341 618 397 uhi
631 342 718 415 magis
728 350 860 415 eguerunt
870 342 947 395 auxi·
962 345 985 401 Α
1033 335 1116 394 Vens.
1136 339 1181 396 dl.
1203 338 1238 393 Et
1253 340 1380 394 corrrertit
1403 340 1430 393 in
1450 337 1604 408 sanguinent
1618 337 1730 406 fluntiva
1742 356 1788 395 eo·

156 446 196 501 lio
213 443 316 508 divino,
333 437 455 524 destitupi
480 436 610 499 humano,
624 443 651 491 et
667 436 696 489 in
720 436 789 490 iram
801 434 947 488 concitare·
998 426 1130 483 rumille
1148 427 1244 498 incipit
1264 442 1377 484 narrare
1396 427 1489 500 plagas
1503 427 1531 482 in
1544 425 1661 499 AEgypto
1675 437 1787 500 propter

158 543 220 588 ruat
232 547 301 598 eum,
315 537 345 585 ut
364 527 435 583 mala
457 524 570 582 inlerret
585 524 627 580 eis
642 523 669 577 in
685 524 823 594 inaquoso,
836 521 882 576 uhi
898 536 945 591 pe
997 519 1186 577 liberationem
1193 535 1288 576 comm
1299 519 1396 577 lactas.
1406 519 1473 576 Tres
1483 519 1675 592 pretermittit,
1683 521 1788 577 scilicet

159 624 213 679 tius
227 622 378 677 debuerant
396 631 459 674 eom
478 616 585 680 timere,
599 628 680 685 quam
695 621 790 669 contra
803 612 862 683 ejus
873 611 947 682 judi·
996 610 1145 681 sciniphes,
1162 610 1264 677 ulcera,
1286 610 1413 667 tenebras
1427 609 1516 667 :alias
1536 618 1593 665 tres
1621 610 1712 682 penit,
1725 626 1788 682 qum

157 714 199 768 cia
214 724 388 768 murmurare
413 714 442 763 et
459 706 484 763 ei
498 705 616 763 mentiri.
633 703 685 760 Sed
708 703 818 759 illinon
838 704 946 758 sincera
996 716 1052 758 non
1077 702 1206 772 leguntur
1230 701 1257 757 in
1280 699 1387 770 Exodo,
1400 702 1504 759 scilieet
1528 701 1693 773 rubiginem,
1708 705 1787 773 prui-

155 803 294 858 voluutate
306 799 424 855 conversi
437 806 499 853 sunt
512 796 547 853 ad
560 810 624 852 cum
635 794 776 850 dicentes:
793 812 802 845 a
816 794 948 861 Quaeeun·
997 809 1072 861 nam,
1085 793 1186 866 ignem.
1199 792 1294 865 Neque
1315 808 1382 850 vero
1407 792 1520 858 mirum,
1538 793 1561 849 si
1575 795 1610 861 is,
1625 793 1672 865 qui
1696 794 1785 850 dixit:

155 908 210 964 que
225 893 334 947 locutus
346 899 388 945 est
401 887 546 952 Dominus,
558 884 691 941 iaciemus
700 881 800 955 (Erat.
813 900 871 949 xrs,
883 882 922 950 8).
933 885 942 935 i
996 883 1121 954 Aperiam
1134 884 1163 939 in
1176 883 1311 955 parabatis
1325 901 1354 938 os
1366 899 1462 951 meam,
1475 898 1529 939 nou
1538 898 1587 954 per
1601 884 1697 939 omnia
1710 893 1787 940 tenet

156 984 213 1040 lloc
225 981 341 1039 dicende
359 979 466 1036 mentiti
483 986 557 1044 sunt,
569 976 642 1049 quod
667 974 765 1032 exinde
786 984 859 1047 patet
881 975 945 1045 quia
996 974 1120 1032 historiae
1132 974 1318 1045 seriem,quia
1334 973 1453 1030 maxime
1476 973 1617 1029 contendit
1642 973 1787 1031 insinuare

156 1084 320 1131 irritaverunt
347 1071 429 1127 Deum
447 1085 510 1127 cum
525 1068 673 1125 diffidentia
686 1077 714 1124 ct
729 1069 946 1123 murmuratione
996 1081 1108 1124 sensum
1127 1065 1326 1138 spiritatemn
1347 1066 1426 1137 plaga
1448 1081 1513 1139 ergo
1538 1066 1625 1136 prima
1649 1064 1786 1137 incipiens

154 1165 272 1236 petendo
288 1178 349 1234 nure
371 1161 607 1226 desideraverunt,
633 1169 659 1212 et
683 1157 838 1213 desiderata
862 1156 947 1226 perci·
996 1156 1082 1213 dicits
1097 1154 1132 1211 m
1149 1156 1276 1212 conuertit
1300 1157 1328 1211 in
1350 1156 1506 1228 sanguinem
1520 1144 1632 1225 piamina
1644 1171 1746 1223 eorum,
1760 1164 1785 1212 et

155 1253 255 1324 piendo
270 1251 368 1334 ingrati
393 1252 567 1316 exstiterunt,
582 1265 615 1306 ac
632 1262 681 1319 per
702 1247 756 1303 hoc
775 1245 946 1302 eracemum·
995 1247 1101 1312 imbres,
1115 1248 1168 1304 hoc
1185 1255 1227 1304 est
1239 1248 1371 1318 pluviales
1388 1246 1530 1318 aquaevel
1544 1247 1570 1302 in
1588 1247 1714 1304 cisternis
1726 1249 1786 1303 vol·

156 1356 216 1400 rurrt
228 1354 349 1400 carectum
363 1341 461 1408 lsrael,
478 1341 561 1397 Deum
574 1339 686 1404 scilicet,
701 1352 781 1409 quem
794 1336 945 1392 sanctificat
995 1333 1091 1403 lectas,
1100 1336 1141 1391 vel
1159 1336 1187 1391 in
1202 1334 1286 1394 iussis
1298 1338 1461 1408 exquisitas,
1477 1337 1542 1408 quia
1559 1334 1688 1393 lederent
1699 1337 1784 1411 AEgp·

155 1451 237 1492 uerus
255 1434 353 1500 lsrael,
366 1441 395 1491 et
415 1433 463 1504 qui
487 1430 640 1487 sanctiticat
652 1444 748 1485 verum
765 1426 862 1483 Israel.
877 1425 945 1482 tlira
996 1425 1055 1496 ptii,
1073 1435 1100 1482 et
1124 1426 1284 1498 sanguinem
1310 1442 1359 1498 pro
1383 1428 1463 1500 aquis
1489 1428 1660 1484 invenerunt.
1678 1428 1784 1485 llevma

155 1522 405 1598 ingratitudolllec
422 1521 566 1592 presentia
581 1517 630 1574 Dei
642 1516 772 1574 heneilcia
791 1517 820 1573 in
835 1516 944 1574 deserto
992 1517 1084 1587 iustus
1094 1514 1226 1573 Mmiuns
1236 1517 1263 1573 in
1275 1519 1334 1574 suis
1344 1518 1471 1588 judiciisl
1483 1514 1552 1573 Nam
1571 1517 1634 1588 quia
1648 1519 1784 1577 masculos

154 1619 209 1674 illis
220 1616 340 1672 exhibita
349 1614 412 1671 illos
425 1612 459 1669 ad
474 1611 576 1683 gratias
588 1609 722 1682 agendum
733 1623 883 1680 prouocare
895 1622 944 1679 po·
996 1605 1171 1663 hebraeorum
1195 1608 1224 1663 in
1250 1606 1350 1664 humen
1369 1610 1506 1680 projectos
1527 1609 1697 1678 occiderunt,
1709 1610 1784 1681 iuste

155 1715 339 1775 tuerunt,nec
365 1701 502 1776 preterita
530 1700 585 1757 illis
606 1699 635 1754 in
659 1699 791 1755 memoria
821 1685 1048 1764 lueronnssillis
1071 1714 1149 1771 aque
1172 1714 1258 1756 verse
1279 1710 1344 1757 sunt
1361 1701 1399 1756 -in
1417 1701 1588 1773 sanguinem,
1603 1710 1739 1773 quatenus
1754 1703 1783 1759 iu
1850 1720 1854 1726 ’

154 1810 311 1877 ignaraquam
336 1800 460 1849 recenter
477 1788 547 1845 lacta
573 1787 717 1859 magnifice
736 1793 830 1842 contra
843 1800 941 1857 magua
993 1789 1039 1846 illo
1052 1790 1186 1846 elemento
1198 1788 1423 1861 punirenturriri
1434 1789 1611 1861 sartguinum,
1623 1805 1678 1861 qun
1690 1806 1785 1853 cruen,

154 1886 290 1959 pericula,
307 1883 363 1939 Deo
377 1881 519 1937 liberante
541 1878 601 1934 illos
627 1878 655 1933 in
679 1891 763 1933 uranu
785 1876 889 1947 potenti
915 1883 943 1932 et
993 1887 1050 1935 tum
1066 1889 1289 1950 perpetraverunt
1315 1879 1495 1935 homicidium
1522 1888 1561 1936 tot
1590 1881 1779 1951 parvulorum.

154 1977 272 2035 brachio
281 1974 401 2032 excelso.
419 1970 472 2026 Sed
488 1970 526 2025 illi
992 1968 1102 2025 initium
1119 1968 1171 2024 luit
1191 1969 1248 2024 haee
1266 1968 1354 2041 prima
1368 1967 1447 2039 plaga
1461 1968 1576 2053 longua
1588 1984 1666 2026 uersa
1679 1971 1707 2025 in
1719 1985 1784 2025 san-

189 2067 273 2125 Vsns.
292 2066 338 2122 li.
358 2063 490 2119 Nonaunt
505 2061 634 2117 recordati
649 2076 743 2115 munus
759 2060 816 2129 ejas
828 2065 943 2116 ettcmae
992 2061 1113 2135 guinem,
1131 2060 1279 2118 norissima
1289 2075 1356 2118 vero
1368 2059 1396 2116 in
1412 2076 1483 2132 aqum
1497 2060 1584 2117 Rubri
1599 2061 1695 2130 maris,
1705 2076 1784 2118 ener-

154 2168 250 2218 contra
265 2170 377 2213 manum
390 2153 543 2210 Pharaonis
556 2153 585 2207 ia
599 2152 652 2219 die,
667 2168 719 2223 gua
733 2150 843 2206 redemit
854 2165 898 2205 eos
910 2150 943 2204 de
992 2153 1064 2209 citus
1092 2159 1120 2208 et
1140 2157 1239 2209 durrus
1264 2166 1359 2207 eorum
1388 2151 1564 2218 sommantio,
1578 2153 1718 2223 quomode
1743 2152 1783 2207 illi

154 2266 235 2305 manu
247 2245 411 2303 tribulantis.
425 2243 549 2301 Potentia
560 2242 607 2298 bet
619 2250 646 2297 et
657 2241 777 2314 petentia
790 2238 943 2296 Pharaonis
993 2241 1193 2308 suffocaverunt
1212 2241 1340 2312 parvulos
1350 2237 1537 2297 llebraeorum.
1555 2241 1634 2298 Solos
1653 2241 1784 2314 parvulos

154 2357 210 2396 uno
225 2338 335 2411 quidem
348 2342 476 2392 censetur
494 2331 605 2390 nomine
618 2347 724 2398 manua,
744 2345 806 2388 curn
822 2331 941 2387 dicitur:
994 2329 1032 2386 ulli
1043 2339 1215 2402 peremerant
1228 2332 1256 2386 in
1271 2330 1394 2404 llumlne,
1409 2330 1717 2400 leminisreservatis,et
1730 2331 1782 2388 soii

154 2427 218 2484 Non
228 2437 290 2483 suat
302 2424 433 2481 recordati
445 2438 539 2479 manus
550 2421 608 2492 ejus
618 2423 646 2476 ia
658 2421 712 2489 die,
722 2436 775 2492 gua
787 2419 895 2476 redemit
910 2418 943 2473 de
993 2422 1108 2479 masculi
1122 2422 1263 2494 perierunt
1277 2422 1305 2477 ln
1320 2421 1402 2490 mari,
1417 2422 1526 2478 leminis
1538 2421 1613 2477 domi
1624 2422 1780 2479 reservatis.

154 2535 235 2574 manv
251 2515 423 2582 critolaum,-
435 2514 484 2572 sed
495 2513 620 2570 ruham
630 2512 656 2567 iu
668 2509 826 2569 tortitudine
840 2509 943 2567 utrius·
994 2510 1095 2569 liudem
1106 2512 1208 2584 quippe
1225 2526 1365 2576 mensura,
1381 2527 1434 2582 qna
1454 2510 1541 2568 mensi
1555 2498 1675 2582 lucrant,
1690 2525 1781 2570 reme·

153 2623 208 2680 que
223 2622 322 2663 manus
335 2604 516 2678 comparatio,
528 2604 594 2676 qnia
608 2603 699 2657 maai
714 2601 870 2659 tribulantis
884 2618 943 2656 mu·
994 2593 1114 2661 tiendum
1130 2602 1220 2661 lucrat
1241 2603 1307 2660 illis.

153 2716 202 2755 nus
217 2698 359 2755 liberantis
368 2695 519 2769 prevaluit.
532 2693 566 2750 Et
583 2695 637 2751 hoe
659 2693 782 2750 liberatis
793 2692 821 2749 in
836 2708 943 2749 memo·
1027 2694 1111 2753 Vens.
1132 2695 1178 2762 id,
1192 2694 1239 2763 td,
1256 2694 1302 2762 li,
1317 2694 1363 2749 ts.
1385 2692 1460 2750 llicit
1481 2693 1563 2752 etium
1588 2694 1617 2751 in
1631 2707 1680 2753 eos
1695 2711 1783 2751 creso·

154 2792 194 2849 ria
206 2789 392 2861 permansisse
407 2775 512 2844 debuit.
528 2784 581 2842 Sed
597 2784 635 2840 illi
660 2801 713 2839 uon
734 2793 796 2840 sunt
810 2786 942 2841 recordati
992 2801 1092 2857 mnam,
1103 2799 1165 2856 quas
1175 2784 1276 2840 dicitur
1286 2784 1385 2838 canina
1398 2800 1498 2852 musra,
1519 2784 1583 2855 quia
1595 2783 1782 2868 egnoadieitur

153 2898 247 2938 arcitus
260 2881 317 2952 ejus
330 2880 420 2947 indie,
434 2875 461 2935 in
475 2895 527 2950 gua
540 2877 648 2933 redemit
660 2893 702 2933 eos
717 2876 749 2933 de
763 2893 842 2932 manu
856 2877 942 2933 trihu·
992 2877 1078 2946 ranis,
1090 2884 1115 2932 et
1132 2875 1244 2932 eomedit
1256 2891 1311 2941 eos,
1325 2883 1351 2930 et
1374 2891 1467 2930 ranam
1483 2874 1573 2945 misit,
1583 2885 1608 2930 et
1623 2874 1782 2946 disperdidit

153 2973 294 3043 tantisper
308 2971 373 3027 talia
386 2970 606 3040 mirabilla,quae
621 2968 684 3040 plus
696 2968 862 3026 mirabilium
880 2967 940 3026 loe·
954 3009 978 3072 C
992 2983 1045 3023 eas.
1062 2966 1098 3022 iit
1113 2968 1185 3023 dedit
1198 2967 1310 3038 erugini
1325 2967 1428 3036 [rectus
1444 2983 1549 3034 earum,
1564 2967 1611 3037 qui
1631 2966 1782 3023 nasceban-

152 3073 218 3121 runt
230 3064 307 3135 signa
320 3070 347 3121 et
357 3062 491 3136 prodigia.
508 3059 576 3117 Nam
992 3070 1038 3116 tur
1054 3059 1114 3117 sine
1124 3059 1241 3116 cultura.
1255 3057 1314 3115 lloc
1325 3073 1379 3114 non
1394 3066 1437 3114 est
1457 3058 1484 3113 in
1499 3057 1603 3115 Exodo.
1623 3057 1657 3113 Et
1675 3058 1779 3116 labores

188 3152 271 3209 Vens.
291 3152 338 3207 id.
359 3150 434 3207 Sicut
445 3152 533 3221 paruit
549 3149 577 3204 'in
587 3148 705 3223 AEggpto
715 3153 791 3222 signa
803 3167 852 3205 aua
862 3151 940 3222 quasi
990 3167 1080 3206 eorum
1098 3150 1217 3216 locuste,
1236 3149 1319 3206 idest
1338 3157 1397 3206 sata
1412 3150 1484 3205 dedit
1496 3150 1617 3206 lacerta.
1633 3149 1670 3205 Et
1683 3152 1780 3206 accidit

152 3241 319 3298 characteris
340 3240 455 3311 vestigia
469 3237 626 3296 tammum
649 3239 728 3296 duris
741 3239 873 3296 cordibus
890 3239 941 3293 inr-
990 3244 1020 3296 iu
1036 3241 1165 3313 grandine
1177 3242 1266 3295 uineas
1277 3256 1368 3295 eorum
1382 3251 1427 3297 :et
1444 3242 1509 3297 item
1524 3241 1623 3297 occidit
1633 3256 1719 3296 maros
1734 3258 1781 3296 ea·

152 3346 258 3402 pressa,
275 3339 303 3386 et
324 3330 447 3401 prodigia
467 3328 584 3400 majora,
599 3330 703 3386 scilicet
723 3328 866 3396 miracula,
880 3343 941 3399 quae
991 3345 1050 3384 rum
1067 3330 1095 3384 ia
1108 3329 1215 3400 pruina,
1230 3343 1292 3400 que
1311 3329 1427 3386 multum
1442 3328 1524 3385 distat
1538 3344 1555 3384 a
1569 3327 1711 3399 grandine.
1723 3326 1781 3383 Nee

151 3422 420 3493 dicunturpredipia,
431 3421 512 3492 quasi
525 3420 729 3491 nemodiaia,eo
740 3420 813 3491 quod
828 3435 941 3492 magnas
991 3420 1065 3478 istud
1076 3428 1120 3477 est
1132 3420 1158 3475 in
1173 3418 1278 3490 Exodo..
1293 3418 1329 3474 Et
1345 3420 1410 3475 item
1425 3419 1537 3475 tradidit
1556 3419 1678 3489 ,immerita
1689 3434 1780 3474 aarum

152 3529 197 3570 res
212 3512 333 3569 indicant
346 3519 474 3567 uenturas
488 3529 495 3567 :
509 3510 546 3566 ita
560 3510 735 3581 postmodum
747 3509 870 3567 iacturns
882 3517 941 3565 erat
990 3512 1125 3584 grandini,
1135 3512 1209 3584 quod
1229 3511 1265 3566 ibl
1279 3511 1440 3583 exsequitur
1454 3522 1498 3566 set
1513 3510 1576 3565 item
1589 3509 1700 3564 tradidit
1718 3526 1779 3581 pos·

152 3582 336 3659 inuniveisali
346 3598 465 3672 AEgvpto
475 3607 570 3656 contra
582 3597 747 3656 invisibilem
758 3598 939 3666 Pharaonem,
990 3605 1131 3661 sessionem
1151 3603 1319 3674 ceremiam,
1337 3603 1384 3674 qui
1399 3616 1453 3657 nou
1472 3602 1570 3673 legitur
1582 3601 1610 3658 in
1625 3599 1718 3659 Evado
1729 3599 1779 3657 ali·

152 3707 233 3764 quem
248 3692 343 3749 decem
362 3689 504 3762 preceptis
516 3689 586 3746 data
599 3688 666 3761 legis
677 3688 757 3760 quasi
775 3689 868 3745 decem
882 3690 940 3759 pla·
990 3695 1055 3766 quid
1077 3693 1252 3762 lucendisse,
1279 3695 1327 3751 sed
1350 3701 1456 3750 tautum
1476 3693 1549 3765 quod
1577 3701 1606 3749 et
1628 3694 1731 3764 maudo
1751 3701 1779 3750 et

151 3784 193 3856 gis
212 3780 511 3855 castigaritettandcm
533 3795 582 3851 ner
597 3779 812 3838 immolationem
825 3778 940 3850 pascha·
989 3785 1062 3858 ignis
1076 3784 1157 3842 mista
1178 3785 1281 3855 pariter
1304 3785 1332 3841 io
1353 3782 1509 3857 fulguribus
1534 3781 1778 3840 feretranensium

152 3875 186 3929 lis
200 3874 262 3945 agni
276 3872 386 3928 devicit.
402 3889 412 3924 r
425 3870 531 3926 Etenim
548 3868 652 3925 Pascha
673 3878 797 3928 nostrum
812 3869 941 3924 immola·
988 3876 1104 3948 pepercit
1115 3892 1132 3930 a
1145 3884 1230 3931 marte
1243 3876 1394 3931 animarum
1407 3891 1498 3932 earam
1510 3916 1519 3944 ,
1532 3890 1595 3932 cour
1612 3875 1712 3947 quihus
1727 3876 1778 3946 ju·

153 3973 196 4019 tus
206 3971 249 4018 est
261 3961 389 4018 Christus
403 3959 430 4033 (Ι
443 3957 505 4014 Cvr-
521 3974 549 4027 t,
566 3958 605 4030 7)-
624 3957 791 4030 »lomenim
806 3966 940 4015 rerusest
989 3975 1077 4022 menta
1087 3980 1177 4022 earum
1190 3966 1220 4020 in
1236 3975 1320 4021 marte
1335 3964 1474 4021 conclusit.
1489 3963 1625 4021 lomentis
1636 3972 1778 4034 comparat

151 4068 250 4126 attius»
266 4052 313 4124 «1111
327 4049 439 4109 ‘bstuli‘
454 4059 564 4121 peecata
577 4049 684 4117 1111111111,
698 4049 746 4120 qui
761 4058 939 4106 111011ι111110·
988 4057 1126 4127 homines,
1139 4058 1186 4131 qui
1200 4059 1266 4115 dum
1283 4058 1388 4115 ratione
1399 4072 1456 4114 uon
1470 4066 1566 4130 agunt,
1577 4057 1778 4128 comparabiles

150 4154 235 4202 81111111
256 4143 399 4200 1110111111ῑῦ
412 4141 520 4208 devicit,
534 4153 561 4198 0⁸
574 4141 656 4197 1113111
678 4139 844 4213 resumendi)
857 4155 937 4212 repa·
988 4149 1264 4223 sublimamini]
1283 4151 1414 4221 percussit
1440 4152 1642 4221 primogenitum
1660 4165 1735 4206 omne
1748 4151 1776 4205 in

149 4238 229 4293 ravit.
242 4236 344 4293 Rerum
371 4244 509 4292 mnmrum
542 4234 667 4306 quasdam
698 4234 774 4305 sipna
799 4235 887 4303 posuit
910 4234 939 4289 in
989 4240 1194 4312 terraAEgppti,
1210 4248 1237 4296 et
1259 4240 1340 4295 etiam
1365 4240 1595 4311 primitiasema's
1614 4240 1713 4296 laboris
1729 4257 1776 4297 ea·

149 4329 275 4400 AEggpte,
290 4344 372 4400 quam
398 4327 491 4384 decem
514 4325 600 4399 plagis
626 4326 738 4392 attrivit,
751 4325 825 4389 euxia
846 4341 938 4396 camno
951 4336 978 4397 1)
989 4349 1059 4398 rum,
1074 4331 1100 4387 id
1115 4339 1158 4388 est
1172 4345 1253 4387 omne
1267 4329 1394 4386 solatium
1407 4331 1469 4387 sitm
1481 4347 1547 4395 sue,
1558 4331 1587 4385 ia
1599 4332 1776 4389 tabernuculis

151 4420 262 4486 larices,
278 4435 339 4490 quse
350 4434 404 4474 una
422 4418 613 4489 principalium
624 4418 765 4475 civitatum
778 4417 805 4470 in
821 4415 938 4487 AEgypto
989 4422 1084 4490 cnam,
1098 4434 1154 4477 non
1167 4421 1195 4475 in
1212 4429 1285 4476 terra
1299 4419 1413 4487 Gessen,
1430 4421 1475 4477 uhi
1489 4430 1568 4477 erant
1581 4421 1680 4478 iudai.

149 4512 210 4576 init,
223 4511 302 4581 cujus
317 4510 344 4564 in
359 4523 456 4579 campo
467 4508 571 4578 majora
585 4506 704 4562 exhibita
716 4514 780 4561 sunt
794 4506 935 4571 miracula,
1023 4511 1136 4585 llystioe
1146 4511 1218 4567 sicut
1238 4525 1309 4582 aqua
1334 4511 1477 4568 immutata
1496 4512 1524 4567 in
1535 4511 1629 4567 uirium
1641 4513 1777 4585 significat

148 4619 209 4672 quare
224 4617 274 4672 pro
299 4617 356 4658 sum
382 4599 590 4672 significationis
615 4597 801 4668 magnitudine
814 4598 936 4670 prodigia
988 4603 1142 4670 instoriam,
1153 4602 1195 4658 rel
1212 4603 1344 4657 moralem
1361 4618 1472 4658 sensum
1489 4605 1610 4660 conserti
1625 4604 1652 4659 in
1667 4604 1709 4675 ui
1726 4607 1777 4660 ita-

148 4695 220 4748 dieta
233 4702 307 4749 sunt.
320 4691 423 4748 Nomen
435 4706 500 4748 vero
513 4688 613 4745 laneos
625 4687 719 4744 Latine
731 4688 936 4760 interpretatum
987 4694 1051 4759 lem,
1064 4693 1105 4749 rel
1121 4693 1250 4765 populum
1273 4693 1301 4747 in
1315 4692 1412 4749 melius
1425 4709 1432 4744 τ
1446 4694 1483 4749 ita
1499 4711 1568 4766 apuu
1583 4711 1657 4750 aerea
1671 4697 1698 4749 iu
1709 4712 1775 4749 san·

149 4791 227 4837 senat
252 4783 351 4837 humile
376 4783 549 4847 maridatum,
575 4797 630 4852 quo
655 4795 800 4836 monemur
828 4781 855 4834 iu
884 4781 936 4837 hoe
987 4785 1103 4856 guinem,
1114 4800 1163 4856 per
1178 4799 1260 4856 quern
1279 4783 1412 4855 accipitur
1426 4799 1502 4850 caro,
1516 4784 1652 4856 signitlcnt
1671 4784 1705 4860 de
1719 4785 1777 4855 spi·

149 4874 262 4939 mundo,
273 4873 301 4928 in
314 4874 401 4948 hujus
407 4873 526 4929 civitatis
541 4871 706 4944 AEgyptiacae
720 4872 774 4928 lato
789 4887 891 4941 camno.
907 4871 934 4927 iu
986 4877 1111 4935 ritalihus
1126 4876 1271 4932 carnaliter
1287 4875 1398 4932 sentire.
1419 4875 1572 4948 Cenamgiu
1585 4878 1674 4934 canini
1686 4892 1776 4934 mores

148 4981 204 5038 quo
215 4964 287 5021 oeus
303 4963 438 5019 mirabilia
459 4964 543 5018 nauita
560 4972 699 5032 operatur,
716 4964 768 5021 suh
779 4962 839 5033 ejus
858 4973 936 5017 man·
986 4978 1053 5027 sunt
1066 4983 1120 5024 nou
1135 4968 1272 5024 honorare
1282 4978 1410 5039 parentes
1429 4977 1476 5023 aut
1496 4967 1776 5038 praelectionem

147 5061 212 5112 «tuto
231 5055 380 5121 humiliari,
397 5062 428 5108 ut
451 5055 480 5109 in
501 5061 633 5108 aeternum
657 5055 827 5110 exaltemur:
844 5074 854 5106 r
870 5055 935 5127 quia
986 5058 1015 5113 in
1028 5057 1147 5116 moesis
1160 5057 1287 5126 sensibus
1297 5071 1367 5112 rana
1382 5056 1535 5127 loquacitas
1546 5065 1573 5113 et
1587 5057 1734 5129 garrulitas
1746 5059 1776 5113 iu

147 5148 249 5226 enanis,
265 5148 312 5218 qui
327 5161 357 5202 se
372 5165 383 5197 i
399 5146 426 5199 in
440 5157 537 5215 campo
547 5142 601 5197 isto
617 5160 626 5193 r
642 5143 776 5211 humiliat,
794 5165 804 5197 a
821 5146 934 5202 interra
986 5148 1132 5206 hereticis.
1142 5147 1258 5219 AErupo,
1272 5163 1354 5219 quam
1376 5147 1422 5204 alii
1445 5148 1613 5221 interpretati
1625 5157 1690 5206 suut
1701 5149 1776 5205 ruhi·

147 5237 356 5309 promissionis«
370 5234 551 5301 exaltabitur3
564 5253 574 5286 ι
587 5235 657 5290 sicut
667 5244 789 5302 ecorrua,
801 5236 868 5307 iqui
880 5252 932 5292 sei
985 5240 1074 5311 ginem
1093 5238 1168 5294 velut
1193 5239 1344 5293 curriculum
1357 5239 1464 5295 occulte
1481 5248 1572 5307 nocet,
1586 5256 1647 5312 quat
1660 5255 1775 5311 eompa-

147 5335 178 5381 ut
189 5326 295 5383 Pharao
307 5334 335 5382 et
345 5327 482 5383 exercitus
496 5326 556 5396 eius
570 5335 666 5382 eontra
680 5325 764 5382 licum
776 5337 803 5383 et
814 5328 874 5398 ejus
885 5343 934 5399 po·
985 5338 1062 5386 ratur
1075 5329 1155 5398 vitio,
1167 5328 1241 5400 quod
1255 5328 1363 5385 difficile
1379 5338 1502 5401 apparet,
1512 5337 1543 5386 ut
1553 5338 1596 5388 est
1610 5331 1727 5389 multum
1743 5330 1775 5386 b·

146 5420 241 5488 pulum
257 5437 268 5471 r
286 5418 397 5485 exaltat,
417 5417 606 5475 humiliabitur
620 5417 696 5490 (Luc.
707 5436 764 5488 xrv,
778 5420 837 5492 ll),
853 5438 863 5472 r
878 5434 932 5475 non
985 5420 1241 5488 derelinctura
1261 5422 1343 5477 noxia
1360 5420 1414 5477 hoc
1436 5420 1464 5476 in
1488 5420 1625 5480 iructihos
1645 5432 1775 5495 operatur

146 5510 202 5579 jam
220 5510 248 5565 ln
265 5509 432 5581 prolundnm
447 5509 531 5565 maris
552 5508 647 5576 Rubri,
659 5512 705 5567 sod
726 5511 752 5566 in
767 5509 931 5582 prolundnm
984 5512 1099 5567 latenter
1111 5519 1238 5568 etnocet.
1254 5510 1301 5567 Sic
1323 5513 1351 5565 in
1366 5511 1489 5568 moribus
1509 5515 1616 5569 occulta
1634 5513 1774 5585 superbio,

147 5599 261 5666 iolhrni,
275 5601 327 5654 uisi
339 5602 526 5670 poeaitentiam
542 5602 636 5671 egerit.
985 5604 1048 5675 quia
1059 5602 1167 5659 difficile
1177 5612 1370 5674 apparet,cutn
1383 5603 1568 5676 nequisquam
1584 5613 1660 5676 putat
1670 5605 1772 5677 ahqvaid
