3892 6067
103 234 153 295 R
406 228 686 290 connettnltltllt
703 228 738 287 ttl
756 228 925 289 lemnos,
944 247 980 273 -’
991 218 1082 289 PARS
1100 219 1157 287 illl.
1173 240 1213 273 ⁴-
1231 228 1329 289 esst.
1349 230 1454 290 thtl.
1684 234 1741 293 ξω

101 350 232 406 inuento
244 345 368 419 quolibet
383 344 455 402 bene
463 352 603 416 operante,
618 344 660 401 tel
675 343 703 400 in
714 354 806 400 roceto
820 357 890 414 quo·
904 349 928 409 Α
940 343 1112 416 prescientia
1134 344 1329 415 preordinavit
1341 353 1369 400 et
1389 346 1591 416 predestinatlo
1602 363 1741 421 preponu-

101 442 165 497 libet
183 452 278 511 opere,
291 436 352 494 siue
369 450 428 508 quo
451 435 520 493 nibil
538 444 581 494 eet
597 435 730 505 validum,
744 435 812 492 nibil
826 450 892 493 san·
943 435 984 492 vit
999 455 1007 492 :
1020 445 1141 493 elumen
1152 447 1264 508 propter
1282 436 1414 494 uilitatem
1428 428 1551 494 cordium
1564 438 1593 495 in
1606 430 1633 495 id
1648 442 1738 512 ipsum

100 542 185 591 m,
944 528 1114 585 tendentium
1127 526 1197 583 bene
1213 542 1247 584 ec
1263 543 1328 585 vere
1345 516 1457 598 dicitur,
1472 520 1568 601 quode
1584 532 1740 589 unusaeu'·

135 622 214 692 Quod
234 619 500 705 viromandenses,
517 619 600 677 tultis
612 620 685 677 seire
697 619 731 677 de
754 618 835 690 eujus
849 618 893 674 io·
943 619 985 689 pit
998 619 1122 676 bravium
1137 606 1165 692 (l
1179 618 1242 676 Cor.
1255 636 1294 687 tx,
1306 620 1365 692 et).
1382 640 1392 673 r
1415 610 1513 680 Adbuc
1530 632 1622 681 autem
1634 634 1662 681 et
1673 623 1739 681 blod

100 715 239 788 gressibus
262 715 364 786 loquer
387 727 439 784 ego
461 711 557 780 David,
569 712 704 768 annuntio
719 711 798 768 vobis
823 726 893 783 guu—
944 710 1006 767 eine
1026 710 1111 767 dubio
1133 718 1242 767 constet
1261 711 1428 782 quodlicet
1447 714 1553 771 nonsit
1573 725 1698 784 sanctus,
1711 725 1742 773 ut

98 807 174 865 dium
188 819 332 877 magnum,
342 803 417 875 quod
428 802 481 860 crit
490 802 564 859 omni
576 802 687 876 populo,
698 802 830 875 quoniam
841 816 894 874 ago
945 813 989 862 cst
1001 802 1145 873 Dominus,
1157 812 1248 861 tamen
1263 806 1291 861 iu
1300 805 1423 878 quolibet
1433 805 1530 863 sancto
1540 822 1592 864 suo
1604 810 1740 881 membro,

98 891 691 971 deingreesibuslleiroei,llepirotei,quieet
700 894 838 949 invenem.
847 891 897 949 bu·
947 894 1011 951 lieet
1024 893 1228 975 minime,licet
1240 894 1275 952 ab
1286 896 1446 953 bominibus
1456 897 1586 967 despeou
1598 906 1626 956 et
1649 901 1741 973 negle-

98 992 215 1062 trei,qm
231 984 659 1056 createrestomnium,etllepir
673 985 896 1057 numerumn
947 993 1004 1052 cto,
1023 993 1053 1041 ut
1075 985 1128 1042 luit
1155 985 1507 1058 anrnspraesentieliter
1531 988 1575 1046 est
1610 991 1671 1063 ipse
1692 1008 1741 1050 rex

98 1079 190 1138 omnia
201 1078 341 1151 gubernat
361 1083 476 1132 naturas
503 1089 596 1132 rerum
613 1075 814 1143 conservando,
828 1076 896 1133 titia
946 1087 1026 1160 meus
1040 1082 1067 1131 et
1084 1076 1155 1132 bens
1175 1089 1264 1144 meus,
1278 1076 1326 1146 qui
1343 1076 1425 1134 estin
1437 1078 1514 1135 omni
1537 1088 1644 1136 saneto.
1660 1078 1739 1140 Unde

98 1165 898 1239 damnando,rirtutesglorilimodo,dttmetunturieadmi-
946 1170 976 1219 et
988 1161 1081 1219 dicere
1095 1182 1105 1216 t
1119 1162 1199 1232 Quod
1211 1164 1260 1220 udi
1278 1180 1310 1222 ex
1323 1165 1446 1224 minimis
1460 1166 1529 1224 meis
1543 1156 1657 1238 lecistis,
1672 1169 1742 1227 milri

100 1261 197 1317 'istm
211 1257 421 1331 perpetuitatem
429 1257 647 1326 essentiae‚vitiig
660 1271 768 1331 quoque
784 1259 897 1332 dispell-
948 1248 1054 1309 iecislis
1067 1251 1176 1324 (nollit.
1189 1270 1253 1323 nv,
1271 1254 1327 1326 ld).
1350 1275 1360 1309 t
1381 1256 1447 1314 litim
1471 1258 1610 1317 adimens
1626 1268 1690 1317 anie
1712 1276 1743 1318 80

99 1360 141 1409 eat
150 1364 313 1408 mensuram
325 1348 733 1421 poenaevelemendatoriemvel
741 1360 898 1424 perempto·
947 1342 1092 1412 parvulum
1103 1341 1191 1400 dixit:
1207 1363 1218 1397 r
1233 1345 1262 1400 Si
1277 1346 1340 1417 quis
1351 1348 1485 1418 receperit
1496 1364 1582 1405 unum
1596 1350 1742 1421 parvulum

100 1446 168 1501 riam
187 1454 215 1501 et
236 1442 385 1500 virtutibus
408 1440 537 1514 gloriam.
549 1440 596 1500 Sic
616 1457 647 1500 se
671 1443 754 1501 babet
773 1444 895 1516 regimen
948 1433 1042 1502 talem,
1053 1435 1080 1491 in
1093 1435 1205 1494 nomine
1215 1452 1288 1502 meo,
1298 1453 1342 1522 me
1353 1429 1739 1514 suseipittllottiranu,bl.»

98 1537 178 1609 liegii
192 1536 256 1604 orei,
269 1536 365 1607 puteat
386 1535 415 1590 ivr
428 1542 531 1602 eonem,
543 1533 609 1606 quin
626 1532 744 1592 Verbum
763 1534 811 1593 bet
824 1534 898 1594 Deus
948 1522 1018 1581 Cum
1029 1540 1095 1598 ergo
1109 1526 1168 1584 btec
1179 1526 1216 1583 sit
1229 1528 1365 1585 sententia
1377 1545 1432 1587 non
1446 1532 1597 1602 prophete,
1609 1548 1665 1589 nou
1675 1549 1744 1606 apo·

98 1642 197 1699 regens
213 1634 316 1684 cuneta
331 1632 375 1683 esl
386 1625 414 1682 in
427 1634 521 1681 teneto
534 1623 625 1693 Patre,
639 1625 712 1682 sieut
731 1625 790 1696 ipse
808 1625 896 1684 Filius
949 1616 1024 1685 stoli,
1041 1617 1143 1690 quibus
1162 1610 1257 1692 ulique
1269 1621 1298 1676 in
1314 1608 1418 1692 Spiritu
1432 1622 1555 1679 veritatis
1570 1624 1745 1695 loquentibus

98 1719 233 1775 nundum
247 1718 390 1791 ingressus
404 1717 463 1774 ait:
482 1735 493 1771 t
510 1715 567 1789 Ego
582 1716 610 1773 in
627 1716 719 1786 Putre,
732 1727 760 1776 et
772 1717 853 1776 Pater
866 1719 895 1776 in
911 1687 932 1743 B
946 1709 1061 1766 ⁰¹1lssi¹¹⁰
1081 1701 1245 1767 111111111111111
1260 1722 1313 1780 ⁰⁸¹·
1338 1713 1386 1769 ⁸0¹¹
1406 1712 1493 1784 ipsius
1516 1713 1567 1770 Dii
1590 1716 1652 1784 11111,
1665 1714 1745 1787 fildil

97 1826 142 1868 m
155 1819 201 1867 egl
214 1809 308 1880 (Im,
320 1825 377 1878 m,
392 1809 448 1882 sti),
467 1828 476 1863 p
495 1806 544 1865 Vel
558 1818 601 1866 egl
619 1810 648 1864 ln
670 1818 762 1865 sabelo
779 1823 896 1881 cop-popo,
946 1800 1008 1864 otei,
1017 1801 1062 1871 qltt'
1076 1809 1115 1856 eti
1130 1801 1159 1855 itt
1175 1810 1278 1870 tallolo,
1287 1803 1375 1860 multo
1386 1803 1596 1875 gnienliubesl
1608 1806 1745 1879 recipieb-

97 1917 196 1959 sueex
213 1898 324 1973 llirgiue
346 1908 442 1958 senctt
459 1899 554 1971 genito
577 1913 627 1971 per
646 1899 736 1972 ipsum
763 1899 895 1972 Spiritum
945 1891 1039 1959 dalet
1056 1906 1091 1948 er
1112 1892 1173 1963 eius
1189 1908 1278 1950 neraei
1294 1894 1484 1952 enuntiatione
1503 1895 1591 1967 ipsius
1608 1894 1658 1957 Dei
1682 1900 1745 1968 mei,

96 1999 227 2049 meum
242 1999 386 2064 numu,
399 1999 428 2048 e
450 1990 881 2063 roeoprndpmeracongun
945 1980 1026 2053 nepo
1041 1983 1093 2039 oei
1107 1983 1602 2056 omentiainvuolibetoocwsuo
1616 1986 1680 2046 nee
1694 1989 1747 2046 oi·

98 2084 167 2140 riter
178 2084 367 2154 superomnia
381 2091 476 2140 sunem
490 2091 593 2152 eonem,
605 2083 643 2140 itu
657 2091 689 2140 ut
702 2092 775 2141 reete
789 2083 897 2141 dicetur
947 2074 1034 2141 11111111,
1050 2075 1166 2133 minime
1184 2076 1336 2134 dubitantia
1351 2088 1394 2136 est
1404 2078 1512 2136 edesse·

97 2175 235 2232 &netum
250 2182 435 2233 sanetorumr
455 2174 574 2248 ideoque
587 2175 626 2233 nit
647 2176 762 2248 angelus
783 2175 817 2233 ad
839 2175 897 2233 lla·
983 2168 1093 2236 0⁰²¹¹²⁰
1118 2169 1206 2242 11111811
1234 2169 1371 2241 1811111Ῑῦ
1399 2170 1570 2244 dfificilibiss
1596 2169 1661 2245 iiiii·
1674 2189 1748 2247 (11101

99 2266 169 2322 riam
187 2283 220 2322 :a
237 2264 316 2333 Quod
334 2274 465 2323 demetur
485 2276 613 2323 sancium
636 2281 672 2323 ex
697 2278 733 2334 vn,
752 2268 897 2325 vocabitur
947 2260 1019 2317 idem
1035 2261 1093 2318 ller
1110 2276 1190 2319 meus
1209 2261 1352 2320 constituit
1372 2263 1511 2337 principes
1534 2280 1619 2336 super
1635 2281 1746 2325 omnent

98 2356 188 2415 fluns
207 2356 256 2414 bei
267 2356 347 2430 (due.
363 2373 383 2425 ι,
408 2358 466 2429 55).
487 2357 557 2415 ibe
585 2359 638 2416 boc
665 2369 759 2415 namin
779 2373 897 2432 corpore
947 2360 1048 2410 terram
1062 2368 1184 2426 presens
1196 2363 1240 2413 est
1258 2354 1334 2426 ipse,
1345 2369 1444 2428 regens
1459 2370 1509 2413 cos
1520 2356 1548 2413 in
1564 2358 1665 2416 virtute
1678 2361 1748 2416 sual

97 2448 164 2504 alibi
179 2447 325 2505 dieitured
336 2446 447 2505 Patrem
462 2465 469 2503 :
484 2466 494 2499 t
510 2445 570 2504 Non
583 2448 663 2507 debis
675 2458 802 2507 sonetum
817 2459 896 2511 tuum
947 2443 977 2500 ln
991 2460 1043 2517 qut
1059 2445 1189 2519 denique,
1200 2446 1452 2506 nimiscoutortatc
1463 2437 1617 2522 principatu
1637 2466 1746 2522 eorum,

98 2539 406 2611 tidereeorrttptionem
421 2537 509 2611 (Ptol.
525 2555 571 2607 xv,
583 2538 641 2611 tet.
661 2560 671 2594 r
690 2538 726 2597 1tt
737 2542 790 2599 ltoe
803 2550 896 2598 toreio
983 2535 1068 2594 Vens.
1082 2536 1129 2595 26.
1145 2537 1479 2614 Prteverterttutprt'ocipet
1489 2543 1536 2599 isti
1546 2544 1616 2601 alios
1626 2544 1746 2614 Deimei,

98 2630 302 2703 corporequie
312 2631 494 2702 corporaliter
504 2630 640 2688 inbabitnt
651 2632 743 2689 omnis
753 2632 896 2704 plenitudo
947 2627 1025 2701 lienis
1037 2630 1089 2686 triti
1099 2645 1243 2702 sequaces.
1252 2634 1384 2704 quonium
1402 2634 1475 2692 sieut
1494 2635 1548 2707 ipsi
1561 2637 1645 2708 primi
1657 2639 1746 2697 oeulis

98 2722 267 2790 biriuitatis,
280 2731 356 2779 recte
369 2722 433 2779 dico
455 2723 490 2780 de
514 2722 569 2780 beo
589 2738 663 2790 meo,
676 2722 749 2797 Rege
763 2740 836 2793 uteo,
849 2726 896 2796 qni
946 2721 1034 2779 beatis
1044 2721 1163 2777 viderent
1179 2722 1313 2795 inpreuur
1333 2724 1383 2780 bel
1403 2727 1464 2792 mei,
1480 2725 1558 2799 Reqir
1574 2729 1625 2784 net
1641 2730 1748 2789 :sicet

98 2825 135 2872 ert
151 2816 186 2870 ive
197 2823 304 2881 rareto,
319 2812 387 2885 quie
405 2827 470 2871 cum
488 2822 544 2871 totu
566 2814 779 2886 Trinitnsplene
791 2815 897 2874 habitet
946 2812 1000 2885 ipsi
1013 2813 1097 2886 primi
1112 2815 1276 2886 pottipsum
1289 2815 1474 2887 ingredientes
1492 2819 1564 2874 vlam
1584 2820 1747 2881 obedientie

98 2908 124 2964 in
135 2922 257 2981 empore
278 2907 326 2965 illo
343 2916 447 2976 veneto,
461 2906 581 2964 Verbum
607 2917 711 2977 molen,
724 2908 767 2965 coi
795 2923 895 2980 corpus
944 2917 1129 2976 prevenerunt
1143 2907 1213 2964 alios
1225 2908 1348 2978 ipsorum
1360 2911 1484 2982 exemplu
1499 2920 1654 2970 secuturos
1668 2913 1748 2972 Unde

99 3001 167 3058 illud
183 3000 323 3058 medonte
332 2999 460 3057 rationali
479 2999 571 3056 anime
582 3008 626 3056 est
638 2999 820 3071 personaliter
835 3002 931 3084 uni-c
948 3009 1003 3051 tion
1030 2996 1131 3052 mirum
1144 2997 1219 3069 quod
1238 2995 1334 3069 tinpoo
1355 3015 1452 3055 eumn
1463 2999 1511 3057 bct
1526 3017 1559 3056 a
1581 3003 1699 3061 immicis
1712 3007 1746 3063 ap

98 3102 169 3162 mm,
185 3094 224 3150 ita
235 3102 268 3150 ut
287 3094 354 3151 illud
372 3100 498 3150 eandum
514 3092 594 3163 juata
612 3091 779 3164 preconium
792 3091 897 3164 engeli—
947 3088 1061 3158 iproest
1074 3086 1192 3145 lormnta
1208 3098 1236 3145 et
1250 3104 1339 3161 osque
1358 3091 1394 3147 ed
1408 3093 1570 3164 sanguinem
1580 3096 1745 3169 confortatu,

98 3199 163 3241 urna
189 3195 313 3242 rectem
334 3198 401 3242 vere
424 3195 538 3240 vocetur
568 3182 655 3239 Filius
680 3181 739 3249 Dei,
751 3182 899 3254 specialius
948 3179 1184 3251 qttaeuonsolum
1207 3180 1294 3251 ipsine
1322 3181 1373 3237 Dei
1400 3186 1462 3254 met,
1477 3184 1555 3258 llepie
1576 3188 1700 3257 mei,ecd
1717 3202 1748 3249 nt

98 3275 317 3348 quodammodo,
330 3277 388 3332 imo
418 3289 502 3346 supro
533 3288 642 3331 omnem
668 3273 780 3330 modum
802 3284 845 3330 est
867 3274 897 3328 in
946 3269 1167 3341 principumque
1179 3279 1208 3327 et
1217 3271 1351 3344 exemplis
1371 3273 1519 3333 internum
1540 3287 1567 3335 ct
1583 3282 1747 3343 auctoritate

99 3380 194 3427 meto
221 3383 338 3443 corpore
355 3369 471 3437 illo,eui
497 3383 552 3424 non
576 3368 611 3424 ad
640 3380 798 3423 mensuram
824 3366 899 3424 dedit
948 3361 1065 3429 munito,
1082 3359 1171 3432 ipsius
1195 3361 1303 3421 tenente
1322 3365 1421 3434 gretie,
1441 3370 1531 3437 putuit
1552 3376 1747 3442 supemread-

100 3459 176 3520 ιω
187 3458 322 3532 ερῑήωῃ]
333 3468 471 3518 sancium,
948 3465 1039 3508 uersu.
1051 3449 1124 3524 Ergo
1136 3451 1246 3523 quidem
1258 3454 1391 3526 principer
1408 3455 1498 3526 primo
1511 3461 1626 3519 videnter
1645 3464 1748 3537 inpret-

131 3549 274 3607 Praeteree
287 3549 370 3606 niam
384 3549 426 3606 sic
437 3548 509 3605 Deus
524 3563 602 3605 meus
613 3549 740 3621 idemque
748 3548 805 3605 ilex
821 3563 899 3606 meus
948 3557 995 3597 ⁸³²⁸
1013 3541 1064 3598 Dei
1075 3543 1137 3611 mei,
1151 3543 1219 3617 teeti
1231 3544 1292 3614 met,
1304 3546 1387 3618 primi
1399 3559 1427 3606 et
1440 3551 1492 3609 soii
1517 3561 1579 3623 post
1590 3555 1679 3627 ipsum
1704 3558 1748 3614 in·

101 3642 247 3702 DeiFiiius
259 3653 299 3700 ert
309 3644 340 3697 io
351 3650 457 3710 toute,
467 3641 569 3712 tenrple
587 3641 711 3697 videlieet
723 3649 820 3697 snucto
835 3656 897 3708 suo,
950 3631 1106 3704 sstfflientes
1121 3633 1190 3689 ulios
1204 3650 1395 3718 prevenerunt,
1410 3640 1459 3697 sed
1470 3657 1528 3698 non
1544 3643 1595 3701 soli
1610 3645 1746 3719 adipsum

101 3732 231 3804 uuellest
246 3730 383 3799 Ecclesia,
397 3738 428 3786 ut
451 3739 530 3786 extre
554 3729 629 3785 illam
654 3729 724 3785 nibil
744 3729 899 3786 invenietur
948 3730 1143 3793 perlentium,
1158 3723 1290 3795 (1101111111
1318 3725 1386 3798 ipsis
1417 3731 1633 3800 pmcedenttbvs
1657 3737 1686 3795 in
1702 3738 1746 3794 via

99 3824 285 3883 nectumllt
298 3825 375 3897 quin,
392 3832 423 3880 ut
446 3837 529 3894 supro
550 3823 578 3879 in
593 3823 646 3879 boe
659 3823 719 3893 ipso
729 3822 836 3893 psalmo
857 3819 900 3878 dr.
946 3813 1071 3885 justitie,
1082 3815 1111 3870 io
1128 3824 1202 3872 oreta
1216 3816 1314 3873 semita
1333 3819 1495 3880 obedientie
1506 3825 1597 3895 multi,
1609 3841 1659 3899 per
1670 3828 1754 3903 ipson⁸

101 3927 177 3974 mom
192 3926 247 3983 est,
271 3917 343 3973 beto
356 3917 385 3972 in
399 3915 457 3971 loeo
471 3924 564 3971 saneto
584 3930 633 3970 reu
651 3916 732 3969 uolut
756 3915 838 3970 moria
852 3913 899 3969 ln-
949 3906 1136 3993 erediderunt,
1149 3918 1243 3966 elnon
1260 3909 1350 3967 solum
1370 3912 1398 3969 in
1418 3916 1547 3985 psalterio
1561 3917 1744 3990 decachordo,

101 4009 265 4079 mutarit
282 4008 422 4062 unanimes
439 4004 563 4061 debitore
582 4005 611 4059 io
625 4005 716 4072 domo,
731 4004 898 4076 ubicunque,
949 3998 1009 4070 iege
1022 3998 1108 4073 ttopst
1125 4002 1285 4073 spiritaliter
1305 3994 1452 4077 intellecta,
1468 4008 1596 4080 psaltere,
1609 4014 1657 4071 sed
1674 4025 1702 4070 et
1716 4015 1745 4072 in

99 4101 129 4157 q„
142 4098 411 4172 qmcunquedpmp
431 4097 485 4156 iggq
505 4096 675 4153 unanimitas
696 4094 779 4151 unius
803 4097 898 4163 moris,
948 4096 1080 4178 lytltpallb
1092 4091 1231 4164 Evangelii
1246 4095 1432 4167 tympaniznre
1444 4098 1609 4170 didicerem,
1624 4104 1676 4160 viri
1691 4106 1747 4163 Sci·

101 4193 188 4248 uarius
205 4190 362 4257 eberimtm,
377 4188 461 4247 unius
480 4189 632 4261 religionis,
644 4187 729 4244 unius
746 4187 900 4259 discipline
948 4180 1014 4238 licet
1033 4199 1097 4240 eum
1117 4180 1238 4256 leminis,
1252 4189 1369 4260 juvenes
1382 4199 1411 4247 et
1431 4192 1564 4262 virgines,
1575 4209 1656 4252 senes
1681 4211 1745 4255 curm

101 4285 255 4349 invertitur,
265 4283 371 4354 absque
387 4282 470 4339 dubio
483 4287 602 4346 constet,
614 4281 687 4351 quod
702 4278 758 4336 illic
766 4288 810 4336 est
820 4280 898 4336 bento
948 4275 1117 4347 iunioribus,
1130 4277 1216 4334 ludaei
1232 4279 1365 4351 primum,
1380 4290 1409 4337 et
1434 4280 1520 4338 Graeci
1538 4293 1643 4355 postea,
1664 4304 1745 4344 curra

102 4376 250 4447 mentia
264 4374 313 4429 bei
324 4375 388 4443 mei,
399 4372 477 4444 Regis
502 4373 564 4438 mei,
578 4372 625 4443 qui
637 4380 676 4427 cel
697 4372 726 4426 io
737 4381 832 4426 nuncto
847 4372 899 4427 bu·
915 4374 938 4429 ti
951 4355 1001 4421 bel
1011 4368 1100 4423 decent
1110 4358 1226 4425 millibus
1245 4361 1391 4443 multiplice
1408 4385 1536 4433 currente
1554 4393 1643 4451 usque
1656 4381 1690 4436 od
1703 4382 1746 4438 ul·

100 4466 258 4540 inecemodi
275 4466 391 4523 fratrum
406 4465 590 4536 spiritualium
604 4458 729 4535 collegio,
741 4478 838 4521 ereans
852 4480 900 4537 per
949 4461 1048 4517 timum
1059 4471 1148 4518 terne.
1161 4462 1307 4534 Propterea
1318 4481 1370 4538 ego
1383 4465 1468 4524 David
1478 4469 1505 4524 in
1520 4468 1616 4542 spiritu
1628 4475 1745 4545 pmpbe·

101 4574 132 4615 se
142 4557 323 4615 invisibiliter
336 4566 365 4613 et
377 4571 475 4630 regens
487 4570 537 4626 per
550 4570 580 4613 se
589 4555 700 4626 qvtidem
715 4556 899 4637 invisibiliter,
950 4554 996 4609 tire
1010 4552 1101 4610 lutum
1113 4556 1192 4625 quusi
1205 4556 1339 4627 preterito
1353 4559 1531 4629 enuntiando,
1548 4563 1628 4631 quasi
1642 4562 1744 4621 iactum

103 4664 212 4720 paros
224 4657 316 4706 nutem
325 4648 444 4705 vicarios
457 4647 600 4705 visibiliter
613 4646 686 4702 bunc
698 4646 778 4702 telem
787 4663 899 4703 currum
950 4659 1033 4700 notro
1047 4654 1074 4700 et
1086 4646 1114 4700 in
1126 4660 1174 4701 ore
1186 4648 1360 4718 psallentium
1375 4650 1500 4719 quotidie
1514 4652 1541 4706 in
1556 4650 1688 4711 beclesiis
1701 4670 1745 4714 re-

104 4757 199 4809 suum,
215 4743 264 4814 qni
279 4742 304 4797 si
318 4742 402 4797 etiam
421 4740 517 4797 mecm
541 4738 661 4795 millibus
685 4738 827 4809 multiplex
854 4739 899 4794 in·
953 4752 1016 4791 vern
1031 4736 1133 4795 laetum
1146 4739 1328 4811 indieo‚quod
1341 4739 1392 4812 ipsi
1406 4742 1544 4815 principes
1558 4745 1585 4801 in
1596 4745 1744 4805 allecori-

105 4835 215 4897 reuitur
231 4851 266 4892 ex
287 4833 446 4890 diversitate
469 4831 660 4902 personarium
682 4845 731 4886 seu
749 4829 900 4886 ennrtsnv-
950 4829 1117 4898 milleium,
1134 4820 1268 4900 llepisnvei
1279 4830 1442 4904 principales
1456 4851 1489 4893 ae
1500 4838 1580 4908 primi
1592 4839 1744 4915 triumpna-

106 4936 177 4995 tnm,
192 4936 287 4983 umen
298 4926 363 4997 quia
379 4924 516 4981 unanimis
529 4933 572 4981 est
585 4923 613 4979 in
630 4923 774 4990 eliaritnte,
793 4924 820 4977 in
845 4937 899 4978 une
951 4921 991 4979 les
1001 4922 1102 4979 milites
1112 4923 1246 4992 conjuncti
1257 4932 1323 4979 sunt
1334 4915 1664 4999 prodientibus,booorum
1679 4946 1744 5004 ope·

106 5020 170 5088 ide,
185 5020 215 5076 iu
226 5035 282 5075 una
296 5034 355 5090 spe,
367 5033 440 5074 unus
456 5017 580 5089 spiritus,
594 5031 680 5072 uuum
690 5030 801 5086 eorpus,
813 5030 898 5071 unum
950 5014 1167 5071 rumcbordiset
1179 5016 1290 5086 organis
1302 5015 1387 5072 ileum
1402 5018 1630 5090 gloritlcnmibus,
1644 5021 1673 5076 io
1686 5038 1741 5076 rru-

107 5121 198 5170 soret
213 5113 336 5169 animam
347 5126 431 5167 unum
446 5110 572 5167 babendo
583 5110 611 5165 in
625 5108 691 5179 Deo,
703 5118 900 5166 reetenumero
949 5108 995 5162 dio
1001 5106 1204 5176 inveniendorum
1220 5111 1484 5181 tpmpenietriorum,
1497 5112 1561 5184 quin
1576 5128 1627 5170 uec
1640 5113 1675 5169 ad
1698 5112 1743 5170 lit·

110 5205 246 5277 eiuguleri
260 5205 363 5260 dicitnr
375 5213 487 5261 sanetus
507 5205 558 5260 iste
575 5220 669 5258 curros
685 5202 735 5258 liei
750 5201 899 5273 vesticipes,
950 5206 1037 5252 terum
1050 5211 1132 5253 serus
1144 5190 1279 5284 femineus
1293 5196 1449 5259 excluditur
1459 5203 1495 5257 ab
1510 5203 1563 5258 isto
1573 5202 1659 5257 ebore
1670 5203 1744 5271 psat·

107 5296 266 5366 pariterque
276 5284 392 5366 simplex
406 5305 433 5352 et
447 5295 605 5365 multiplex:
622 5295 775 5366 multiplex,
790 5300 901 5364 propter
950 5288 1076 5358 lentium,
1087 5289 1152 5348 dum
1164 5304 1194 5346 se
1211 5290 1239 5347 iu
1254 5291 1333 5348 bools
1346 5293 1475 5363 operibns
1484 5299 1623 5361 exercent,
1636 5299 1743 5364 tympn-

105 5384 281 5445 diversitales
290 5385 499 5454 charismatum,
515 5401 585 5459 quus
597 5386 694 5442 dividit
709 5384 827 5456 Spiritus
839 5384 901 5440 uni-
950 5383 1114 5450 niznntium,
1125 5383 1190 5440 dum
1202 5398 1232 5440 se
1248 5400 1263 5439 a
1280 5385 1510 5455 concupiscentiis
1524 5385 1658 5439 malorum
1674 5400 1742 5456 op:-

107 5475 219 5546 cuique,
231 5486 312 5548 prout
321 5478 399 5546 uult;
412 5477 529 5548 simplex
543 5487 653 5549 propter
665 5492 750 5533 unum
762 5477 899 5543 brevium,
950 5484 1165 5544 rumeoereeut;
1182 5477 1209 5532 in
1225 5490 1341 5548 quarum
1355 5476 1446 5531 medio
1456 5476 1535 5547 quusi
1546 5476 1680 5533 eolurnute
1692 5476 1742 5532 bo·

105 5581 167 5641 quo
186 5569 274 5626 tetrdit
291 5569 383 5627 omnis
411 5585 510 5626 eureus
539 5584 670 5625 curruum
685 5570 790 5637 lolium,
808 5569 899 5640 quod,
950 5569 1067 5626 norribili
1081 5567 1234 5626 urinisterio
1255 5566 1411 5638 iungentes,
1423 5578 1450 5626 el
1463 5576 1546 5624 tutam
1559 5567 1670 5628 domum
1686 5566 1740 5633 iul·

106 5660 163 5719 etsi
175 5662 254 5719 multi
268 5661 324 5719 sint
340 5662 478 5733 accepturi
490 5675 560 5732 qnos
573 5660 623 5717 Dei
637 5662 698 5731 mei,
710 5661 787 5734 llepis
801 5662 862 5730 mei,
873 5669 900 5720 el
951 5660 1055 5718 cientes
1064 5661 1146 5733 positi
1160 5669 1226 5718 sunt
1237 5660 1370 5734 principer
1381 5660 1436 5733 isti,
1450 5661 1599 5720 secundnm
1613 5662 1687 5738 quod
1697 5664 1741 5727 di·
