3892 6067
245 279 314 338 atat
902 271 1003 328 tsutc
1023 271 1066 326 oe
1086 269 1220 327 srnttu
1271 281 1273 285 ·
1812 275 1882 330 ,πρ

243 411 298 450 uon
314 383 368 449 tam
383 408 415 447 es
427 391 592 461 proprietate
602 404 712 457 uocum,
729 404 777 445 seu
800 387 1028 451 differentiarum,
1045 385 1201 449 tmaximo
1216 403 1224 441 z
1240 400 1302 441 meo
1317 393 1402 442 totum
1417 386 1499 442 datur
1514 396 1561 442 aut
1571 386 1718 442 dimittitur
1729 388 1758 441 in
1772 385 1881 458 Spiritu

242 502 313 559 quas
327 486 483 555 exprimunt
501 482 576 552 ipsae,
605 497 688 552 quam
710 496 744 536 ex
766 480 804 535 rei
824 495 907 552 quam
929 478 1030 549 signill-
1081 486 1200 533 sanctot
1218 493 1313 534 rerum
1325 477 1383 549 ipse
1397 493 1460 535 cunt
1475 479 1549 534 omni
1565 494 1617 535 usu
1630 479 1751 549 ejuspcr
1762 479 1882 549 mltum,

241 585 317 642 cant,
332 575 359 630 itl
374 583 415 630 est
426 573 507 640 lucis,
521 582 619 628 natura
635 572 814 637 indifferenti,
829 573 887 626 sive
900 586 953 624 una
965 585 1031 625 coo·
1081 584 1218 640 perquem
1236 570 1262 624 in
1273 567 1376 639 Spiritu
1395 570 1489 625 omnia
1499 570 1694 625 donanturaut
1707 570 1882 627 contionan-
1932 598 1933 651 ι

241 665 432 737 significantur
445 673 472 718 et
484 664 653 719 cohabentur
668 663 760 718 crineti
785 662 812 715 in
828 661 953 731 singulis,
971 659 1030 714 sin·
1082 669 1127 716 tur
1143 676 1158 716 a
1174 660 1265 729 Patre,
1277 661 1423 732 principali
1438 660 1655 733 quodammodo,
1669 677 1702 716 ae
1715 660 1826 717 sonuli
1836 663 1883 717 bo-

235 757 298 827 ·guli
314 757 341 811 in
364 757 481 813 cunctis.
501 754 559 811 Una
585 754 658 810 enim
684 754 753 810 lucis
772 761 879 817 natura,
896 760 951 804 tres
969 764 1030 818 pro
1083 753 1221 820 nitate,ex
1237 769 1340 824 quo...
1362 752 1469 823 ltaque,
1483 752 1594 820 fratres,
1609 751 1741 808 Trinitati
1758 752 1830 808 Deo
1852 754 1884 809 dr

236 850 376 921 prietates
393 850 482 905 tribus
506 848 560 903 iliis
574 846 688 902 vocibus
703 846 892 917 designantur.
906 841 965 911 Elia,
977 841 1032 896 ira·
1082 843 1195 900 baesua
1215 844 1278 900 luce
1290 854 1317 900 et
1343 843 1546 899 illuminatione
1570 843 1675 913 gratias
1700 852 1839 914 agentes,
1853 844 1883 899 tir
1932 898 1933 901 ,

242 952 309 1008 tres,
321 942 386 1010 quia
401 939 504 995 Rachel
532 953 631 1009 parere
642 952 697 991 non
713 937 813 1007 potuit,
828 936 955 991 ancillam
967 948 1032 1002 sup
1082 933 1439 1007 caterorogemusPatrem
1465 950 1513 1004 pcr
1528 932 1630 990 Filium
1652 933 1882 1004 inspirituaate

241 1033 335 1102 posuit
346 1031 422 1102 (Gen.
436 1035 512 1100 xxx).
526 1028 593 1084 Nam
606 1042 668 1084 eum
679 1029 712 1083 de
724 1027 838 1082 lueeiltu
849 1022 1032 1080 inaccessibili
1082 1033 1137 1092 cto,
1152 1025 1265 1080 revelari
1281 1026 1372 1093 uobis,
1386 1040 1471 1097 quare
1498 1025 1616 1080 voluerit
1640 1024 1707 1082 foris
1731 1026 1831 1094 exire,
1842 1028 1883 1082 cui

243 1124 417 1195 nequivimus
431 1121 541 1192 proprie
554 1122 646 1177 dicere
658 1120 724 1191 quid
737 1133 801 1173 scre
818 1127 870 1183 est,
897 1115 1032 1186 tmagim·
1083 1118 1158 1173 intus
1170 1118 1240 1173 nibil
1252 1121 1359 1189 deerat,
1373 1118 1441 1175 foris
1451 1119 1547 1176 adesse
1560 1119 1629 1175 nibil
1641 1129 1751 1192 poterat
1767 1138 1777 1174 ε
1797 1129 1830 1176 ει
1843 1136 1884 1175 se·

243 1216 283 1269 ria
299 1215 342 1270 usi
356 1212 598 1282 contemplatione,
615 1227 664 1281 per
676 1209 886 1266 similitudinem
899 1209 1031 1271 diximus,
1083 1209 1204 1278 minare,
1221 1212 1298 1282 'quod
1324 1226 1375 1266 uec
1398 1213 1473 1268 intus
1495 1210 1612 1267 delicere
1635 1222 1802 1279 sertatum,
1834 1230 1882 1269 nee

242 1304 315 1374 qnod
327 1303 406 1373 louge
416 1299 589 1356 dissimiliter
599 1299 689 1355 simile
699 1308 751 1355 est.
762 1297 832 1356 Cum
855 1312 920 1369 ergo
934 1297 1034 1351 existat
1084 1302 1154 1360 ioris
1180 1303 1355 1375 multiplicari
1384 1314 1485 1361 satum,
1514 1303 1567 1359 Sed
1593 1303 1639 1359 bie
1663 1303 1747 1360 bodie
1770 1303 1881 1378 fatigari
1908 1314 1913 1328 ·

241 1394 300 1458 ¹⁰¹2
313 1400 341 1446 θῑ
356 1393 390 1445 de
404 1405 434 1445 ⁸0
455 1389 552 1444 lucem
568 1389 673 1459 gignat,
689 1403 743 1459 (11¹²
758 1388 886 1443 Videatur
900 1388 958 1458 ipsa
973 1388 1031 1452 ¹¹¹1,
1083 1409 1243 1466 pausemus,
1266 1411 1329 1452 cras
1355 1395 1390 1451 tie
1414 1395 1467 1451 alio
1482 1396 1582 1452 dicturi
1605 1396 1697 1465 initio,
1712 1400 1793 1468 quod
1819 1401 1881 1456 dare

235 1485 322 1541 vaedo
350 1499 400 1541 sua
421 1492 526 1540 *natura
545 1482 666 1555 praebeat
695 1498 726 1537 εε.
748 1480 894 1547 risibilem,
919 1491 949 1534 ut
972 1478 1032 1549 ejtts
1083 1487 1243 1558 dignabitur
1273 1487 1354 1543 dator
1386 1496 1413 1543 et
1439 1487 1533 1543 datum
1565 1497 1721 1557 aeternum,
1756 1489 1881 1562 Spiritus

242 1578 316 1632 dotto
327 1576 448 1632 naturali
471 1575 596 1631 videatur
609 1589 657 1645 per
675 1574 761 1643 ipsam
778 1574 836 1642 ipsa
855 1586 968 1626 :nonne
980 1570 1033 1651 boe
1084 1588 1197 1636 sanctus
1212 1596 1219 1633 :
1233 1579 1278 1636 cui
1302 1579 1391 1635 honor
1416 1589 1444 1636 οι
1469 1580 1615 1650 imperium
1642 1580 1670 1635 in
1696 1592 1878 1653 perpetum

242 1670 269 1723 in
286 1669 492 1737 lucemaxinre,
510 1665 812 1738 eamquepotissimum
827 1670 1032 1719 maximeama·
1082 1670 1180 1727 Amen,
1247 1686 1253 1696 ·

242 1761 325 1817 bilem
348 1760 425 1828 facit,
443 1760 516 1833 quod
540 1758 688 1824 intrabilis,
710 1757 844 1828 capabilis
863 1771 895 1812 ae
915 1755 1072 1826 fruibilisg
1370 1761 1486 1819 SERbe
1509 1761 1594 1817 xxv,

240 1854 301 1923 ipsa
315 1853 379 1908 estl
395 1851 455 1918 Quo
471 1850 538 1905 mibi
563 1864 646 1905 omttc
663 1848 737 1920 quod
759 1858 856 1919 potens
875 1857 928 1915 est,
951 1846 1033 1915 farte,
1318 1870 1344 1909 ru
1363 1869 1452 1911 rouro
1470 1870 1557 1913 mm
1574 1870 1635 1911 viu,

243 1945 364 2014 sapiens,
380 1944 498 2013 justum,
524 1943 653 1997 bonum:
681 1941 704 1995 si
727 1938 956 1995 communicabile
977 1952 1032 1994 nen
1121 1946 1316 2020 indagantibus
1339 1948 1437 2013 nobis,
1461 1946 1654 2017 dilectissimi,
1674 1964 1793 2007 cauum
1819 1952 1877 2008 ms.

242 2046 295 2101 est,
309 2037 333 2092 δί
344 2034 503 2106 participari
515 2050 570 2090 non
582 2033 699 2104 potest?
716 2032 746 2087 ld
759 2047 824 2103 ergo
838 2032 867 2087 in
881 2032 944 2088 lnce
956 2031 1033 2103 diligi
1085 2037 1223 2094 versitatis
1239 2037 1359 2104 finalem,
1376 2038 1494 2109 primum
1506 2039 1637 2116 occurrit,
1652 2055 1703 2096 nee
1713 2045 1878 2100 necessitate

242 2129 363 2182 maxime
380 2126 448 2182 facit
462 2127 562 2190 lucem,
574 2124 649 2195 quod
666 2122 861 2195 perfulgentem
885 2124 989 2194 praebet
1004 2137 1034 2178 se
1084 2128 1322 2197 omnipotentem,
1349 2144 1401 2184 nec
1425 2129 1573 2199 eupiditate
1594 2130 1687 2186 omnia
1713 2131 1874 2200 habentem,

241 2220 380 2276 visibilem
395 2227 422 2275 et
437 2216 587 2283 fruibilem,
609 2214 661 2271 etsi
688 2229 743 2270 uon
766 2215 812 2283 sit,
830 2215 903 2285 quod
932 2214 1033 2283 rideat,
1084 2231 1135 2272 nec
1147 2219 1309 2275 curiositate
1329 2217 1507 2289 sapientiam,
1524 2235 1575 2274 nee
1596 2223 1719 2276 sanitate
1737 2222 1873 2279 veritatem

241 2312 285 2366 rcl
308 2326 341 2366 ea
359 2318 453 2366 utatur
471 2327 478 2362 :
496 2310 554 2364 haec
572 2316 662 2362 tamen
688 2314 731 2363 est
756 2315 855 2362 natura
881 2305 967 2373 lucis,
989 2314 1032 2373 et,
1084 2309 1187 2379 aliquid
1204 2309 1294 2367 faeere
1316 2311 1455 2381 potuisse;
1478 2312 1525 2368 sed
1541 2313 1659 2384 gratuita
1675 2313 1839 2379 voluntate,
1851 2325 1876 2369 rt

240 2403 417 2474 quantumin
434 2418 464 2459 se
479 2410 531 2469 est,
547 2415 654 2471 semper
670 2399 796 2471 largitur.
813 2398 889 2454 Unde
905 2399 933 2453 in
950 2412 983 2454 ea
999 2397 1033 2453 de
1085 2402 1203 2472 quodam
1215 2386 1335 2473 proprie
1350 2402 1483 2474 largitatis
1498 2419 1628 2471 munere;
1652 2420 1745 2477 neque
1756 2408 1793 2462 de
1809 2424 1876 2463 naso

241 2494 446 2551 satiaturaliter
458 2493 563 2547 donum
576 2490 714 2562 quoddam
728 2499 780 2556 εει,
790 2490 863 2561 quod
880 2489 1034 2557 lucet31u·
1084 2494 1243 2562 concepisse
1258 2494 1362 2558 animo,
1377 2494 1425 2550 sed
1436 2494 1471 2550 ab
1484 2504 1588 2551 aeterno
1600 2496 1628 2551 in
1640 2500 1877 2554 menteetrolau·
1932 2516 1933 2525 ¹

241 2604 305 2645 cere
319 2596 412 2643 autem
427 2585 552 2642 bubetex
569 2600 602 2641 eo
616 2582 691 2654 quod
701 2584 749 2638 lux
764 2590 816 2639 est.
834 2582 927 2654 ltaque
942 2581 1033 2637 omnis
1086 2592 1140 2638 tate
1163 2584 1303 2650 ferbuisse,
1319 2585 1392 2655 quod
1405 2585 1514 2642 tandem
1533 2602 1616 2657 opere
1631 2589 1791 2658 compleret
1806 2590 1876 2648 Cum

241 2680 415 2752 ususejtrsin
425 2693 539 2734 munere
551 2686 610 2745 est;
626 2685 654 2733 et
667 2692 699 2732 et
709 2676 769 2746 ipso
780 2691 874 2743 causa,
883 2691 937 2746 qua
950 2675 1033 2731 ebera
1085 2677 1159 2732 enirn
1176 2677 1239 2731 talis
1257 2677 1293 2733 sit
1306 2685 1421 2743 uaturae,
1434 2693 1496 2749 ntum
1508 2678 1568 2749 capi
1582 2679 1758 2750 aliquatenus
1771 2690 1801 2736 ει
1813 2697 1874 2753 par·

242 2774 361 2831 babetur
374 2787 407 2828 ac
420 2770 554 2842 diligitur.
1086 2768 1198 2839 ticipari
1206 2770 1306 2840 possit,
1317 2778 1344 2824 et
1355 2769 1382 2824 itt
1394 2786 1424 2827 se
1435 2769 1470 2826 de
1483 2786 1512 2826 se
1520 2771 1590 2843 jugi,
1605 2771 1695 2827 stabili
1709 2783 1738 2828 et
1751 2773 1872 2829 ineffabil
1932 2808 1933 2821 ι

279 2866 322 2921 Sit
339 2880 407 2936 ergo
424 2864 535 2920 dilectio
551 2878 586 2918 ex
613 2877 678 2928 usu,
694 2877 763 2918 usus
775 2875 808 2917 ex
834 2874 957 2928 munere,
972 2876 1034 2915 mu·
1086 2861 1186 2932 gaudie
1199 2862 1328 2929 exsultet,
1344 2863 1477 2934 pertinuit
1493 2879 1548 2918 nen
1561 2864 1649 2919 solum
1664 2865 1697 2920 ad
1721 2867 1873 2923 saturata
1932 2900 1934 2919 r

242 2974 295 3014 nus
306 2973 340 3013 ex
353 2956 454 3027 specie,
469 2955 527 3010 sire
540 2954 661 3025 imagine
690 2953 819 3019 naturali,
844 2953 869 3007 id
884 2960 927 3008 est
942 2953 1034 3008 natiso
1086 2953 1249 3022 bonitatem,
1262 2968 1356 3009 verum
1372 2955 1456 3009 etiam
1472 2955 1507 3011 ud
1526 2955 1614 3025 ipsius
1625 2957 1721 3029 gaudii
1741 2968 1872 3021 emtum,
1932 3002 1934 3021 ,

242 3051 350 3123 fulgore
364 3050 407 3107 tei
421 3051 542 3106 candore
561 3068 569 3116 ;
585 3064 688 3104 montis
698 3064 763 3105 tero
778 3057 806 3104 ει
826 3047 946 3120 imagoa
963 3048 1034 3106 lueis
1086 3043 1154 3099 telle
1166 3043 1267 3115 babere
1278 3043 1345 3098 tanti
1360 3051 1388 3098 et
1404 3053 1459 3098 tam
1479 3042 1595 3114 jucundi
1614 3043 1681 3099 boni
1705 3047 1871 3117 participe·-

241 3143 405 3208 eternitate,
419 3142 446 3197 id
459 3150 502 3197 est
514 3142 548 3196 ab
561 3140 621 3210 ipso
644 3141 713 3196 lueis
732 3156 793 3196 esse
806 3143 864 3197 site
893 3112 1180 3208 essen1t220tteque
1193 3135 1265 3191 sicut
1278 3136 1305 3190 iu
1321 3135 1401 3193 nobis
1411 3151 1494 3204 saepe,
1516 3135 1686 3191 curiositatis
1704 3146 1757 3193 ant
1771 3138 1873 3208 jactas·
1932 3184 1933 3201 ,

242 3247 305 3306 quse
328 3232 448 3290 essentia
476 3231 504 3286 in
529 3231 588 3302 ipsa
613 3231 794 3287 inaccessibili
810 3232 880 3297 luce,
903 3246 986 3302 quam
1006 3239 1036 3286 ut
1086 3227 1240 3283 tiaetitium
1265 3234 1317 3294 est,
1340 3226 1478 3282 internum
1502 3226 1631 3298 gaudium
1649 3242 1707 3282 noa
1729 3243 1872 3299 ρεεεεειε
1932 3230 1933 3237 ’

242 3326 366 3397 quimus,
379 3323 543 3396 effigiamus,
557 3323 585 3377 iu
611 3323 663 3377 bac
676 3337 809 3393 corporea
826 3324 898 3390 luce,
925 3323 1035 3393 penitus
1086 3317 1294 3373 cenentunicare
1317 3317 1411 3385 alteri;
1437 3325 1465 3373 et
1487 3328 1592 3388 quanto
1617 3327 1660 3374 est
1679 3319 1786 3388 maius,
1807 3330 1874 3376 tauto

243 3418 278 3472 de
291 3415 367 3471 nullo
385 3422 439 3480 est,
452 3428 486 3468 ac
498 3411 597 3482 fulgori
609 3419 637 3466 et
655 3411 848 3466 illuminationi
861 3412 967 3466 initium
982 3422 1033 3467 est.
1088 3408 1180 3463 minus
1195 3422 1277 3478 posse
1288 3407 1379 3464 celare
1393 3423 1401 3462 ε
1417 3408 1463 3465 sed
1481 3408 1568 3480 ipsius
1580 3410 1717 3482 largitatis
1726 3422 1770 3468 est
1782 3412 1871 3484 gratia

242 3506 302 3563 iloc
326 3521 393 3576 ergo
408 3503 482 3559 Deus
501 3518 591 3569 meus,
608 3503 773 3556 illuminatio
799 3518 870 3568 mea,
886 3502 912 3556 iu
935 3509 960 3557 te
975 3518 1035 3556 rna·
1087 3512 1114 3557 et
1126 3503 1259 3560 bonitatis
1273 3514 1382 3572 natura,
1395 3503 1494 3559 iaetitrae
1506 3507 1779 3576 quoquegratuitum
1791 3523 1872 3564 aem·

244 3599 318 3653 xime
331 3595 428 3666 diligo,
444 3594 517 3650 unde
529 3601 555 3648 te
568 3592 684 3663 diligere
696 3606 779 3661 queo,
791 3601 818 3647 et
832 3592 903 3648 scire
917 3608 951 3648 ae
971 3608 1036 3664 par·
1088 3593 1177 3649 turale
1190 3594 1304 3661 bonum,
1319 3594 1389 3652 telle
1400 3610 1461 3651 sese
1471 3595 1499 3651 in
1510 3596 1602 3666 piures
1612 3595 1765 3665 ειιυειιεεε,
1780 3608 1830 3653 aut
1840 3599 1872 3652 ie·

138 3742 142 3763 Ι
242 3687 359 3757 ticipare
370 3686 459 3752 valeo,
472 3684 501 3739 id
514 3682 558 3739 εει
567 3682 692 3739 naturaie
706 3683 807 3738 dorium
823 3691 912 3750 tuum,
929 3682 1035 3739 scilicet
1086 3685 1213 3754 fundere,
1230 3687 1294 3744 etin
1314 3688 1356 3745 sui
1373 3688 1547 3760 participium
1559 3694 1644 3761 gratis
1655 3691 1800 3763 colligere.
1813 3691 1872 3747 b'an

242 3780 310 3849 qnia
322 3777 484 3834 naturaliter
502 3776 640 3833 donabilis
652 3790 695 3843 es,
706 3774 837 3844 capabilis
852 3790 884 3831 ae
905 3774 1032 3831 fruibilis.
1086 3785 1114 3832 et
1126 3777 1239 3849 largitas
1250 3793 1391 3849 uurtquatn
1414 3784 1685 3849 potestesseauara‚
1701 3795 1754 3835 nee
1771 3782 1872 3838 boniba

242 3872 383 3928 florenim
403 3870 512 3942 quoties
526 3868 628 3938 aliquid
642 3877 668 3923 te
682 3867 802 3937 postulo,
817 3868 939 3933 attendo,
954 3867 1035 3923 idest
1086 3869 1190 3938 inuida,
1208 3886 1258 3928 nec
1275 3870 1397 3927 ebaritas
1410 3871 1510 3938 atinam
1526 3885 1578 3926 nec
1594 3869 1686 3928 latim
1703 3874 1872 3943 quaeritent

244 3964 379 4036 Spiritum
393 3972 470 4018 tuum
484 3969 622 4026 sanctum,
643 3960 793 4015 bonitatem
822 3960 987 4029 naturalem,
1002 3974 1034 4015 ac
1085 3963 1204 4029 occulta,
1223 3962 1267 4017 tel
1282 3961 1419 4018 solitaria.
1434 3961 1510 4017 Fecit
1525 3962 1633 4034 itaque,
1648 3964 1762 4034 quando
1782 3965 1870 4028 rotat,

242 4056 390 4129 gratuitam
409 4055 575 4124 largitatem,
591 4066 646 4107 uon
671 4051 879 4120 accidentalem,
905 4059 953 4107 aut
966 4060 1035 4106 tem·
1084 4053 1377 4125 quaerelle'nunnuam
1390 4054 1483 4124 coepit,
1500 4054 1617 4111 indiuisa
1629 4053 1752 4112 Trinitas
1763 4056 1872 4113 indivise

241 4147 378 4218 poraiem,
392 4146 486 4217 aliquo
499 4159 561 4200 meo
574 4143 684 4210 aflectu,
701 4144 744 4197 rel
768 4158 852 4215 opere
865 4142 1011 4199 excitatam
1025 4160 1033 4210 ;
1086 4157 1211 4200 naturam
1237 4145 1281 4201 sui
1301 4159 1441 4215 capacem,
1463 4161 1520 4201 suae
1537 4145 1871 4219 sumersetensium

242 4237 291 4293 aed
306 4245 448 4304 aeternam,
474 4233 756 4303 immutabilemque
781 4247 891 4303 semper
914 4234 977 4289 talis
992 4249 1032 4288 es.
1085 4236 1158 4304 tatis,
1182 4236 1258 4307 pacis
1279 4247 1308 4292 et
1330 4236 1420 4309 gaudii
1442 4237 1587 4308 participio
1609 4237 1741 4305 habilem,
1756 4250 1871 4297 meatu

166 4322 168 4324 ’
243 4327 445 4399 Maeoniam
471 4327 500 4383 in
515 4336 551 4395 te,
578 4326 626 4398 qui
642 4324 765 4381 Trinitas
782 4333 878 4382 saneta
898 4340 939 4392 es,
961 4325 1034 4381 Deus
1084 4328 1246 4393 rationalem
1262 4328 1389 4385 videlicet
1409 4328 1443 4384 ad
1467 4330 1614 4401 imaginem
1629 4344 1710 4385 suam
1727 4331 1871 4387 denibilat
1932 4344 1933 4353 ¹

241 4437 331 4489 meus,
345 4421 392 4476 lut
407 4435 483 4488 uera,
496 4435 600 4475 munus
617 4419 669 4474 boe
682 4418 753 4474 lueis
764 4434 849 4474 nona
869 4418 961 4489 seipso
979 4428 1033 4487 est,
1049 4416 1155 4505 „Ostia
1180 4418 1289 4475 nonnisi
1314 4419 1383 4474 nibil
1407 4429 1484 4487 erat,
1506 4420 1541 4476 de
1556 4434 1612 4490 ouo
1627 4421 1750 4490 primum
1773 4422 1871 4494 aliquid
1932 4430 1933 4437 ’

229 4515 325 4572 'nobis
337 4522 424 4570 totum
444 4513 480 4568 ab
509 4513 570 4583 ipsc
584 4517 636 4575 est,
659 4511 759 4581 quibus
784 4511 878 4566 datum
893 4520 945 4578 est,
959 4512 1033 4582 quod
1084 4508 1188 4566 faceret
1210 4511 1342 4582 gratuita,
1356 4512 1429 4569 sieut
1445 4512 1550 4568 dietum
1569 4512 1870 4585 est,largitate,etsm
1932 4562 1934 4581 ,

241 4608 333 4679 aliqua
346 4622 380 4663 ex
396 4615 474 4678 parte
488 4618 522 4659 co
534 4601 654 4658 fruimur
670 4618 678 4668 ;
706 4602 754 4657 scd
771 4616 787 4656 a
814 4602 906 4673 speeie
930 4617 964 4657 ac
980 4600 1034 4657 ful·
1083 4612 1301 4669 naturaesuae,ut
1315 4605 1444 4660 ttettnnlli
1456 4605 1596 4671 dixerunt,
1609 4606 1784 4677 necessitate,
1795 4610 1870 4680 quasi
1932 4596 1933 4647 3

241 4717 317 4773 gere,
330 4710 461 4771 tauquam
476 4695 627 4768 paternalis
640 4694 711 4750 lucis
725 4695 813 4765 prole,
828 4703 856 4749 ει
880 4709 929 4765 per
944 4695 1032 4765 ipsam
1082 4710 1181 4753 uacare
1201 4711 1255 4751 nnn
1281 4707 1384 4768 posset,
1408 4698 1456 4754 sed
1478 4697 1597 4755 naturali
1612 4698 1754 4766 bonitate,
1766 4708 1869 4757 tantun

240 4793 277 4848 ab
291 4794 348 4862 ipsa
363 4802 475 4861 paterna
491 4789 564 4845 luce.
580 4786 649 4843 Nam
674 4787 708 4842 de
723 4786 783 4841 fuce
796 4786 861 4857 quia
873 4786 955 4854 lucet,
971 4801 1034 4842 mo·
1082 4788 1148 4858 quia
1161 4788 1251 4844 vellet.
1266 4786 1341 4843 felir
1359 4796 1450 4844 tamen
1472 4798 1586 4854 natura,
1598 4803 1661 4859 quae
1674 4788 1749 4861 cogit
1763 4790 1871 4847 benaa

241 4898 294 4938 nus
304 4880 434 4945 estlueis,
446 4890 474 4935 et
487 4895 557 4936 usus
579 4895 613 4935 ex
626 4893 752 4934 mettere.
767 4875 826 4934 Sub
839 4893 893 4933 una
919 4891 1032 4934 uenera-
1082 4898 1163 4940 cere:
1181 4900 1243 4956 quae
1257 4885 1330 4940 enim
1352 4884 1470 4940 naturali
1496 4885 1620 4940 bonitate
1640 4888 1749 4957 eapitur
1763 4886 1869 4944 bonefa-

239 4975 326 5041 tione,
341 4972 507 5028 indifferenti
525 4971 670 5038 cltaritate,
694 4971 722 5025 in
736 4980 763 5027 te
784 4970 925 5043 diligimus
945 4968 1032 5040 Spiri·
1082 4975 1232 5046 ceresola
1249 4976 1303 5033 nisi
1319 4975 1869 5050 gratis,etlibensfaeitlfuitergona·
1932 4960 1933 4983 ¹

240 5077 299 5124 tum
312 5075 450 5133 sanetum,
465 5065 493 5120 in
509 5080 570 5136 qtto
589 5064 672 5119 etiam
693 5062 805 5131 Filium,
821 5079 871 5134 per
899 5079 980 5134 quem
1004 5072 1032 5117 et
1081 5065 1179 5122 turalis
1203 5065 1312 5123 bonitas
1336 5081 1421 5123 causa
1446 5068 1557 5138 operis,
1582 5075 1610 5123 et
1636 5067 1745 5123 iuterna
1771 5070 1868 5125 meabs

240 5159 360 5223 Patrem,
374 5174 388 5216 a
400 5171 457 5230 quo
469 5171 552 5213 omne
563 5158 658 5214 datum
670 5156 816 5228 optimum,
838 5164 866 5211 et
883 5170 966 5210 omne
985 5154 1033 5210 de·
1081 5158 1247 5215 delectatio:
1264 5158 1356 5229 operis
1366 5159 1428 5214 dico
1447 5159 1593 5230 rationalis
1610 5159 1744 5231 spiritus,
1761 5161 1865 5231 etipse,
1932 5204 1933 5207 ,

240 5268 307 5307 num
320 5247 602 5322 perfectum(foc.r).
619 5246 1029 5313 PatereniminnomineFilii,
1081 5261 1187 5307 uaturae
1205 5265 1345 5322 corporeae
1367 5250 1468 5308 omnis.
1483 5250 1617 5310 Universa
1637 5253 1713 5308 enim
1737 5266 1865 5325 corporea
1932 5252 1934 5271 ¹

240 5343 268 5398 id
281 5348 324 5398 εει
334 5357 384 5412 per
401 5340 512 5407 Filium,
523 5340 570 5396 dat
582 5338 735 5410 Spiritum;
757 5337 846 5394 Filius
859 5354 874 5393 a
888 5337 971 5394 Patre
984 5338 1031 5393 dat
1081 5352 1179 5399 natura
1195 5341 1302 5413 spiritui
1324 5342 1412 5397 serrit
1434 5342 1560 5398 rationali
1580 5343 1614 5398 ad
1629 5342 1829 5414 :eruditionem
1841 5350 1866 5396 ει

241 5432 375 5505 Spiritum
390 5449 398 5497 ;
414 5431 564 5503 Spiritusa
585 5430 666 5486 Patre
689 5439 717 5485 et
737 5427 807 5484 ribo
829 5431 875 5484 dat
897 5429 1029 5499 seipsum.
1081 5430 1699 5503 quodammodosuumloquiturprincipium,
1712 5434 1867 5489 etnilsm
1932 5418 1933 5431 ἦ

238 5525 315 5582 bibit
326 5524 400 5579 enim
413 5524 505 5591 datur,
520 5524 565 5580 eui
590 5523 660 5578 nibil
672 5521 797 5589 debetur,
812 5521 866 5576 nisi
891 5520 986 5593 gratis,
1003 5519 1031 5575 id
1081 5525 1142 5581 tine
1155 5538 1232 5579 voce.
1250 5520 1312 5577 idco
1325 5536 1391 5594 ergo
1405 5520 1496 5581 factus
1516 5533 1560 5580 est
1586 5524 1701 5595 spiritua
1716 5522 1866 5591 tdtfaaffis,

241 5622 284 5668 est
301 5614 385 5669 dano.
405 5611 534 5684 Sedmec
562 5614 682 5671 debitori
707 5612 866 5679 dimittitur,
883 5628 934 5669 nee
960 5611 1032 5668 male
1081 5626 1112 5672 ut
1125 5615 1243 5688 gaudeat
1254 5625 1281 5672 et
1300 5615 1567 5673 condelecteturbeo
1587 5616 1623 5673 de
1642 5615 1754 5686 bemet
1766 5618 1867 5676 dm
1932 5628 1933 5631 ’

242 5702 340 5759 merito
360 5705 463 5760 bonum
477 5703 612 5772 redditur,
630 5703 683 5759 uisi
701 5702 775 5758 dono
790 5717 901 5774 magno,
919 5702 1029 5775 majori,
1081 5708 1163 5764 nibus
1184 5708 1211 5762 in
1236 5707 1297 5778 ipso
1317 5706 1387 5764 tolo.
1408 5705 1561 5766 Rationalis
1581 5707 1692 5779 quidem
1710 5707 1824 5779 fuss,
1839 5718 1868 5767 st
