3892 6067
136 49 140 59 ·
217 42 286 100 ιτοι
872 33 971 91 istuc
991 33 1036 88 ou
1056 33 1192 90 sumus
1794 42 1869 98 rror
1924 57 1925 106 ;

215 161 285 214 mim
313 153 443 229 pleniorii
465 169 578 220 riurein,
603 162 628 208 et
651 169 703 207 tros
726 151 791 207 bibit
805 153 893 207 uinum
907 165 940 206 eu
954 151 1005 206 eol
1020 155 1042 211 ,t
1057 163 1172 213 memor,
1184 146 1281 218 sopitis
1292 147 1366 206 curis
1376 147 1643 210 et'so'liicitudinibus
1654 154 1828 222 uniuersis,
1840 160 1871 211 ιιι

217 247 320 316 (Μαι.
333 244 676 316 n,1·t,)tt0cssnperetin
687 243 1005 308 omnibnsattendentrs,
1056 240 1125 294 nibil
1141 239 1249 295 interim
1273 239 1374 313 cogitet
1387 242 1421 297 de
1435 242 1550 314 pecnnia
1562 257 1673 312 auarus,
1694 245 1733 302 de
1748 245 1870 301 bonore

216 354 390 408 summopere
410 347 519 405 curate,
533 336 708 404 charissimi,
721 351 755 391 ne
778 336 806 390 in
829 335 881 389 lroo
900 345 1007 389 secreto
1057 331 1232 399 ambitiosus,
1248 332 1283 389 de
1297 333 1383 404 gloria
1398 349 1486 392 rarius
1497 345 1574 393 extra
1590 339 1721 410 gaudeat,
1733 353 1802 395 nec
1816 339 1869 395 do-

216 431 344 501 coniugio
357 428 798 498 uestrorirreiotiosustorpeat,
810 441 860 481 nec
872 425 900 480 ιιι
916 425 1025 479 alieno
1057 425 1121 491 leat,
1136 441 1187 483 nee
1212 427 1323 496 cupiat,
1342 443 1393 483 nec
1411 437 1527 495 metuat,
1542 429 1607 486 dum
1617 431 1657 488 ab
1677 432 1736 491 bac
1758 449 1826 489 nna
1844 441 1871 490 et

215 523 332 583 laboret,
346 521 390 576 rei
403 520 456 577 nisi
468 520 597 593 legitima
611 517 692 575 uxori
706 518 857 590 quidquam
869 517 1006 587 acquirat,
1056 513 1115 571 eola
1133 516 1262 572 sorbetur
1278 518 1419 590 voluptate
1435 536 1442 574 ι
1456 520 1498 577 sie
1517 520 1667 588 nimirum,
1683 523 1747 580 imo
1773 524 1871 580 inulto

215 628 267 669 nee
278 613 386 669 uxorin
398 611 450 667 sibi
464 611 583 667 subditis
597 609 753 666 inconsulto
774 608 835 662 siro
854 606 897 661 rel
917 605 1008 660 modi·
1056 608 1190 678 amplius,
1204 618 1278 667 totus
1290 610 1405 682 spiritus
1420 611 1512 668 sobrie
1525 613 1635 681 ebrius,
1649 613 1770 671 lortiter
1782 632 1871 671 ersm-

215 715 278 760 enm
287 703 410 771 ordinet,
424 715 560 775 quatenus
575 701 599 756 si
612 700 737 757 ordinem
753 711 863 754 seruare
878 695 1005 762 studetis,
1056 700 1109 768 ris,
1125 700 1154 755 in
1169 700 1225 757 Deo
1247 702 1340 760 omnia
1361 712 1460 774 poiens
1477 704 1542 769 erit,
1554 704 1581 760 in
1600 706 1733 764 omnibus
1750 708 1870 779 gaude·

215 795 291 851 intus
315 795 343 850 in
368 794 482 867 proprio
500 792 646 848 domicilio
669 790 747 862 prius
772 790 907 845 servetis:
923 795 951 844 et
970 789 1007 844 sit
1055 792 1112 859 bit,
1128 793 1241 863 quando
1263 809 1311 865 per
1324 794 1513 865 plenissimam
1525 796 1687 863 ueritatem,
1701 796 1870 862 virtutem,

215 886 308 943 nuruis
320 885 480 942 exercitatio
493 883 736 955 corporalis,qnae
749 881 783 936 ad
800 880 939 936 modicum
956 895 1007 935 ra-
1056 882 1235 952 ebaritatem,
1258 885 1284 941 ei
1313 885 1482 954 adhaerebit,
1506 887 1553 958 qui
1577 889 1608 943 in
1635 889 1778 945 omnibus
1805 893 1870 945 sais

216 980 263 1048 iet,
278 978 386 1035 subdita
399 976 453 1048 piae
462 974 611 1042 affectioni,
622 973 712 1029 omisis
723 970 830 1028 affectio
841 979 869 1027 et
879 971 1006 1027 voluntas
1055 976 1148 1030 omnia
1161 975 1221 1031 erit.
1238 974 1330 1047 Ipsum
1345 977 1496 1033 intuebitur
1508 989 1620 1050 propter
1631 981 1745 1051 ipsum;
1766 984 1868 1052 imum

139 1093 143 1106 ·
216 1069 316 1128 rationi
333 1087 341 1126 ε
358 1085 436 1125 inens
447 1084 512 1123 roro
529 1067 672 1123 rationalis
684 1064 732 1121 Dei
745 1065 840 1131 verbo,
852 1074 882 1120 ιιι
899 1064 934 1119 ab
944 1064 1006 1135 ejus
1056 1066 1160 1122 amabit
1182 1076 1292 1138 propter
1314 1066 1404 1139 ipsum
1427 1078 1459 1125 ιιι
1480 1070 1550 1125 nibil
1576 1070 1651 1127 aliud
1671 1072 1702 1128 in
1718 1074 1869 1129 omnibus

215 1159 376 1233 magisterio
391 1171 532 1227 rrrruquam
552 1155 686 1222 discedat,
701 1154 774 1211 sicut
794 1153 830 1209 ibi
846 1153 964 1209 audierit
979 1162 1007 1209 ct
1056 1156 1173 1213 delectet
1194 1157 1309 1224 videre,
1329 1174 1414 1230 quarn
1434 1160 1542 1231 ipsum,
1554 1176 1637 1233 quem
1652 1162 1747 1234 diligit
1767 1164 1866 1218 :nihil

215 1253 323 1319 rideris,
337 1253 378 1307 sic
398 1249 513 1305 inferius
531 1248 624 1303 onmia
637 1246 752 1319 judicet,
768 1253 912 1316 temperet,
928 1245 1005 1300 ordi·
1056 1246 1131 1304 aliud
1149 1247 1241 1304 ridere
1255 1264 1338 1319 quam
1349 1250 1445 1321 ipsum
1459 1264 1542 1322 quem
1557 1251 1641 1307 ridet.
1654 1249 1781 1308 visione
1798 1254 1867 1307 iilu-

215 1353 271 1400 nee
288 1343 380 1399 onear
403 1341 439 1396 ibi
461 1340 534 1411 quod
546 1340 656 1402 doceat,
669 1338 765 1395 dicens
780 1355 788 1392 ε
803 1352 865 1394 mea
880 1336 1006 1394 doctrina
1056 1331 1256 1395 minahltnr‘ad
1270 1339 1450 1413 diligendum,
1467 1340 1614 1397 dilectione
1627 1341 1865 1398 inflammabitur

215 1451 270 1491 non
284 1443 327 1491 est
336 1449 408 1501 mea,
420 1432 469 1489 sed
480 1432 540 1503 ejus
554 1431 597 1487 cui
614 1431 737 1502 subjecta
759 1444 832 1487 sum.
844 1428 884 1485 llli
897 1443 1007 1498 semper
1056 1429 1091 1486 ad
1107 1416 1298 1499 risissemus
1315 1431 1380 1487 dum
1402 1446 1512 1504 sempor
1525 1448 1559 1488 ex
1582 1433 1668 1489 altero
1685 1433 1715 1489 in
1731 1434 1862 1491 alternas

214 1524 352 1582 indelessa
366 1524 512 1580 dilectione
528 1523 675 1590 adhaereat,
700 1521 729 1577 in
751 1521 828 1577 illum
846 1521 1006 1592 prospicere
1021 1493 1042 1548 B
1055 1523 1178 1595 irruatur,
1193 1523 1307 1579 intinitae
1316 1522 1457 1580 felicitatis
1467 1524 1623 1591 decultum,
1637 1523 1665 1580 in
1680 1542 1773 1597 quem
1790 1543 1862 1583 nua-

214 1615 347 1685 deleetet,
368 1617 486 1672 dicens:
514 1614 583 1670 liiii
606 1614 740 1669 adherere
762 1611 820 1668 ileo
848 1613 945 1668 bouem
966 1620 1006 1668 ret
1056 1630 1139 1686 quarn
1154 1614 1335 1672 ambulabunt
1359 1617 1413 1673 nisi
1435 1616 1491 1687 pii,
1515 1626 1646 1688 sequatur
1664 1636 1672 1673 r
1688 1633 1726 1674 eo
1750 1618 1861 1691 dignus

214 1712 302 1773 (Paul.
321 1711 408 1782 ιιιιι)
425 1725 433 1761 :
449 1724 509 1763 num
527 1710 572 1780 qui
595 1708 713 1763 udhoeret
725 1705 801 1773 deo,
813 1722 882 1761 ιιιιιιι
896 1706 1005 1776 spirim
1055 1705 1150 1764 ridere
1168 1716 1197 1764 et
1218 1723 1395 1781 eognoscere,
1411 1710 1477 1781 quia
1490 1709 1588 1781 diligit,
1602 1725 1635 1767 co
1648 1711 1861 1768 desideraban-
1924 1779 1925 1784 η

213 1811 254 1857 ιιι
266 1800 293 1871 (l
310 1799 373 1856 Cor.
389 1815 427 1866 rr,
442 1798 500 1871 li).
518 1797 551 1852 -st
568 1798 641 1853 enim
657 1797 704 1869 qui
718 1796 840 1853 adheret
862 1796 939 1852 carni
956 1796 1005 1852 ills
1055 1798 1108 1856 dus
1130 1797 1255 1870 diligere,
1275 1801 1340 1873 quia
1355 1800 1508 1872 cognoscit.
1523 1800 1583 1857 Non
1606 1801 1680 1858 enirn
1704 1812 1807 1874 potest
1818 1804 1859 1858 ri·

213 1892 318 1949 evirata
332 1889 702 1962 enerviquerolsptate,ubi
717 1888 902 1960 spiritusipse
918 1886 1006 1945 ierme
1055 1892 1131 1959 deri,
1159 1902 1186 1949 et
1209 1909 1264 1950 non
1279 1892 1370 1967 dihgi,
1392 1895 1440 1952 sed
1465 1911 1515 1953 nee
1538 1895 1618 1952 debet
1637 1895 1771 1968 diligenti
1801 1911 1858 1953 noe

212 1989 289 2039 totus
300 1995 367 2037 earo
383 1979 509 2047 efficitur,
525 1994 579 2035 una
596 1980 627 2035 ιι
650 1995 727 2048 caro,
745 1989 775 2035 ut
793 1979 852 2050 lam
875 1994 930 2035 non
949 1979 1006 2035 sint
1054 1984 1173 2041 ostendi.
1190 1983 1226 2042 Ει
1236 2002 1293 2058 ‘9⁰2
1309 1986 1408 2058 inquit,
1422 1986 1559 2042 negendam
1573 1986 1597 2041 ei
1609 1986 1741 2058 „epipam
1759 1985 1855 2057 (1022.

212 2073 279 2140 duo,
291 2071 339 2129 sed
350 2087 405 2127 una
418 2086 494 2139 earo,
507 2070 554 2142 qui
570 2071 718 2127 camalitor
730 2071 872 2128 adherent
889 2089 896 2124 ι
912 2086 1005 2128 norrne
1054 2078 1121 2146 ιιι).
1924 2057 1925 2074 ¹

213 2168 313 2225 merito
326 2166 373 2240 qui
388 2165 511 2223 masculo
524 2166 607 2222 corde
624 2173 652 2222 et
672 2174 764 2222 utente
783 2165 867 2234 virili,
881 2181 935 2222 nou
950 2165 1004 2220 nri-
1090 2165 1138 2223 lire
1162 2179 1241 2236 sunt,
1264 2168 1449 2236 dilectissimi,
1466 2167 1520 2224 iiiae
1536 2167 1586 2224 alae
1608 2167 1758 2224 beatorum
1780 2183 1855 2224 sere·

214 2261 274 2320 nori
287 2261 422 2334 quadam,
437 2260 485 2316 scd
505 2260 633 2327 castiore,
651 2258 698 2316 sed
717 2258 828 2329 puriore
847 2257 1003 2326 dilectione,
1054 2260 1147 2331 phim,
1164 2257 1266 2331 quibus
1291 2259 1319 2315 iu
1346 2260 1491 2317 Mentem
1512 2273 1595 2331 super
1616 2259 1719 2315 solium
1741 2275 1856 2330 semper

118 2400 122 2406 .
213 2369 244 2411 se
264 2360 355 2409 toturn
378 2348 575 2408 transiundens
595 2349 624 2406 in
648 2348 746 2416 Deum
761 2350 796 2407 de
817 2365 847 2407 se
863 2350 915 2407 sibi
935 2351 1005 2407 nihii
1056 2353 1146 2410 rolant
1159 2350 1239 2423 (isui,
1253 2352 1304 2423 ιι),
1317 2352 1344 2406 in
1365 2367 1447 2422 quem
1462 2352 1619 2409 desiderant
1639 2366 1740 2407 omres
1761 2351 1853 2421 angeli

213 2446 347 2510 retinens,
363 2443 434 2500 nihil
456 2457 613 2511 reservans,
634 2441 755 2499 adhaerct
773 2442 828 2510 illi,
847 2451 947 2501 erotus
962 2460 1003 2511 sc,
1054 2444 1210 2516 prospicere
1228 2443 1255 2516 (l
1274 2442 1348 2500 Patr.
1365 2444 1402 2516 ι),
1415 2453 1527 2516 propter
1548 2443 1719 2500 desiderium
1739 2459 1854 2515 semper

213 2553 288 2595 unus
313 2536 428 2609 spiritus
443 2550 506 2593 curn
529 2533 576 2590 illo
591 2533 729 2591 eiliciturl
747 2535 787 2590 An
802 2535 939 2594 ellieacior
959 2539 1004 2594 illa
1053 2535 1266 2607 prospieientes,
1278 2545 1389 2608 propter
1402 2543 1577 2608 prospectum
1601 2549 1714 2605 semper
1736 2535 1853 2591 deside·
1924 2601 1925 2614 χ

212 2630 300 2703 pestis
311 2630 346 2686 ad
358 2628 524 2693 nocendum,
543 2627 577 2683 ad
589 2626 793 2698 captivandum,
805 2629 839 2685 sd
852 2629 1005 2701 deglutien-
1054 2638 1157 2687 rantes.
1173 2627 1264 2701 Ergo,
1280 2628 1398 2698 iratres,
1419 2638 1450 2685 ιιι
1473 2626 1621 2700 aliquando
1634 2627 1852 2699 dispendiosum

208 2724 290 2789 dum,
305 2721 338 2777 ad
353 2720 565 2792 permutandum
580 2735 587 2772 :
603 2735 686 2791 quam
707 2718 760 2776 ista
776 2720 865 2777 uirtus
875 2721 910 2777 ad
925 2722 1003 2777 auri·
1054 2735 1209 2777 sermonem
1234 2720 1407 2788 claudamus,
1420 2734 1557 2777 autumans
1581 2717 1666 2775 totius
1688 2719 1850 2791 religionis,
1924 2725 1925 2778 l

208 2813 355 2881 liandurn,
373 2810 408 2867 ad
430 2810 618 2880 liberandum,
634 2812 669 2867 ad
690 2810 945 2883 conglutinandum,
968 2813 1037 2908 udc
1054 2812 1205 2882 spiritualis
1229 2811 1349 2867 maxime
1372 2810 1495 2866 exercitii
1519 2824 1652 2880 scopum,
1675 2809 1737 2866 baeo
1760 2826 1848 2882 pono.
1924 2791 1925 2874 i

212 2904 432 2963 immutandum?
450 2903 496 2960 Ait
517 2904 691 2976 omnipotens
710 2917 816 2971 sermo,
840 2903 885 2960 cui
908 2903 1003 2959 sebast
1053 2899 1121 2958 Nam
1138 2902 1210 2958 sicut
1222 2901 1249 2956 in
1267 2901 1421 2959 coelestium
1438 2901 1596 2973 angelorum
1612 2899 1761 2957 ordinibus
1780 2902 1851 2957 che·
1924 2915 1925 2942 ι

202 3010 305 3068 posse,
317 3009 386 3049 cum
401 2993 486 3049 velit:
506 2993 562 3049 imo
586 2993 667 3065 eujus
684 2993 756 3049 idem
771 3008 852 3065 posse
870 3003 898 3051 et
909 2994 977 3049 relic
993 3010 999 3046 :
1053 2992 1144 3049 rubim
1154 3000 1182 3048 et
1195 2991 1333 3062 seraphim
1347 3005 1475 3061 suprema
1490 2998 1642 3047 noscuntur
1653 2990 1680 3046 in
1694 3005 1748 3047 suo
1762 2993 1851 3057 coetu,

208 3088 293 3156 ‘Velm
309 3085 403 3155 Peter,
418 3096 459 3154 art,
473 3089 598 3158 dcutepo
614 3094 640 3140 et
655 3094 683 3140 ιιι
699 3101 781 3140 unum
802 3101 908 3155 rumor,
923 3087 961 3142 itu
976 3098 1000 3143 et
1052 3087 1131 3144 sicin
1147 3095 1242 3144 nostro
1254 3086 1334 3151 coeio,
1353 3086 1380 3142 id
1392 3094 1435 3141 est
1446 3084 1474 3140 in
1489 3083 1581 3139 anima
1593 3083 1672 3154 justi,
1685 3084 1784 3154 inqua
1804 3099 1853 3140 sa·

211 3183 258 3244 isti
269 3181 322 3238 rint
339 3178 566 3236 nnumnobiacum
580 3174 670 3248 (doun.
683 3177 762 3248 arur).
775 3174 1000 3248 Oroluntaspia,
1052 3178 1153 3249 pientia
1181 3176 1268 3246 sedet,
1292 3192 1354 3233 cum
1382 3177 1419 3233 ibi
1442 3176 1524 3234 iidem
1548 3179 1660 3235 ordines
1679 3176 1851 3248 gradusque

211 3276 340 3330 voluntas
361 3270 480 3328 bei-oen
503 3268 604 3338 digna,
620 3267 747 3324 voluntas
762 3266 840 3336 plena
855 3267 958 3340 grstia,
974 3277 1001 3323 et
1052 3268 1167 3339 possint,
1183 3268 1353 3340 debeantque
1372 3283 1435 3326 esse
1459 3269 1613 3339 virtutum,
1629 3282 1756 3342 tanquam
1774 3285 1853 3326 suo-
1924 3265 1925 3274 ’

212 3367 363 3433 ctsaritatc,
377 3361 507 3418 *voluutas
522 3360 600 3431 plena
622 3358 747 3427 rcritste,
769 3358 833 3429 quia
858 3358 999 3414 veritatis!
1052 3376 1112 3415 rum
1126 3357 1297 3432 angelorum,
1309 3370 1480 3417 neuostrum
1491 3362 1590 3418 coelum
1606 3362 1667 3419 siue
1679 3362 1787 3434 angelis
1798 3365 1849 3433 sit,

214 3459 260 3527 tir,
274 3459 342 3516 sicui
359 3453 406 3528 epo
417 3467 443 3511 et
454 3466 482 3509 tu
495 3468 688 3520 enumeremus,
697 3451 737 3505 itu
750 3458 776 3506 et
791 3450 837 3506 isti
849 3452 904 3506 rint
918 3466 1001 3505 enaim
1052 3453 1172 3526 cognitio
1185 3461 1213 3508 et
1223 3453 1343 3522 dileetio,
1355 3463 1486 3526 tauquam
1498 3455 1639 3511 cherubim
1650 3464 1678 3512 et
1689 3458 1855 3528 seraphim,

211 3551 358 3606 rictiacum.
382 3546 452 3603 Ecce
475 3560 531 3617 quo
553 3543 712 3616 provehitur
733 3558 849 3611 sertus,
876 3558 931 3615 quo
955 3559 1001 3599 re·
1051 3546 1174 3603 archiam
1196 3545 1339 3614 obtinent,
1356 3546 1455 3617 hisque
1472 3546 1571 3601 debent
1591 3547 1684 3602 omnia
1707 3547 1847 3605 virtutum
1924 3605 1925 3620 ,

212 3640 375 3700 conciliatur
390 3638 528 3703 iuimicus,
543 3644 574 3692 ιιι
590 3637 637 3692 ssat
650 3636 685 3692 dc
705 3634 817 3691 inimico
831 3649 945 3701 serum,
966 3634 1001 3690 de
1051 3637 1160 3709 agmina
1184 3637 1265 3693 subdi
1285 3646 1313 3693 et
1334 3636 1471 3694 lamulari.
1487 3638 1577 3706 Quod,
1599 3638 1654 3696 nisi
1670 3639 1750 3695 tobis
1767 3643 1848 3696 ersi·

212 3749 293 3794 seruo
310 3733 433 3798 amicus,
457 3731 492 3787 de
511 3730 602 3785 amico
616 3729 699 3794 lilius,
715 3729 749 3784 de
769 3727 828 3783 titio
850 3728 947 3792 haeres,
966 3728 1000 3784 de
1051 3728 1142 3795 derit,
1157 3718 1306 3799 aitquiudo
1326 3744 1341 3785 a
1368 3729 1448 3786 nobis
1470 3729 1582 3786 audisse
1596 3745 1665 3798 rou,
1680 3731 1847 3788 meminisse

211 3825 322 3884 haerede
345 3838 429 3890 unus,
441 3822 498 3878 imo
517 3835 604 3876 unum
625 3814 707 3875 etia'm
719 3833 785 3874 cum
810 3818 868 3889 ipsa
884 3817 999 3873 haercdi-
1051 3820 1177 3892 potestis.
1192 3819 1287 3891 ltaque
1300 3818 1335 3876 ud
1351 3821 1420 3876 nihii
1435 3820 1509 3876 aliud
1519 3861 1527 3888 ,
1538 3836 1642 3892 quaeso,
1659 3820 1759 3879 iratres
1775 3827 1845 3889 urei,

211 3927 284 3987 tate,
296 3927 327 3974 ut
340 3914 413 3973 sicut
430 3929 486 3970 non
508 3911 610 3984 poterit
632 3910 724 3981 seipso
745 3908 859 3980 privari.
884 3908 923 3965 iio
950 3923 1001 3964 nce
1052 3913 1131 3971 sudet
1147 3914 1226 3970 labor
1240 3921 1340 3982 vester,
1356 3914 1480 3985 squaleat
1493 3913 1620 3980 sulitrrdo,
1637 3915 1732 3986 vigilet
1751 3915 1845 3972 inten-
1924 3931 1925 4006 5

164 4075 167 4080 ⁴
211 4009 457 4080 haereditasque
477 4004 550 4061 Deus
571 4012 614 4061 est
632 4003 691 4074 ipse
711 4001 838 4058 :etideo
859 4017 922 4072 pars
942 4016 1000 4055 meu
1050 4005 1100 4072 tiu,
1116 4005 1174 4061 sice
1187 4005 1337 4076 corporalis
1352 4004 1487 4074 exercitii,
1500 4006 1559 4062 siue
1577 4007 1661 4062 studii
1676 4007 1842 4078 spiritualis,
1924 4013 1925 4018 ’

211 4102 294 4169 Deus,
308 4099 406 4170 iuquit,
422 4098 452 4152 ia
470 4106 609 4153 retentum.
627 4094 708 4161 Ecce,
724 4102 754 4147 ιιι
772 4101 833 4147 suut
854 4107 936 4147 unum
950 4108 1000 4146 uo·
1050 4114 1151 4169 quam,
1170 4108 1201 4153 ut
1225 4098 1301 4152 uitiis
1315 4097 1452 4168 expulsis,
1468 4099 1683 4171 corapositisque
1702 4101 1842 4169 moribus,

211 4192 322 4246 bissum.
340 4186 364 4244 0
383 4202 469 4244 unum
492 4186 593 4242 uuum!
614 4199 633 4241 o
652 4198 739 4239 unum
759 4183 836 4239 unito
857 4184 956 4238 unum!
982 4187 1340 4254 opinductisuirtutibus,
1355 4187 1457 4259 quibus
1472 4188 1582 4256 sobrie,
1600 4189 1770 4258 ctjustc,et
1785 4191 1841 4260 pie,

211 4296 297 4338 unuin
320 4294 435 4351 prorsus
459 4277 664 4335 necessarium!
688 4290 774 4331 unum
793 4283 904 4346 propter
925 4273 999 4345 quod
1051 4288 1181 4350 tunquam
1193 4279 1258 4336 boni
1277 4278 1375 4345 activi,
1400 4279 1522 4336 uiuentes
1545 4280 1573 4336 in
1589 4281 1643 4337 hoe
1657 4281 1779 4349 seculo,
1792 4299 1842 4337 eor

163 4386 171 4403 ⁹
211 4373 305 4429 omnia
317 4369 412 4428 mundi
425 4370 508 4441 hujus
522 4368 612 4426 dulcia
622 4366 810 4438 relinquenda,
825 4380 920 4422 amara
934 4379 999 4420 sus·
1050 4372 1188 4428 mundetis
1202 4371 1236 4427 ad
1251 4371 1460 4442 speculandum,
1472 4371 1628 4428 accendatis
1641 4371 1676 4427 ad
1688 4374 1840 4428 amandum

210 4462 343 4528 linenda,
373 4463 519 4518 inhonesta
543 4459 688 4532 fugienda,
710 4467 738 4513 ιῑ
760 4458 875 4513 limesia
895 4458 999 4528 amplo-
1050 4462 1149 4518 divium
1169 4461 1407 4519 risionisbcutam
1423 4476 1510 4533 spem,
1534 4461 1562 4517 in
1576 4477 1631 4533 qua
1649 4462 1729 4533 plena
1743 4464 1841 4533 pacid-
1924 4447 1925 4450 ¹

211 4553 319 4609 conda.
340 4550 431 4608 Unum
454 4552 488 4607 oti
512 4550 586 4623 qood
608 4549 795 4619 ιιιιιΙῑὶιιΙῑιῑῑθι
815 4547 953 4612 curritur.
971 4546 999 4602 ῑιι
1050 4555 1139 4609 centia
1157 4551 1279 4610 moleret
1298 4565 1459 4625 generosam
1480 4552 1638 4609 tiliationem
1662 4552 1840 4626 be12qnan

211 4657 268 4715 quo
282 4640 458 4697 untlormiter
478 4650 581 4707 statur,
604 4648 746 4712 pausatur,
766 4638 927 4695 delectatur.
939 4634 962 4691 0
974 4636 998 4692 si
1051 4644 1130 4700 nohis
1143 4659 1190 4715 per
1205 4642 1317 4713 Filium,
1341 4644 1368 4699 in
1386 4643 1489 4714 Spiritu
1515 4652 1626 4712 sarecto,
1641 4656 1774 4715 pressare
1795 4647 1836 4701 qt.

165 4751 169 4758 ·
211 4732 292 4790 detur
315 4730 586 4800 audaciorerbisio
610 4731 635 4788 si
658 4730 784 4788 conterre
804 4729 885 4786 liccat
908 4728 998 4800 turpia
1051 4745 1159 4808 guetur,
1171 4734 1219 4805 qui
1233 4735 1301 4790 vivit
1315 4743 1343 4791 et
1356 4746 1451 4807 regnat
1461 4733 1544 4804 Deus,
1557 4751 1607 4806 per
1618 4736 1724 4793 intinita
1737 4737 1841 4796 saecuta

210 4823 332 4891 decoris,
346 4819 490 4878 inhonesta
505 4823 600 4889 castis,
612 4838 769 4892 supremum
781 4821 895 4894 spiritus
907 4820 1000 4876 cornis
1050 4829 1223 4884 spaniorum,
1243 4827 1339 4883 nmen,

210 4915 353 4973 extremui
376 4927 518 4983 nunquam
544 4912 661 4980 melius,
684 4929 825 4984 uunquam
853 4912 998 4985 proprius,

211 5023 354 5081 nunquam
369 5006 538 5078 expressius,
562 5004 621 5061 lraec
636 5005 702 5060 uuio
717 5016 822 5072 omrem,
837 5005 998 5076 spiritualis,

212 5098 317 5165 divina,
333 5098 361 5154 iu
376 5098 420 5154 his
440 5095 560 5154 tenebris
579 5104 761 5164 monstratur,
775 5111 857 5168 quam
873 5111 889 5151 a
904 5097 998 5163 simili,
1296 5091 1322 5131 ¹³
1342 5090 1430 5131 ⁵⁰⁰⁸*
1449 5090 1533 5132 ‘⁵⁵³⁰
1552 5091 1589 5130 W·

210 5189 336 5262 parcius
357 5190 537 5246 eontrarium.
553 5186 626 5244 Nihil
648 5187 721 5243 enim
746 5189 861 5245 veritate
878 5189 1000 5257 dissirni-
1091 5188 1187 5244 Videor
1203 5188 1281 5246 leros
1304 5189 1406 5256 turbor,
1419 5190 1577 5247 ascenditis
1593 5200 1719 5249 meatem.
1742 5191 1840 5263 llodie,
1924 5187 1925 5200 ¹

212 5279 278 5344 iius,
303 5279 371 5335 nihil
395 5281 600 5352 comparatione
626 5279 756 5336 similius.
774 5277 853 5336 Siout
871 5280 944 5336 enim
970 5279 998 5334 in
1016 5331 1020 5339 ,
1050 5280 1233 5348 dilectissimi,
1247 5296 1360 5338 cernisne
1374 5290 1416 5337 cst
1429 5282 1567 5339 colestem
1589 5283 1727 5341 modicum
1744 5287 1841 5342 alaim«

213 5370 334 5426 rnroalis
344 5372 545 5430 commistionis
558 5373 685 5437 articulo,
701 5372 738 5427 ita
753 5372 868 5441 spiritus
883 5380 958 5426 totus
972 5370 1000 5424 in
1051 5372 1107 5428 strd
1131 5370 1309 5444 pigmentaria
1332 5384 1511 5443 reserantem,
1527 5391 1590 5446 quas
1611 5390 1706 5432 securo
1725 5379 1841 5435 veniens

211 5473 323 5514 carnem
347 5462 461 5529 transit,
480 5464 619 5531 eviratus,
639 5464 682 5519 soi
697 5463 795 5534 impos,
811 5478 923 5518 suorum
935 5462 1000 5534 gim·
1050 5462 1084 5517 de
1099 5460 1162 5517 sinu
1175 5459 1264 5518 Patris
1285 5463 1391 5535 attolit,
1409 5473 1439 5520 ut
1460 5463 1535 5520 iliius
1558 5463 1681 5521 uolnera·
1699 5475 1778 5523 curet
1793 5467 1841 5538 qui

1357 4959 1473 5015 SERMO
1492 4959 1557 5016 lis
