3892 6067
120 219 170 280 iii
264 221 545 282 counentsmbtt
564 223 598 280 ll
616 214 788 283 PSALMOS.
805 254 843 266 -·
858 222 950 281 PARS
965 223 1012 294 lx,
1030 223 1078 281 RK
1097 223 1258 284 bonomo.
1278 257 1313 269 -
1330 227 1428 287 esst.
1449 232 1589 293 tntilli.
1695 237 1750 304 49)

120 349 207 398 vemas
220 337 390 406 opprobriam
402 342 498 398 oieinie
515 345 622 400 nortem.
638 341 706 402 Tam
725 344 908 418 ignominiose
922 349 946 407 Α
959 340 1031 396 Deus
1046 357 1148 407 eonem,
1162 358 1243 414 quem
1258 344 1355 401 dicunt
1369 362 1400 403 se
1414 347 1517 405 habere
1544 352 1696 421 arljntnrem
1721 366 1750 415 et

121 435 277 495 tractamur,
286 429 360 499 guod
374 446 472 489 sumus
484 433 654 505 opprobriam
670 436 762 493 meinis
775 437 832 509 iam
846 436 910 492 iude
959 432 1131 489 defensorem
1143 435 1156 489 i
1169 433 1238 491 Ecce
1249 436 1332 492 modo
1346 435 1451 496 iaciunt
1477 445 1551 512 quod
1573 443 1712 514 volumus,
1724 458 1752 506 et

121 518 154 574 ad
167 519 247 573 iidem
266 519 360 576 tenire
373 522 615 609 volentibuspuia
627 527 908 582 sumusauosannatio
960 524 1153 594 precipimus!
1170 524 1323 597 Propitiare
1343 529 1434 598 nobis,
1461 542 1489 588 et
1513 534 1572 590 beo
1593 537 1751 607 propitiatio

120 619 144 665 n
162 611 254 667 ιιιιιιι
272 615 438 684 inuueltbos,
458 618 505 690 qui
522 619 550 674 io
571 620 687 676 circuita
713 631 809 677 nostro
831 630 907 677 sont.
958 612 1104 670 innotescet
1116 618 1143 669 in
1158 617 1308 673 intrantem
1321 621 1508 678 peramoenus
1522 627 1630 692 norim,
1644 628 1751 690 ursus

120 702 281 761 llamarbias
292 721 342 777 pro
355 706 529 767 Mochabaeis,
608 741 613 748 ι
958 703 1009 760 das
1021 705 1102 761 nobis
1115 705 1162 777 qui
1176 721 1227 763 uos
1239 709 1334 765 volunt
1348 711 1400 767 sibi
1414 713 1540 769 subdere.
1556 713 1590 770 tn
1604 731 1660 771 non
1670 717 1750 783 dillo-

156 794 234 852 iens.
255 797 281 852 5.
307 796 457 870 Drpnepno,
481 800 603 866 Domine,
625 801 750 856 irasceris
770 801 843 873 genti
857 799 907 856 Ju—
958 810 1004 851 ras
1021 812 1109 868 usque
1123 806 1185 869 pest
1199 809 1316 856 mortem
1338 811 1461 860 nostram
1474 820 1483 872 ς
1496 805 1544 861 sed
1559 823 1650 861 eoram
1665 809 1750 866 oralia

120 887 201 944 daioe
212 896 239 944 te
253 889 365 957 colenti,
377 891 538 961 permittens
550 909 611 949 eam
625 893 729 950 saevitia
738 907 907 964 paganorum
958 889 1056 943 nostrie
1072 892 1213 961 corporeis
1225 892 1320 958 iacias,
1333 893 1370 950 ita
1384 903 1415 951 ut
1433 911 1483 952 nos
1494 897 1647 962 videamus,
1660 898 1750 954 iuvita

118 980 218 1051 affligi?
231 979 312 1037 Dacis
325 981 378 1037 hoc
392 983 421 1036 ia
433 984 524 1054 finem,
547 985 574 1040 id
595 993 639 1040 est
655 1000 741 1056 usque
764 984 799 1040 ad
823 985 908 1039 totius
958 988 1061 1035 nostra.
1077 977 1243 1039 biathatlrias
1255 999 1305 1055 pro
1316 984 1489 1045 naeuabeis.

119 1072 208 1144 populi
224 1074 486 1145 consumptionem?
502 1075 651 1148 Usquequo
669 1078 826 1132 accendebar
839 1076 908 1131 neiat
999 1068 1111 1126 Vindice
1122 1075 1276 1145 satiatricem
1289 1093 1424 1134 1611011111
1455 1085 1629 1155 1110111111»1ι111
1648 1083 1750 1152 ‘iiiiii

119 1166 185 1235 appr.
201 1165 274 1221 ηις.
286 1174 347 1221 pm
357 1167 370 1221 ,ι
381 1166 462 1222 Ζειμ,
474 1177 544 1236 0121,
556 1168 629 1240 quod
648 1167 765 1225 phinees
782 1167 907 1223 Jupaeum
957 1169 1007 1215 ert.
1021 1159 1060 1215 lta
1075 1163 1158 1218 habet
1179 1166 1231 1220 alia
1251 1169 1406 1226 translatio.
1426 1170 1546 1244 Sanguis
1562 1182 1666 1246 septem
1691 1174 1749 1231 lla·

119 1256 248 1312 inseorto
263 1257 374 1313 occidit.
391 1257 471 1312 Zeine
489 1269 559 1328 erat,
583 1259 655 1330 quod
677 1257 842 1314 biathatbias
859 1255 908 1311 iu·
957 1255 1144 1325 chabaeorum,
1159 1269 1187 1314 et
1201 1260 1317 1316 aliorum
1340 1264 1524 1334 plurimorum
1547 1270 1671 1340 prolege
1694 1269 1751 1327 Do·

118 1348 206 1406 deum
229 1348 310 1404 idolis
333 1351 534 1406 sacrificantem
560 1350 670 1408 occidit.
699 1350 779 1405 Ζιιιι
807 1351 908 1405 dicitur
958 1346 1025 1401 utini
1048 1347 1153 1405 effusus
1174 1358 1227 1418 est,
1243 1366 1326 1422 quiem
1349 1353 1483 1411 Dominus
1503 1356 1661 1427 vindicavit,
1683 1360 1749 1418 dum

117 1441 255 1497 monto
276 1443 319 1498 rel
343 1442 506 1515 indignatio.
530 1443 582 1501 llic
605 1444 677 1500 aeine
691 1446 760 1500 relat
783 1446 852 1517 ipnir
866 1455 908 1502 est
957 1438 1124 1500 Antiochum
1142 1441 1247 1502 crudeli
1274 1452 1363 1500 morte
1379 1449 1561 1518 consumpsit,
1573 1459 1599 1505 et
1617 1451 1748 1520 populum

117 1545 259 1601 aecensus,
276 1535 342 1589 dura
357 1531 468 1592 iudaeos
483 1551 534 1607 pro
550 1536 704 1593 idololatria
719 1536 830 1593 tradidit
841 1551 907 1608 gen·
957 1545 1039 1588 suum
1052 1536 1244 1592 exterminavit
1256 1536 1345 1594 bellis.

118 1624 193 1680 tibus
207 1625 381 1681 occidendos.
397 1624 470 1682 Satis
487 1627 630 1684 vindicasti
643 1628 671 1682 in
684 1643 735 1683 uos
748 1626 823 1698 :jam
977 1624 1076 1706 bians.
1093 1628 1136 1682 ll.
1153 1626 1240 1683 Intret
1260 1631 1288 1684 in
1301 1643 1440 1701 conspecta
1464 1642 1510 1689 teo
1523 1636 1634 1706 gemitus
1646 1651 1751 1706 eornpe·

151 1715 234 1772 Vens.
247 1716 273 1772 6.
293 1716 408 1788 Eponae
422 1720 490 1772 iram
504 1719 616 1773 tnamin
633 1728 722 1790 pentes
734 1736 794 1791 pute
809 1729 833 1774 te
850 1735 901 1773 non
921 1693 1083 1784 nditarem,
1109 1718 1135 1773 id
1157 1730 1200 1775 est
1223 1720 1251 1776 in
1276 1723 1432 1793 captivitate
1458 1725 1624 1796 positorum.
1649 1725 1748 1782 hlttltos

117 1819 252 1865 noremnt.
266 1809 305 1864 lta
319 1810 490 1867 abundanter
509 1812 587 1868 mitte
602 1811 814 1882 indignationem
830 1822 903 1867 tuam
956 1809 1030 1864 enim
1045 1820 1184 1881 ceperant,
1197 1825 1269 1883 quos
1293 1812 1322 1869 in
1345 1814 1454 1871 vincula
1477 1817 1661 1888 conjecerant,
1679 1833 1749 1888 quo·

115 1900 393 1970 superadversarios,
417 1902 464 1970 qui
489 1915 541 1957 nos
560 1900 725 1972 abligurriet
749 1911 775 1957 te
787 1917 842 1958 non
858 1917 906 1957 co·
956 1918 1017 1958 rum
1032 1903 1151 1974 gemitus
1171 1904 1198 1959 m
1215 1913 1363 1975 conspectu
1383 1905 1430 1962 Dei
1457 1907 1591 1976 introivit,
1607 1909 1672 1980 quia
1701 1912 1749 1967 ad-

116 1991 189 2057 lunt,
211 2004 294 2061 quant
316 1991 505 2062 multiplieiter
526 1993 624 2049 misisti
640 2009 722 2064 super
743 2008 794 2050 nos
811 1993 859 2063 qui
880 2003 906 2049 te
956 1992 1093 2049 versarios
1106 2005 1202 2050 eornm
1219 1994 1382 2065 periodum
1404 2004 1433 2052 et
1446 1997 1616 2069 iratresejus
1629 2001 1746 2071 punivit.

116 2083 243 2138 colimus.
259 2079 294 2138 Et
312 2082 418 2153 effunde
432 2084 502 2138 iram
524 2092 598 2138 iatam
624 2086 652 2139 in
672 2094 771 2157 pentes,
787 2085 835 2156 qui
860 2085 905 2141 bic
956 2083 1107 2138 &ceredam
1131 2087 1340 2157 magnitudinem
1364 2088 1465 2142 brachii
1491 2090 1531 2144 tei
1555 2091 1662 2161 posside
1679 2093 1748 2162 filios

116 2174 333 2232 iniundisnobis
356 2177 425 2230 iram
448 2186 533 2245 tnarn,
557 2178 645 2233 idest
664 2178 906 2235 occultamvindi-
956 2174 1188 2245 mortificatorem,
1216 2177 1326 2234 hocest
1342 2178 1404 2235 illos
1428 2177 1517 2237 iactos
1542 2180 1615 2236 lilios
1638 2192 1749 2236 nostres

114 2275 186 2322 etan
206 2265 340 2323 intutum
352 2267 467 2338 ιιῙιιιι,
481 2269 536 2325 boe
551 2279 594 2326 est
613 2285 710 2326 exerce
732 2270 904 2328 manifestam
956 2279 1027 2334 nuos
1055 2265 1233 2334 mortificant,
1253 2268 1359 2339 posside
1382 2270 1534 2327 secuudum
1560 2271 1749 2330 tortitudinem

114 2370 142 2415 et
150 2357 339 2415 omnimodam
348 2360 494 2415 vindictam
507 2361 534 2416 in
544 2361 681 2433 gentiliter
691 2362 824 2418 virentes.
840 2361 906 2428 Quae
955 2364 1044 2423 tuam,
1061 2358 1142 2428 quasi
1153 2360 1293 2430 propriam
1312 2361 1500 2419 haereditatem
1524 2372 1610 2433 tuam,
1624 2376 1653 2420 ιιι
1678 2366 1748 2421 ulte·

114 2463 139 2508 te
153 2468 206 2507 non
220 2461 356 2518 namrant,
376 2453 457 2509 idest
476 2454 502 2508 in
514 2460 541 2508 te
557 2467 611 2508 nott
629 2454 812 2510 erediderunt.
828 2452 862 2507 lit
877 2455 905 2508 in
956 2447 1016 2504 rius
1030 2465 1085 2506 uon
1101 2450 1177 2507 siuas
1191 2452 1344 2513 teoederet
1360 2461 1396 2508 tc.

115 2560 195 2616 repra
204 2559 264 2615 pute
278 2559 372 2598 nomen
383 2552 458 2597 team
468 2558 519 2597 aon
532 2543 756 2610 inmeorernmnt
767 2552 809 2599 est
819 2544 847 2598 in
858 2558 906 2613 pa·
993 2539 1077 2599 Vnus.
1094 2542 1139 2598 ts.
1154 2541 1189 2598 Et
1206 2544 1284 2598 redde
1297 2544 1337 2601 eis
1349 2544 1427 2603 taem
1440 2546 1534 2601 ricinis
1545 2546 1643 2602 nostris
1656 2555 1747 2616 reptat·

116 2635 194 2699 trias,
206 2634 234 2688 in
250 2634 352 2690 multas
367 2633 503 2704 regiones,
516 2648 646 2704 quaeuon
663 2634 906 2690 adoraveruntno·
955 2631 1030 2703 piem
1044 2634 1241 2705 improperium
1255 2637 1284 2689 in
1296 2637 1367 2703 rina,
1385 2636 1413 2692 id
1435 2645 1479 2694 est
1503 2638 1533 2694 iu
1556 2638 1678 2694 interiori
1701 2655 1748 2695 eo·

114 2741 174 2779 men
186 2734 273 2792 tatem,
286 2725 362 2798 quod
375 2734 419 2782 ιιι
433 2724 559 2782 Christus
573 2722 665 2783 iesus.
683 2724 716 2781 bt
727 2725 788 2782 ideo
801 2723 906 2796 effunde
957 2740 1033 2789 rum,·
1045 2727 1244 2796 improperium,
1261 2726 1335 2793 dico,
1351 2729 1479 2798 ipsoram,
1493 2729 1520 2786 id
1533 2741 1575 2786 est
1587 2730 1623 2785 ab
1634 2731 1702 2803 ipsis
1711 2733 1747 2788 il·

114 2816 142 2869 in
159 2831 208 2870 eos
221 2817 313 2870 iram:
957 2818 1042 2878 latum
1059 2818 1155 2885 :Quod
1165 2817 1387 2889 exprobraverant
1403 2821 1463 2888 tibi,
1483 2821 1605 2889 Domine,
1620 2824 1648 2876 in
1665 2823 1747 2879 nobis

151 2906 235 2962 Vens.
264 2907 289 2962 i.
310 2906 381 2972 Qnia
401 2909 569 2963 cometiemnt
592 2906 687 2963 iarah.
712 2907 769 2965 lloe
786 2917 827 2965 est
841 2925 906 2980 anp-
957 2910 1124 2968 arbitrantes
1143 2919 1170 2968 te
1183 2913 1211 2968 iu
1229 2912 1316 2967 serris
1328 2911 1383 2970 tuis
1395 2913 1480 2970 deleri
1491 2929 1506 2970 a
1519 2923 1601 2970 terra.
1613 2914 1747 2972 Conversi

113 3002 282 3072 plantatores
294 2999 424 3055 vitiorum
437 3015 487 3072 pro
503 3002 555 3057 title
569 3010 616 3057 tua
628 3002 764 3059 luctantes
772 3003 906 3073 quosdam
920 3026 941 3083 C
958 3017 1079 3074 namque
1094 3003 1128 3059 ad
1142 3004 1223 3061 iidem
1237 3005 1352 3060 multum
1367 3005 1395 3059 in
1409 3004 1502 3061 anima
1521 3005 1660 3075 dolebant,
1670 3007 1745 3078 quod

114 3094 282 3165 polluerunt,
308 3094 335 3147 in
363 3105 484 3149 errorem
511 3109 590 3150 suum
617 3094 764 3162 duxerunt,
786 3110 857 3166 quos
877 3104 907 3151 ut
958 3110 1080 3167 unquam
1094 3094 1151 3152 Deo
1165 3097 1207 3153 vel
1219 3098 1321 3154 sanctia
1331 3093 1588 3174 improperaverant,
1606 3106 1635 3155 et
1646 3100 1748 3171 septies

114 3189 208 3245 cibum
222 3187 250 3242 in
270 3202 370 3257 corpus
386 3174 548 3258 perditionis
569 3188 777 3268 devoraverunt.
792 3189 907 3262 iusuper
957 3196 1065 3244 tantum
1076 3188 1129 3245 sibi
1144 3189 1376 3261 improperabant,
1393 3203 1476 3261 quam
1491 3189 1568 3259 prius
1580 3187 1692 3246 Christo
1704 3191 1747 3248 vel

114 3278 204 3334 iorem
219 3279 276 3348 ejas
287 3278 482 3349 desoiaoerunt,
504 3279 568 3352 qaia
589 3281 658 3338 alios
671 3281 705 3337 ad
719 3281 799 3338 fldem
814 3282 907 3340 venire
957 3277 1016 3335 suis
1029 3277 1261 3350 improperabant,
1276 3293 1346 3350 quos
1355 3278 1493 3348 persecuti
1507 3286 1583 3333 sunt.

104 3419 106 3424 .
114 3370 328 3443 prohibuerunt.
342 3369 396 3427 Sed
407 3369 441 3426 ad
453 3370 639 3427 litteram‘ioea
652 3372 771 3428 ildelium
786 3382 847 3428 sunt
861 3374 907 3430 tie-
993 3367 1078 3427 Vens.
1096 3371 1138 3426 ts.
1155 3369 1214 3425 Nos
1223 3379 1312 3425 autem
1325 3356 1407 3443 iquos
1419 3370 1556 3443 persecuti
1574 3372 1649 3443 sunt)
1663 3387 1747 3442 popu-

114 3463 217 3525 soiota,
231 3461 297 3517 dum
313 3471 464 3520 conventus
476 3473 646 3520 eorumsunt
656 3464 799 3534 destructi,
813 3473 841 3521 et
855 3467 907 3536 ipsi
956 3460 998 3515 iet
1012 3471 1083 3528 teor,
1095 3472 1120 3517 et
1134 3478 1193 3517 oret
1214 3477 1320 3533 pascae
1331 3469 1395 3530 ιιιι,
1410 3477 1481 3533 quas
1492 3462 1589 3533 pavisti
1603 3478 1674 3532 pane
1683 3463 1747 3518 vitu

114 3569 131 3608 a
144 3553 370 3624 persecutoribus
383 3554 517 3625 oppressi.
532 3553 564 3610 Et
576 3555 706 3627 quoniam
719 3555 822 3612 scimus
833 3555 907 3627 qttod
956 3562 984 3608 et
997 3553 1160 3622 intellectus,
1177 3554 1361 3623 eonfiteiimnr
1373 3555 1423 3610 tili
1442 3556 1471 3609 in
1494 3556 1632 3619 secatam,
1650 3556 1675 3610 id
1703 3567 1745 3611 est

113 3644 242 3700 vindicas
255 3644 283 3698 in
298 3658 350 3701 nos
362 3654 480 3713 reatum,
494 3644 542 3717 qui
556 3645 624 3701 nibil
636 3645 706 3701 sinis
718 3646 881 3716 impunitum
898 3666 905 3700 ε
958 3644 1131 3702 laudabimus
1145 3655 1171 3702 te
1185 3645 1278 3713 eorde,
1295 3654 1323 3701 et
1337 3659 1394 3713 ore,
1411 3654 1437 3701 et
1452 3660 1535 3716 opere
1549 3645 1577 3700 in
1598 3653 1742 3701 aeternum.
1822 3643 1825 3649 '

112 3734 245 3804 Oramus,
958 3735 992 3792 in
1005 3738 1172 3809 praetutiana
1189 3746 1214 3791 ιι
1227 3736 1393 3808 peroratione
1409 3735 1478 3807 (38),
1490 3735 1543 3792 hoc
1555 3744 1607 3802 est,
1622 3736 1746 3808 quandiu

151 3825 238 3884 Vens.
251 3827 279 3883 8.
295 3826 338 3883 Νι
350 3829 499 3886 memineris
513 3829 685 3899 iniquitatem
696 3840 846 3885 nostrorum
859 3848 907 3885 an·
958 3831 1086 3884 succedet
1097 3827 1231 3899 penerotio
1243 3834 1271 3882 ct
1283 3825 1428 3897 penetotio,
1440 3825 1659 3881 annurttiaiimne
1683 3827 1746 3883 allis

113 3922 266 3994 tiqrrorem,
285 3920 311 3977 id
325 3926 412 3978 estex
427 3920 587 3992 parentibus
607 3918 776 3975 venientium
797 3928 908 3990 propter
957 3917 1063 3973 landem
1077 3926 1203 3982 taam,ut
1214 3925 1241 3973 et
1250 3917 1302 3988 ipsi
1318 3926 1344 3972 te
1363 3915 1485 3974 laudent,
1499 3925 1526 3971 et
1543 3918 1588 3973 bie
1607 3925 1635 3974 et
1655 3918 1682 3973 in
1701 3916 1747 3974 iu-

112 4013 303 4086 ignorantiam
318 4021 365 4069 aut
377 4012 547 4084 juventutem
568 4011 714 4067 factarum.
738 4008 799 4066 Cito
811 4011 909 4064 antici·
957 4016 1029 4064 turo

110 4112 179 4175 pent
199 4113 231 4159 ut
250 4105 351 4161 bonum
363 4106 490 4173 velimus,
505 4112 534 4162 et
546 4104 671 4163 conlecta
692 4104 837 4160 arbitrium
857 4119 908 4159 no·
993 4100 1101 4155 Aliter:
1123 4098 1275 4154 innoteseat
1297 4101 1326 4153 ιιι
1346 4096 1496 4153 nationibus
1518 4099 1586 4153 nitio
1608 4098 1747 4170 eorpuinia

111 4204 205 4252 strum
236 4204 266 4250 ut
282 4197 310 4251 in
326 4197 398 4252 bono
418 4211 635 4268 perseveremus.
659 4193 791 4251 velociter
805 4208 909 4266 praeve·
958 4198 1222 4257 renueramtooram,
1239 4191 1292 4246 boc
1315 4198 1359 4244 est
1381 4199 1503 4258 tempore
1526 4189 1759 4246 Christianarum·

111 4288 176 4342 aiat
186 4302 235 4340 noa
246 4296 300 4340 tae
315 4287 504 4342 misericordie
513 4286 635 4354 allectus,
650 4294 797 4357 numquam
811 4284 909 4342 antici·
958 4286 1100 4341 innotesce
1110 4285 1217 4339 eunctis
1229 4280 1448 4354 gentibus,quod
1458 4288 1487 4336 tu
1500 4281 1659 4352 sanguinem
1673 4295 1747 4336 mar·

110 4387 163 4450 pet
176 4375 321 4433 deiectus:
337 4377 409 4443 Qeia
428 4394 555 4449 properea
567 4378 634 4448 sorti
647 4394 738 4434 ramur
751 4377 831 4433 nimie
851 4377 907 4432 ori·
923 4362 1223 4449 1>tyrumviudicaltis.
1240 4373 1363 4445 Daciam
1379 4371 1550 4441 factumest,
1565 4372 1630 4443 quia
1651 4387 1746 4443 perse·

109 4471 256 4544 ginalibus
268 4479 297 4526 et
314 4470 469 4527 annalibus
488 4470 612 4542 oppressi
634 4470 723 4537 malis,
739 4479 767 4527 et
788 4468 908 4541 paradisi
958 4476 1067 4523 cutores
1082 4465 1247 4523 Christianos
1258 4465 1383 4537 religioni
1396 4463 1534 4536 subjugati
1549 4473 1623 4527 sunt,
1635 4463 1682 4519 alii
1693 4478 1746 4518 au·

108 4577 146 4619 ae
161 4559 261 4617 mundi
271 4563 370 4633 privati
384 4562 473 4618 bonis.
492 4560 593 4617 Contra
606 4561 663 4618 hac
674 4561 745 4616 mala
958 4567 1014 4614 tem
1030 4557 1111 4613 deleti
1122 4566 1196 4613 sunt.
1212 4554 1330 4611 introeat
1354 4556 1383 4609 in
1404 4561 1543 4624 consperto
1565 4562 1609 4608 me
1634 4552 1747 4624 pentinum

149 4654 238 4711 Vnus.
253 4654 281 4710 9.
297 4654 403 4725 idiota
418 4670 477 4721 noa,
490 4653 558 4711 Deus
581 4654 709 4711 arietaria
722 4664 820 4721 noster,
831 4665 860 4710 et
874 4656 909 4710 ad
959 4648 1178 4718 10111Ρ811110111ι1,
1193 4661 1264 4717 quos
1278 4644 1393 4701 ¹¹i⁰i¹³¹0
1412 4657 1513 4713 ⁰⁰ili¹¹⁸
1536 4651 1676 4715 issimi·
1698 4642 1748 4713 qui

108 4745 306 4817 superandum
323 4743 462 4813 inimicos,
484 4753 513 4799 ut
536 4743 740 4800 conformemus
756 4759 805 4800 eos
818 4744 907 4799 nobis.
960 4739 1143 4811 ingemiscunt
1154 4738 1269 4809 gravati,
1285 4735 1464 4802 habitatione,
1478 4750 1541 4806 quae
1559 4737 1593 4791 de
1605 4736 1676 4791 coelo
1692 4744 1745 4802 est,

107 4837 151 4896 Et
164 4847 274 4910 propter
286 4836 400 4909 pieriam
410 4836 525 4891 nominis
540 4836 591 4902 tei,
601 4833 724 4902 Domine,
733 4831 816 4887 iibere
830 4847 876 4885 not
892 4845 908 4886 a
959 4828 1118 4899 superindui
1132 4829 1282 4898 cupientes,
1295 4837 1325 4882 ιιι
1334 4828 1450 4882 mortale
1461 4844 1477 4881 a
1489 4828 1543 4883 vita
1552 4826 1742 4884 absorbeatur.

106 4929 359 5003 persequentibus,
368 4936 400 4983 ut
411 4929 438 4984 in
454 4929 565 4983 nomine
575 4925 734 4982 Christiano
749 4923 907 4994 glorientur.
959 4916 1109 4974 Secundum
1138 4918 1346 4989 ntapnimdinem
1370 4917 1536 4974 itarevlitatis
1558 4928 1612 4974 tua.
1642 4917 1746 4988 perricio

106 5022 150 5078 [ι
163 5024 297 5094 propitias
307 5022 484 5093 eatopeeeatir
496 5020 908 5088 noatnspropternomentaam:
933 5090 940 5096 ⁸
960 5010 1031 5081 fiiiot
1046 5010 1277 5080 mortificatorum.
1292 5009 1345 5066 Pro
1356 5009 1460 5066 Christi
1478 5011 1589 5066 nomine
1599 5005 1746 5077 compediti

105 5112 171 5183 Qut
185 5122 301 5185 propter
314 5121 425 5184 peecata
445 5109 650 5166 tribulationem
666 5106 746 5163 nobis
765 5102 908 5171 induxisti,
959 5100 1138 5175 gravissimas
1150 5102 1355 5172 persecutiones
1372 5102 1554 5174 pertulerunt,
1568 5109 1596 5155 et
1622 5099 1650 5153 in
1678 5096 1747 5167 ipsis

20 5209 25 5222 ¹
105 5204 227 5262 afflictis
238 5204 388 5276 propitiare
401 5211 508 5274 propter
519 5218 613 5257 nomen
626 5209 710 5265 taam,
724 5197 908 5269 quiapropter
960 5191 1135 5262 passionibus
1146 5192 1287 5248 constituti
1308 5201 1456 5247 oraverunt
1479 5204 1530 5260 pro
1554 5189 1688 5253 Ecclesia,
1710 5201 1745 5241 ne

102 5298 184 5355 i'lud
200 5312 301 5352 nomen
317 5298 369 5353 ista
385 5294 660 5366 omuia'patimur,eo
675 5290 748 5362 quod
758 5289 907 5345 Christiani
958 5282 1148 5340 infructuosus
1160 5293 1233 5339 esset
1257 5282 1375 5354 posteris
1398 5283 1511 5353 sanguis
1532 5279 1652 5334 illorum.
1676 5273 1745 5333 Filii

102 5390 257 5448 dicimur:
274 5386 450 5443 liberarem:
958 5377 1181 5448 mortificatorum
1201 5384 1276 5438 suut,
1299 5373 1348 5445 qul
1364 5373 1490 5444 exemplo
1516 5379 1666 5442 martymm
1695 5382 1745 5439 pro
1778 5369 1780 5375 ‘

145 5479 238 5537 Vns.
261 5480 305 5536 tc.
329 5477 370 5533 Νι
396 5480 465 5547 {orte
487 5477 580 5531 dicant
605 5474 632 5530 in
648 5471 766 5545 pertitas
780 5485 789 5525 :
803 5468 854 5526 liii
867 5479 907 5526 ιιι
957 5468 1069 5527 Citristo
1083 5467 1158 5542 passi
1177 5478 1250 5525 sunt.
1262 5465 1317 5524 lles
1330 5464 1463 5522 Dominus
1471 5462 1589 5537 possedit
1602 5461 1744 5519 ιιιιιιιιιιιιι

144 5634 209 5708 (58)
220 5631 337 5705 Vulgata
351 5649 359 5686 a
375 5629 408 5685 itt
420 5630 613 5701 praeeminerent
624 5637 650 5684 ιι
663 5635 866 5698 perorationem.

257 5726 394 5787 Piraeo.
417 5718 549 5785 cxciv.
1124 5749 1128 5758 ·
1571 5703 1608 5765 tit
