3892 6067
179 216 230 273 att
664 209 817 270 obaudiit
837 206 1032 267 PRAEPOSlTl
1050 205 1323 275 nurciensium,
1750 204 1823 263 m

177 336 241 393 data
255 341 298 390 cst
310 332 400 389 omnia
413 339 533 404 potestas
552 330 580 385 in
601 330 671 386 coelo
685 337 713 384 ct
733 330 761 385 in
776 339 859 385 terra.
882 328 960 386 Unde
973 333 997 390 A
1009 329 1086 395 ierit,
1101 326 1148 399 qui
1159 312 1271 396 proprio
1280 324 1350 379 Filio
1360 339 1414 385 ¹etto
1424 337 1478 379 oon
1489 321 1621 394 pepercit,
1634 321 1682 378 sed
1695 336 1748 394 pro
1762 339 1825 379 nae

178 423 243 480 licet
262 419 342 477 Patre
358 436 408 478 suu
424 422 557 475 immenso
573 419 662 473 minor
685 417 721 473 sit
734 419 884 474 secutrdnrn
906 418 960 472 ltu·
1012 415 1169 474 redimenda
1180 413 1294 471 tradidit
1305 412 1402 468 illumi
1420 411 1825 482 l'ciemertterquoquctnedi·

178 512 347 577 manitatem,
358 518 448 564 muron
466 508 554 563 eidem
574 524 630 563 suae
652 506 816 562 humanitati
843 506 962 563 obtinuit
1011 508 1077 563 iecit
1089 503 1237 577 ipseFilins
1246 502 1303 569 liei,
1311 503 1394 574 quise
1405 502 1473 558 nrihl
1484 502 1559 558 dedit
1568 511 1596 557 et
1609 516 1653 557 mc
1666 502 1825 561 miltitud-

178 602 252 657 illanr
267 615 324 657 suae
333 599 485 662 diuinitatis
496 599 646 657 claritatem
662 607 690 652 et
700 597 832 652 claritatis
846 598 957 653 immen·
1011 596 1156 662 didit,cunr
1164 593 1283 667 perditus
1293 591 1405 649 inissem
1412 592 1534 663 primoin
1542 593 1824 664 pcccadsoriginali-

177 692 296 756 ritatem,
310 707 393 764 quant
413 690 503 746 adbuc
516 689 647 760 paruulus
663 697 691 745 ct
711 689 746 745 ab
767 689 871 760 angelis
892 704 962 759 quo·
1011 686 1074 754 bna,
1082 686 1180 743 deinde
1187 686 1215 744 iu
1228 683 1477 751 actualibus,iusta
1490 682 1772 754 igituruioiesitudinc
1785 695 1822 740 te

177 794 231 851 qne
245 780 396 836 minoratus
411 794 426 837 ιι
439 777 520 836 Patre
534 792 585 833 suo
596 776 726 847 expetivit
739 777 834 835 dicens
847 795 854 831 z
871 796 880 828 ι
896 776 960 832 Cla·
1012 778 1173 834 uehementer
1185 793 1228 832 me
1239 776 1395 848 diligentem
1408 784 1436 831 et
1448 790 1499 846 ego
1509 774 1671 831 uehementer
1683 772 1813 847 diligens

176 870 254 926 ridca
277 885 331 938 me,
347 868 437 936 Pater,
453 868 526 938 apud
541 869 714 938 temetipsum
735 867 869 935 claritate,
877 882 961 938 quarn
1012 870 1142 925 mandata
1161 878 1208 924 tao
1222 867 1304 923 dlieari
1315 881 1429 923 consors
1452 866 1480 923 in
1492 865 1545 927 boe
1559 876 1714 921 meatorum
1738 882 1817 923 con-

176 962 261 1023 nabot
274 963 351 1032 prius
367 975 450 1033 quarn
476 959 596 1015 mundus
618 967 702 1024 essct,
720 959 793 1029 apud
820 968 847 1015 to
868 956 960 1029 (dean.
1012 955 1160 1023 iexsornnr,
1175 956 1303 1012 mandem
1327 952 1569 1025 teadiligentiunr,
1584 952 1619 1019 lit
1647 957 1814 1019 testimonie

177 1070 244 1121 xrrr,
260 1054 298 1122 5).
316 1072 326 1106 t
347 1051 434 1122 liujus
448 1051 581 1114 claritatis
593 1050 698 1107 bomini
718 1050 788 1105 datae
803 1050 962 1120 predicatio
1013 1057 1060 1103 tue
1073 1047 1136 1103 item
1161 1046 1242 1105 dilexi
1256 1056 1371 1109 consors
1384 1044 1411 1104 itt
1422 1045 1474 1102 boe
1485 1044 1628 1103 beatorum
1640 1054 1812 1119 martyrum.

177 1143 346 1202 scandalizat
355 1142 470 1213 pusillos
482 1142 509 1196 in
524 1141 588 1206 lide,
601 1141 703 1222 quibus
719 1140 760 1195 ab'
769 1140 823 1196 boc
835 1141 962 1196 scandala
1012 1137 1076 1207 qula
1091 1139 1165 1193 tertie
1181 1136 1287 1204 latine,
1301 1137 1401 1194 dicitnr
1414 1137 1507 1195 Graece
1521 1150 1632 1209 martyr,
1643 1147 1671 1194 ct
1683 1140 1814 1194 tatiane,

175 1237 292 1306 aliisque
308 1234 446 1296 scandalis
460 1233 618 1299 liberandis,
633 1231 698 1307 quia
714 1246 770 1287 non
792 1230 963 1293 sufficiebant
1013 1228 1058 1282 uia
1071 1236 1135 1283 sunt
1150 1227 1364 1298 martineque
1377 1228 1430 1283 nisi
1454 1225 1610 1283 dilexissent
1629 1227 1810 1296 redemerim,

176 1334 224 1381 aut
236 1325 415 1396 proficiebant
427 1322 558 1395 apndeos
575 1321 658 1377 uerba
679 1320 879 1376 exhortationis
890 1319 962 1379 dieta
1012 1335 1074 1376 cam
1100 1320 1234 1377 instarent
1258 1319 1351 1378 hostes
1373 1319 1576 1381 rebementcre
1595 1319 1746 1387 contrario,
1776 1329 1814 1384 nt

175 1415 218 1471 rel
232 1417 333 1486 scripta
347 1423 441 1471 contra
455 1413 514 1474 baec
531 1410 589 1483 ipsa
606 1410 747 1480 seandala,
757 1425 808 1483 ego
820 1411 856 1467 ab
868 1411 962 1468 erudi·
1013 1426 1149 1484 negarem,
1161 1410 1204 1466 rel
1220 1410 1316 1466 saltem
1328 1409 1408 1481 quasi
1425 1418 1518 1466 mutus
1538 1425 1593 1469 uon
1615 1410 1742 1482 loquerer
1756 1426 1809 1468 tea

176 1506 248 1561 tinrtc
259 1505 402 1576 quiescens
688 1500 689 1505 ’
1012 1503 1133 1569 ritatem,
1146 1499 1216 1558 iorte
1229 1501 1322 1559 uiuunt
1332 1499 1512 1573 deglutissent
1528 1516 1582 1568 ure,
1597 1516 1659 1557 curn
1672 1502 1811 1560 irascere·

212 1595 294 1651 Vens.
308 1595 369 1653 tto.
383 1594 578 1664 Exspectabam
599 1594 718 1654 salutare
739 1602 825 1660 tuem,
839 1591 961 1659 domiue,
1013 1599 1058 1647 tur
1073 1589 1150 1649 iuror
1161 1606 1256 1650 eorum
1276 1599 1372 1647 contra
1382 1605 1426 1646 me
1441 1592 1625 1647 veliementer.
1651 1590 1715 1657 Sed,
1726 1596 1798 1664 qnia

175 1694 199 1741 et
211 1684 339 1739 mandata
354 1691 400 1745 ttta
424 1683 518 1743 diieci.
533 1679 737 1751 Eaepeetaianr,
760 1681 822 1736 dica
838 1696 888 1752 per
899 1697 961 1738 rer·
978 1658 999 1717 Β
1016 1699 1026 1734 ι
1049 1679 1128 1737 fortis
1147 1688 1190 1737 est
1209 1689 1240 1737 ut
1254 1695 1329 1737 mors
1352 1679 1463 1737 dilectio
1474 1678 1565 1750 (Cant.
1578 1696 1639 1746 vrrr,
1651 1679 1691 1752 6).
1714 1700 1725 1735 ι
1748 1698 1811 1752 qua

174 1780 240 1835 burn
252 1777 383 1849 praeteriti
393 1774 545 1846 imperfecti
563 1774 849 1844 temporisquoniam
872 1772 962 1829 adhuc
1012 1771 1097 1827 dilexi
1107 1756 1259 1827 teetimonie
1274 1780 1331 1839 tae,
1345 1771 1428 1827 eliam
1452 1772 1523 1828 inter
1536 1771 1623 1842 ipsius
1647 1772 1743 1828 mortis
1755 1788 1810 1842 pe-

175 1886 230 1926 ιιοιι
245 1878 335 1926 cessat
357 1866 525 1938 exspectatio
546 1880 618 1933 roca,
633 1880 687 1938 qua
704 1874 824 1934 exspecto
843 1863 962 1925 salutare
1012 1862 1099 1919 ricula
1113 1861 1252 1919 custodiuit
1265 1862 1355 1917 animo
1370 1878 1429 1917 ntea
1443 1862 1594 1917 testimonia
1619 1872 1677 1927 tea,
1695 1873 1720 1916 et
1732 1863 1811 1921 dile·

176 1971 263 2025 taum,
277 1959 397 2026 liertiae,
412 1972 468 2029 quo
485 1967 633 2027 apparente
651 1957 679 2012 iu
692 1955 779 2027 gloria
792 1971 842 2013 sua
857 1965 885 2012 ct
899 1956 962 2012 mit·
1011 1955 1052 2009 ait
1063 1971 1095 2010 ca
1105 1954 1274 2015 veiamenter.
1297 1952 1357 2010 Nou
1370 1963 1460 2015 autern
1478 1954 1584 2017 viribus
1595 1955 1665 2010 meis
1682 1956 1812 2013 attribuo

177 2060 250 2105 tcnte
264 2048 377 2118 angelos
395 2061 462 2103 snos
475 2046 665 2117 colligantius
686 2047 721 2103 de
734 2061 820 2115 regno
831 2046 891 2116 eius
901 2062 962 2101 om·
1011 2044 1085 2117 quod

176 2140 222 2194 nia
241 2138 369 2197 scandala
384 2135 494 2208 (Matri.
520 2151 581 2203 xut,
602 2136 660 2208 ll),
682 2155 691 2189 t
718 2144 745 2193 ct
757 2137 879 2199 salvante
901 2139 961 2207 ipso
1047 2135 1130 2193 Vnus.
1143 2136 1204 2193 168.
1217 2134 1324 2196 Sarrum
1335 2137 1565 2207 mandatatae,et
1581 2139 1810 2215 testimoniatus,

174 2230 314 2286 salventur
326 2227 447 2284 membra
461 2243 511 2284 sua
525 2227 616 2286 omnia
637 2227 719 2287 etiarn
734 2226 832 2298 pusilla
845 2229 961 2285 scaeda·
1011 2229 1058 2286 sed
1072 2229 1167 2302 gratiae
1191 2239 1253 2296 tear,
1268 2244 1323 2303 que
1343 2244 1387 2286 mc
1400 2230 1555 2301 respexisti,
1570 2231 1633 2304 quie
1644 2247 1732 2285 emeret
1751 2233 1808 2287 rite

175 2324 255 2378 litata
274 2337 322 2394 per
346 2328 466 2387 noctem,
483 2320 548 2376 dum
567 2334 622 2375 non
645 2318 739 2375 uident
763 2319 853 2390 ipsum
873 2321 959 2375 solent
1011 2337 1074 2379 mete
1094 2322 1123 2376 in
1140 2331 1279 2391 compecto
1303 2329 1358 2376 tao.
1379 2319 1458 2387 Quod
1482 2320 1807 2391 orindescio,quoniam

155 2413 296 2486 lustitia,
330 2412 394 2469 lieet
425 2413 528 2482 ubique
554 2419 726 2482 presentem,
745 2419 864 2466 attamen
894 2410 959 2481 quia
1011 2412 1232 2483 quandocunque
1257 2411 1380 2467 arcrtitti
1408 2409 1504 2471 tactem
1524 2419 1598 2466 tuam
1612 2427 1628 2466 a
1642 2427 1694 2478 ure,
1713 2412 1809 2471 iactrts

177 2522 189 2559 t
205 2504 296 2576 posuit
306 2506 432 2561 tenebras
447 2503 591 2558 latibulum
605 2516 685 2557 suurn
702 2498 790 2572 (Perti.
801 2516 870 2569 aru,
886 2501 955 2572 lap»
1008 2516 1070 2561 sum
1085 2500 1274 2569 conturbatus,
1300 2515 1389 2572 neque
1406 2507 1471 2555 tunc
1497 2501 1671 2559 arnbulabam
1692 2503 1720 2558 iu
1745 2506 1805 2571 tia,

173 2594 296 2651 nondum
320 2593 393 2651 clare
419 2601 605 2663 apparentem.
617 2590 668 2649 Cui
679 2599 707 2650 ct
722 2591 750 2646 in
771 2592 823 2651 lrtc
837 2591 895 2661 ipsa
909 2606 958 2649 er·
1009 2592 1056 2649 sed
1070 2593 1196 2648 errabam
1207 2592 1234 2647 in
1247 2591 1331 2659 inuio,
1344 2591 1432 2647 dortec
1441 2591 1540 2647 iterum
1551 2592 1716 2665 diguatuscs
1729 2596 1807 2665 aspi·

174 2685 351 2759 spectatione,
382 2698 437 2756 qua
462 2684 551 2755 ipsum
572 2691 703 2753 aspecto,
726 2681 789 2738 dico
815 2681 956 2738 assidue:
1007 2698 1070 2739 nere
1080 2691 1161 2754 atque
1175 2683 1210 2738 etl
1219 2682 1292 2738 riam
1306 2681 1448 2738 reducere.
1466 2681 1586 2739 Proinde
1608 2683 1636 2738 in
1647 2685 1802 2755 gratiarum

179 2777 254 2844 (01Ιὶ
277 2776 357 2833 sedes
379 2790 462 2845 strper
481 2773 641 2840 Cherubim·
662 2772 837 2831 manifestere
864 2788 957 2829 coram
1007 2779 1114 2837 acione
1132 2778 1194 2836 dico
1211 2797 1219 2835 t
1237 2779 1344 2837 Servati
1367 2778 1495 2845 attendatis
1515 2790 1573 2849 tuo,
1597 2791 1622 2836 et
1648 2783 1804 2845 testimonia

175 2871 315 2942 Ephraim,
338 2868 481 2939 Beniamin
507 2877 534 2924 et
562 2866 687 2924 danesse
704 2866 790 2939 (tet).
824 2866 847 2919 ι’
867 2864 955 2921 hema
1008 2872 1300 2941 qumquiaonrrtetoioe
1312 2872 1623 2943 meoeincontpectuttto.

178 2961 333 3028 «bomine,
359 2959 431 3016 Deus
453 2959 595 3026 uirtutum,
625 2967 752 3015 converte
779 2970 841 3023 non,
863 2966 893 3019 ¹et
916 2973 960 3014 os·
973 2987 997 3048 (ἶ
1046 2960 1132 3017 Aliter
1152 2959 1271 3019 :Omnes
1285 2961 1334 3016 aire
1361 2977 1436 3024 mec,
1453 2961 1480 3016 itl
1502 2971 1545 3018 est
1559 2977 1656 3023 omncs
1677 2965 1804 3022 actiones

174 3052 253 3110 tende
278 3052 377 3108 iacicrn
401 3062 490 3117 tuam,
517 3060 544 3107 ct
569 3051 637 3107 salui
659 3051 763 3107 erimus
783 3051 873 3123 (idid,
889 3053 955 3121 di.»
1010 3067 1080 3108 tuce
1097 3052 1255 3124 diriguntur
1267 3053 1296 3113 ire
1319 3061 1457 3123 conspecta
1483 3063 1540 3121 tuo,
1555 3054 1619 3125 quia
1641 3063 1668 3110 te
1698 3056 1804 3112 illurni-

175 3141 263 3198 ltem:
294 3161 304 3195 t
329 3141 450 3197 Ostende
475 3141 565 3206 nobis,
590 3139 716 3207 ltominc,
741 3141 958 3197 misericordiane
1008 3153 1092 3201 nante
1108 3142 1345 3214 pereasambulo‚
1361 3144 1387 3199 id
1407 3143 1541 3215 precipue
1555 3146 1711 3216 requirens,
1727 3158 1801 3213 ιιιιιι

175 3244 261 3301 trram,
276 3244 303 3290 et
314 3234 433 3289 salutare
444 3241 521 3288 tuum
533 3233 568 3288 da
580 3232 659 3288 nobis
674 3232 762 3300 (Ptat.
780 3248 888 3299 taxato,
901 3232 956 3301 Si.»
1009 3233 1125 3304 benigne
1138 3233 1256 3305 aspicias
1266 3249 1310 3289 rne
1321 3233 1409 3289 oculis
1426 3234 1621 3291 misericordie
1643 3253 1718 3293 nunc
1741 3254 1803 3294 arn-

175 3323 241 3382 item
257 3341 265 3378 a
281 3321 412 3378 obstem
426 3322 553 3391 splendor
570 3321 640 3378 luris
650 3330 767 3387 amrtrae,
780 3329 808 3376 ct
821 3320 959 3391 Saliusti-
1008 3322 1146 3379 buiantcm
1160 3324 1187 3379 in
1199 3323 1254 3391 ria,
1265 3331 1401 3394 quatenus
1414 3325 1529 3397 gratiam
1542 3340 1593 3396 pro
1603 3328 1690 3397 gratia
1703 3343 1803 3385 conss-

175 3413 219 3470 tiae
233 3412 306 3477 tetri,
324 3419 352 3465 et
367 3410 489 3465 illumina
503 3409 627 3465 sedentes
642 3410 669 3463 in
682 3410 802 3466 tenebris
819 3420 846 3468 et
856 3411 885 3467 in
896 3427 958 3466 um-
1009 3420 1090 3468 culus
1111 3412 1139 3467 in
1166 3413 1254 3483 patria
1273 3426 1383 3483 quoque
1402 3414 1502 3483 dignus
1525 3415 1649 3472 intentat
1671 3418 1802 3474 assistere
1831 3471 1840 3481 ,

175 3502 225 3559 bra
239 3502 338 3558 mortis
352 3500 429 3573 (Lac.
445 3515 465 3563 ι.
482 3500 536 3568 79).
551 3498 615 3555 ltem
631 3516 638 3553 z
657 3518 666 3552 t
686 3499 831 3557 Osculetur
857 3517 901 3557 mc
913 3517 959 3558 os·
1007 3503 1158 3573 contpectui
1183 3514 1228 3558 tuo
1249 3503 1361 3561 vulnere
1384 3517 1445 3560 meo
1461 3505 1495 3560 ad
1512 3504 1622 3575 plenum
1639 3516 1744 3575 sanato,
1771 3519 1801 3573 et

175 3593 238 3649 culo
255 3594 313 3648 oris
324 3592 367 3648 sui
383 3590 474 3660 (Cant.
486 3605 507 3657 r,
522 3590 560 3655 1).
579 3588 667 3646 »ltetn
682 3609 689 3645 ι
705 3608 715 3643 ι
735 3589 831 3647 Veniat
843 3591 959 3651 dilectus
1007 3592 1227 3667 principibusme
1235 3594 1460 3667 persequentibus
1468 3610 1501 3651 ac
1517 3594 1723 3653 vulnerantibus
1734 3609 1801 3655 aute

175 3698 255 3739 rtteus
267 3684 294 3737 in
320 3684 431 3738 bortum
446 3696 537 3748 suunt,
557 3690 586 3738 ut
601 3681 725 3738 comedat
743 3681 848 3740 iructus
861 3699 957 3755 pomo·
1006 3688 1174 3753 conspectum
1189 3694 1264 3739 tuum
1283 3686 1433 3742 sulrsistere
1455 3701 1510 3741 non
1525 3686 1689 3752 valentibus,
1711 3690 1798 3748 irrrca

175 3790 237 3830 rum
252 3789 365 3830 suorum
384 3770 513 3844 (Canen
530 3771 567 3843 l).
588 3770 695 3827 »Multa
710 3771 738 3828 in
752 3773 825 3830 bunc
846 3774 958 3831 nandum
1003 3774 1078 3831 dacio
1098 3784 1145 3830 tua
1172 3773 1348 3847 fugientibus,
1370 3776 1449 3849 juxta
1464 3776 1537 3847 quod
1562 3776 1627 3831 alibi
1644 3779 1733 3846 optavi
1756 3781 1800 3836 di-

175 3865 280 3919 cantica
306 3861 439 3933 spiritalia
465 3860 640 3933 frequentare
662 3863 747 3929 soleo,
762 3864 827 3919 dunt
841 3864 959 3921 tolerare
1007 3880 1092 3922 oens:
1110 3884 1119 3918 t
1138 3864 1283 3939 Exsurget,
1296 3866 1378 3933 Deras,
1393 3877 1421 3924 ct
1429 3867 1597 3938 dissipentur
1612 3868 1715 3926 iuintiei
1725 3871 1797 3940 ejus,

175 3963 261 4023 mem,
276 3953 359 4020 Deus,
374 3952 446 4025 quod
459 3952 487 4009 in
511 3952 553 4007 bis
565 3953 679 4011 canticis
698 3954 850 4023 invocatur,
861 3970 956 4026 exspe
1004 3967 1036 4013 'et
1047 3957 1162 4029 lugiunt,
1174 3958 1221 4029 qui
1236 3959 1352 4014 oderuru
1363 3974 1436 4024 eurn,
1451 3974 1466 4014 a
1482 3959 1553 4015 iaeic
1563 3959 1634 4029 ejus.
1661 3958 1731 4017 iusti
1746 3978 1799 4017 au-

175 4056 253 4109 ctaas
267 4054 397 4117 exspecto.
410 4047 499 4116 dique
513 4053 543 4099 ut
552 4046 762 4115 exspectationis
773 4062 840 4103 mee
852 4045 958 4107 tructus
1003 4047 1224 4118 temepnlentur,
1233 4047 1403 4102 etcxsultent
1414 4046 1441 4101 in
1451 4057 1600 4118 conspectu
1613 4048 1670 4116 liei,
1683 4059 1710 4106 et
1720 4051 1796 4106 dele-

173 4151 231 4196 non
241 4136 361 4192 tardetur
371 4150 419 4206 per
429 4132 619 4205 negligentiam
633 4134 822 4199 mnrrdatorunt
836 4144 956 4206 tttornut,
1008 4146 1117 4194 utentur
1132 4138 1159 4192 in
1172 4136 1264 4195 laetitia
1278 4134 1366 4206 (Peri.
1385 4153 1471 4204 txrrt,
1483 4138 1511 4205 2,
1527 4139 1566 4209 1).
1587 4159 1596 4191 t
1613 4140 1654 4194 nd
1677 4141 1729 4196 hoc
1743 4141 1797 4212 igl-

173 4225 234 4302 ipsa
257 4227 384 4282 mandata
397 4224 548 4292 teadiieai,
561 4240 682 4297 perque
697 4240 753 4281 non
774 4226 865 4282 solunt
878 4226 957 4281 intel·
999 4236 1052 4284 'tur
1062 4230 1175 4285 tendunt
1188 4245 1276 4283 omnes
1291 4228 1339 4282 nic
1355 4230 1675 4301 meoelncenepectatuo,
1691 4242 1721 4289 ιιι
1735 4233 1792 4292 tttts

174 4322 254 4386 lecta,
273 4318 331 4385 scd,
341 4316 414 4388 quod
428 4316 527 4372 melius
543 4324 595 4383 est,
607 4316 690 4371 etiarn
714 4317 812 4372 dilecta
827 4325 854 4371 et
863 4323 955 4371 custo-
970 4307 994 4365 1)
1007 4318 1136 4383 associcr,
1148 4317 1194 4388 qui
1214 4317 1396 4398 epulabuntur
1408 4326 1436 4372 et
1455 4320 1630 4376 exsultabunt
1641 4322 1668 4375 iu
1681 4337 1790 4394 conspe-

174 4411 232 4466 dita
246 4410 276 4465 [it
291 4408 411 4467 salubris
426 4409 484 4479 ipse
498 4408 648 4463 Salvatoris
661 4407 794 4469 aduentus
811 4408 917 4479 primus
930 4417 958 4468 et
1007 4417 1050 4471 titt
1063 4415 1117 4470 tae,

174 4499 321 4567 secundus,
344 4498 387 4554 tel
414 4499 496 4553 etiarn
515 4479 701 4568 quotidianus,
724 4512 805 4568 quern
833 4488 957 4567 promisit
1371 4513 1435 4555 reu.

174 4589 290 4653 dicens:
307 4608 317 4641 ι
336 4587 439 4659 Siquis
453 4587 540 4659 diligit
553 4603 607 4653 me,
623 4602 777 4643 sermonem
794 4600 957 4659 meumsen
1000 4594 1003 4601 ’
1043 4586 1125 4647 less,
1146 4586 1207 4653 titt,
1228 4585 1289 4642 l'lli.
1308 4586 1504 4662 Appropinqaet
1526 4593 1675 4662 deprecatio
1698 4610 1755 4649 trtrtt
1768 4599 1796 4651 itt

174 4678 259 4745 tabit,
271 4686 300 4733 et
311 4676 391 4733 Pater
414 4693 492 4734 mcus
505 4678 598 4750 diliget
617 4692 691 4743 cum,
704 4685 732 4733 ct
742 4678 776 4733 ad
789 4691 853 4732 eum
865 4676 957 4736 uenie-
1007 4673 1211 4748 corispecttttrm,
1228 4677 1345 4733 liornine.
1362 4678 1462 4735 Littera
1469 4680 1527 4735 lraec
1541 4681 1636 4737 uitinta
1650 4692 1700 4747 est,
1716 4689 1797 4751 cirins

175 4785 247 4841 mus,
260 4777 287 4824 ct
303 4769 471 4831 mensionem
483 4770 555 4840 apud
566 4786 629 4826 cunr
645 4768 775 4827 iaciemus
797 4768 887 4841 (doen.
900 4785 955 4837 ιιι,
1000 4785 1106 4826 ‘nornen
1122 4777 1167 4825 tau
1185 4768 1269 4825 mittit
1285 4785 1336 4827 nos
1362 4770 1395 4831 ad
1421 4774 1683 4851 consummationem
1696 4774 1729 4830 dc
1741 4792 1795 4845 tgna

173 4861 232 4929 15).
252 4880 262 4915 t
285 4858 364 4916 lianc
379 4860 528 4918 saltatoris
542 4862 687 4918 adtentum
698 4876 812 4934 sperans
822 4869 849 4917 et
861 4875 957 4933 cxspc·
1007 4862 1110 4917 dietum
1120 4870 1180 4917 est:
1196 4860 1289 4919 unane
1299 4864 1534 4918 eetttnnmratinnix
1549 4865 1795 4935 intimaultima

173 4962 253 5018 &³¹¹⁸
1014 4966 1063 5022 per
1074 4952 1126 5007 ltoc
1143 4951 1308 5017 insinuatur,
1323 4952 1388 5022 quie
1409 4962 1456 5007 tau
1480 4952 1675 5025 interpretatur
1697 4960 1794 5011 errarit

210 5043 293 5100 Vane.
309 5040 370 5097 167.
390 5040 486 5095 Anima
510 5057 568 5096 ntea
592 5044 731 5098 maledicit
745 5043 894 5099 testimonia
912 5052 957 5098 tea
991 5041 1050 5096 sel
1061 5042 1249 5097 comammnait
1264 5040 1306 5097 tel
1326 5043 1412 5115 siqua.
1428 5041 1476 5105 Est
1502 5052 1593 5101 autent
1622 5045 1794 5117 perducimus

172 5137 232 5207 qire
252 5132 394 5207 martyria,
416 5149 470 5188 nou
488 5147 590 5204 negans
607 5133 678 5188 inter
698 5133 868 5193 adversaii
893 5137 956 5205 quia
1008 5147 1105 5202 inagna
1137 5131 1336 5188 consommatio
1365 5131 1391 5186 itr
1413 5133 1465 5191 ltoc
1492 5135 1547 5189 rita
1570 5150 1691 5193 errorem
1710 5152 1791 5193 sutrin

174 5244 225 5287 ttcc
257 5226 417 5299 martyrium
449 5225 520 5280 salet
536 5223 571 5280 ad
595 5225 710 5281 salutern
732 5226 791 5281 sine
814 5226 957 5282 dilectione
1009 5236 1202 5292 recognoscere
1212 5237 1244 5277 au
1258 5221 1368 5277 diceto:
1386 5222 1487 5280 Servus
1509 5225 1613 5281 inuidis
1625 5242 1698 5293 sum,
1719 5228 1792 5297 (illtii

175 5317 378 5383 attandatorum,
397 5316 458 5371 idco
471 5315 565 5373 ditexit
577 5331 608 5370 ea
622 5315 781 5370 oeiunrenter
795 5316 884 5370 anima
897 5331 957 5370 anea
1007 5313 1088 5369 debui
1100 5312 1200 5381 iacere,
1216 5311 1277 5369 icci.
1292 5311 1350 5369 llec
1368 5314 1512 5371 dicendum
1536 5317 1632 5372 suadet
1641 5317 1700 5388 ipse
1709 5317 1792 5375 Cleri·

176 5406 251 5473 prius
263 5421 345 5475 ιιιιιιιι
360 5407 400 5462 sic
411 5406 544 5485 diligeret,
557 5407 717 5461 veliementer
741 5405 849 5469 dilecta,
874 5414 902 5459 ιιι
930 5415 958 5460 et
1002 5414 1067 5462 ‘stus
1080 5404 1174 5461 dicens
1192 5424 1198 5460 ι
1220 5423 1230 5457 ι
1246 5404 1317 5460 Cum
1331 5404 1448 5461 teon-itis
1470 5409 1573 5475 omnia,
1586 5424 1647 5479 quse
1659 5418 1790 5481 praecepta

177 5496 235 5564 ipsa
248 5495 513 5568 ociententerdiligat
529 5497 657 5553 mandata
672 5512 701 5553 se
721 5495 859 5577 diligentis
884 5496 957 5550 celte-
1009 5505 1072 5551 sunt
1082 5496 1170 5561 robis,
1183 5495 1263 5550 dicito
1282 5512 1290 5551 t
1307 5493 1382 5551 Serti
1399 5496 1507 5555 irrutiles
1523 5514 1629 5565 suntne,
1642 5500 1715 5570 quod
1740 5500 1786 5556 de·

180 5594 286 5645 retertur.
311 5585 352 5641 ,ιιι
368 5603 420 5642 ιιοιι
439 5588 735 5643 reiterrtetrtcrmesuutn
751 5582 897 5643 Ecclesiam
913 5588 957 5640 di·
1010 5587 1119 5644 ltttinrus
1137 5586 1236 5654 iacere,
1264 5587 1379 5646 lecimus
1391 5586 1465 5658 (Luc.
1480 5606 1546 5658 ιιιι,
1566 5590 1617 5660 lili.
1639 5589 1744 5657 tQucd
1764 5590 1788 5645 ei
