3892 6067
229 230 302 289 ttut
880 219 982 278 istic
1001 219 1047 275 bl:
1064 217 1200 277 Stulta
1262 278 1263 283 ἵ
1422 170 1425 175 >
1482 264 1486 269 .
1793 217 1863 273 {8⁰8

230 349 334 409 similis
355 343 532 417 corruptela;
549 339 596 397 sed
618 335 820 410 praedestinatis
835 335 962 405 specialis
977 342 1057 399 εειΑ
1074 332 1173 388 minari
1189 330 1222 386 ud
1246 345 1370 397 sensum,
1393 345 1445 386 nec
1460 329 1565 387 moseri
1590 329 1625 384 ad
1645 327 1775 385 virtutem
1798 331 1864 385 nlla-

228 445 325 516 grniia.
339 442 402 497 Siue
426 440 592 510 penitentia,
605 437 645 491 ait
661 431 819 503 Apostolus,
833 442 894 486 runt
906 432 977 486 doru
992 440 1019 487 ει
1070 434 1150 479 tenus
1166 422 1267 493 potuit.
1283 421 1362 479 Sicut
1375 422 1449 477 enim
1464 430 1625 477 asseverant
1638 421 1734 475 talioni
1749 422 1863 488 curlusi,
1920 494 1921 501 ἵ

227 535 328 590 ,000150
341 534 389 588 pei
400 532 488 603 (pom,
503 533 555 599 ῃ),
1068 516 1161 572 ritulis
1174 514 1291 586 spiritus
1306 513 1333 569 in
1355 514 1486 570 animalis
1499 512 1582 569 corde
1609 514 1742 579 nascitur,
1759 523 1788 569 et
1802 514 1865 569 inde

262 627 355 681 blonet
369 627 453 697 igitur
471 624 499 679 in
516 622 616 678 ouibus
629 620 699 687 suis,
716 620 743 674 id
756 617 914 689 estangelis
924 604 1017 673 et'lin-
1068 608 1096 663 in
1108 614 1196 663 totuni
1213 621 1314 677 corpus
1326 606 1381 661 rita
1396 602 1576 673 dilliinditur3
1604 620 1702 660 sensus
1726 614 1821 659 autem
1832 605 1864 658 de

226 716 348 773 minibus
363 717 463 771 domus
479 712 574 779 lsrael,
590 718 726 783 quantum
741 709 774 764 ad
790 708 911 779 pastoris
932 707 1018 778 perti·
1067 699 1198 755 anteriori
1212 708 1291 770 parte
1304 698 1412 769 capitis,
1424 706 1452 752 et
1463 696 1597 754 motusdc
1608 697 1765 768 posteriori.
1779 694 1865 763 Quasi

223 819 273 866 net
288 807 555 879 praedestinationem
571 814 600 860 et
610 802 749 870 notitiam,
766 815 882 856 numero
898 801 1015 872 integra,
1066 807 1132 863 θιιθ
1149 792 1176 847 ln
1202 792 1324 858 homini,
1336 791 1384 863 (1¹¹1
1406 791 1555 847 semivivus
1576 790 1691 846 feliciis
1704 801 1759 856 ²³¹.
1777 790 1826 860 (lui
1839 798 1866 843 ‘¹

224 913 253 957 ει
266 899 408 958 electionis
434 899 592 954 charactere
609 894 769 961 immobilis,
787 892 890 949 babens
913 891 1014 947 lunda·
1067 882 1126 952 ipse
1137 891 1180 937 0⁵1
1202 881 1274 948 ⁰¹³5&
1291 896 1353 951 (Ιῦω
1379 880 1509 952 piisimi·
1535 879 1627 935 lilani
1645 880 1734 936 1⁰0¹ss
1748 881 1865 950 spiritus

226 1005 348 1056 mentum
365 995 418 1050 lioc
431 1011 438 1048 ε
450 992 532 1053 Novit
544 992 672 1046 bondinus
681 990 732 1061 >qui
744 998 805 1044 ruiit
815 989 873 1058 ejus
885 985 929 1059 (lt
944 986 1014 1042 Tim.
1065 977 1099 1033 de
1114 986 1186 1035 statu
1200 979 1295 1050 primae
1308 977 1484 1045 conditionis,
1501 977 1528 1032 id
1543 988 1585 1033 εει
1597 977 1726 1032 uoluntas
1739 978 1867 1031 rationa-

225 1087 268 1153 ii),
282 1094 310 1141 et
322 1085 476 1142 custodiam
488 1082 606 1150 lidelem,
621 1092 648 1139 cl
658 1082 757 1137 lortem
771 1099 778 1135 ι
791 1079 932 1152 generatio
941 1067 1031 1133 enim‘
1065 1069 1111 1137 liS,
1129 1081 1177 1126 aut
1202 1071 1317 1125 libertas
1344 1068 1501 1125 naturalis:
1517 1084 1579 1139 (piiae
1592 1084 1608 1123 a
1632 1066 1742 1124 Christo
1756 1065 1805 1123 bei
1819 1084 1865 1121 sa·

220 1174 346 1230 coelestis
358 1183 450 1230 serrat
462 1189 522 1230 eos.
549 1171 636 1228 Nemo
649 1183 741 1227 antem
755 1170 908 1226 alienorum
921 1169 974 1224 liae
986 1166 1015 1222 in
1064 1162 1166 1233 pientia
1178 1170 1205 1217 et
1220 1161 1321 1217 uirtute
1335 1159 1486 1215 illuminari
1512 1167 1606 1230 posset
1633 1159 1668 1213 ad
1697 1173 1827 1225 sensum,
1839 1168 1866 1212 ei

224 1275 298 1320 sorte
307 1265 422 1337 jungere
437 1279 467 1319 se
480 1264 582 1334 poterit
605 1262 670 1318 illis.
689 1262 824 1318 Caeterum
851 1260 896 1315 alii
924 1258 965 1315 eis
980 1257 1014 1314 ad
1064 1253 1168 1309 moueri
1176 1254 1212 1325 ad
1226 1252 1364 1309 virtutem.

220 1365 457 1411 sacramentorum
487 1371 588 1426 pascua
605 1364 653 1409 aut
670 1369 725 1410 non
748 1360 941 1425 aggregantur,
967 1359 1015 1406 aut
1099 1346 1200 1405 llissus
1223 1357 1266 1404 est
1285 1348 1378 1418 itaque
1390 1345 1518 1403 Christus
1538 1362 1588 1402 sua
1615 1346 1705 1418 ipsius
1726 1348 1864 1418 praediea·

222 1455 389 1517 certesnper
403 1460 549 1501 iiuuicrum
574 1445 802 1516 multiplicantur.
826 1442 905 1510 Quod
921 1449 1013 1496 autem
1064 1440 1139 1496 tione
1164 1439 1242 1512 prius
1257 1440 1420 1496 sensilicans
1442 1440 1476 1494 ad
1499 1437 1603 1494 iidem:
1627 1446 1656 1494 et
1675 1439 1719 1495 sui
1739 1436 1863 1511 spiritus

221 1534 565 1606 siiumnoritpastoriste,
579 1540 701 1600 nonest,
715 1532 1014 1605 quieideinanupus-
1063 1530 1195 1586 missione
1219 1539 1315 1600 postea
1339 1544 1455 1586 moueris
1477 1529 1512 1586 ad
1526 1529 1668 1587 virtutem.
1691 1527 1799 1599 serie,
1822 1532 1864 1588 in·

218 1628 260 1682 sit
272 1641 379 1683 eruere.
392 1625 459 1697 Cogi
482 1624 615 1680 nimirum
639 1639 695 1679 noir
717 1625 790 1679 ualet
812 1623 943 1693 potentia,
962 1636 1014 1676 nec
1063 1620 1133 1690 quit,
1143 1621 1171 1675 iii
1183 1620 1300 1689 ciiitute,
1312 1622 1393 1676 doure
1405 1620 1555 1675 induamini
1566 1622 1662 1676 uirtute
1672 1637 1706 1677 ee
1716 1622 1860 1694 uitulini.

221 1718 279 1774 salli
291 1719 435 1790 sapientia,
447 1733 499 1774 nec
515 1717 635 1788 abjicere
649 1714 779 1771 otiositas.
799 1712 876 1769 Unde
889 1721 917 1769 et
930 1711 1015 1767 liden·
1029 1682 1051 1738 Β
1065 1712 1154 1783 xxii).
1170 1710 1211 1766 Ex
1239 1712 1300 1783 ipso
1326 1713 1399 1768 enim
1415 1722 1457 1768 est
1470 1721 1575 1768 iiaturae
1592 1714 1734 1783 rationali,
1748 1715 1793 1771 rel
1814 1731 1860 1771 ra·

221 1822 264 1866 ter
276 1794 410 1883 loquitur,
425 1811 540 1866 dicciis:
568 1808 652 1865 Omne
664 1808 735 1880 quod
754 1807 828 1863 dedit
840 1806 905 1860 milii
918 1803 1013 1869 Peter,
1066 1804 1135 1858 tioni
1160 1804 1290 1871 naturali,
1307 1804 1342 1860 ad
1366 1804 1554 1874 operationem
1578 1803 1690 1873 bonam,
1713 1820 1815 1862 sensus
1834 1816 1861 1862 ει

221 1919 274 1957 uon
299 1903 409 1974 perdum
426 1916 460 1957 eu
481 1917 511 1956 eo
528 1900 620 1973 (loun.
646 1902 696 1970 vr).
713 1898 798 1957 item:
818 1897 890 1964 Quos
915 1896 1014 1951 dedisti
1065 1896 1286 1963 metueremus
1312 1905 1340 1951 ει
1359 1895 1458 1951 uirtus.
1485 1894 1569 1951 Fides
1593 1896 1714 1964 interim,
1740 1913 1817 1969 spes,
1833 1908 1859 1954 et

219 1994 286 2048 utilri
297 2008 348 2046 uon
365 1990 558 2062 perdidicerit
569 1990 825 2062 quemqunmilonii.
842 1988 931 2059 xviii).
944 1985 1014 2042 uro„
1065 1988 1197 2057 ebaritas,
1213 1989 1273 2045 sine
1295 1988 1398 2059 qulbus
1423 1987 1549 2058 desipere
1564 1996 1591 2043 ει
1612 1988 1755 2059 languere,
1783 1988 1859 2045 illudi

218 2084 306 2149 lurido
320 2093 411 2140 tamen
430 2092 458 2141 et
488 2083 660 2139 inscrutabili
680 2083 785 2154 judicio
808 2082 844 2138 ad
858 2090 966 2150 tempus
979 2079 1014 2134 dc
1064 2080 1219 2150 phantasiis
1233 2081 1332 2151 potuit,
1349 2095 1383 2137 ac
1397 2080 1514 2135 insaniis
1536 2079 1615 2136 salsis
1630 2080 1765 2137 oblectari
1778 2101 1787 2138 ε
1798 2083 1858 2139 sirie

220 2178 280 2235 suis
296 2193 358 2234 eum
375 2192 430 2233 non
446 2176 504 2233 suis
520 2176 566 2233 liic
591 2175 702 2232 misceri
716 2185 743 2231 et
755 2188 850 2230 errare
867 2172 1011 2244 permittit,
1064 2172 1124 2245 ipso
1134 2173 1236 2229 etenim
1250 2171 1368 2228 nonnisi
1381 2172 1450 2228 iiiliil
1467 2171 1559 2229 iacere
1570 2173 1670 2243 potuit,
1683 2174 1731 2245 qui
1745 2174 1779 2229 ad
1791 2190 1857 2231 ores

218 2270 317 2342 quiin
341 2268 481 2330 montibus
505 2267 573 2322 alias
595 2282 611 2322 a
640 2265 836 2322 commixtione
858 2265 1011 2320 alienarum
1063 2265 1176 2333 missus,
1189 2264 1306 2321 cisiliril
1324 2264 1538 2321 :Siueineuiliil
1551 2265 1856 2338 potestiifricercllomi.

219 2361 348 2418 serravit.
365 2360 407 2415 nd
419 2360 470 2417 lias
494 2360 578 2431 igitur
595 2359 778 2431 segregandas
797 2365 825 2414 et
844 2357 1011 2429 colligendas
1062 2356 1119 2427 xi).
1140 2356 1205 2413 Sine
1219 2359 1279 2428 ipso
1300 2358 1359 2414 sola
1376 2367 1447 2427 erut,
1475 2368 1503 2414 ει
1523 2358 1614 2415 εοΙιιιι
1634 2359 1728 2415 cadere
1744 2369 1857 2430 poterat

217 2465 321 2526 aeterna
338 2449 591 2524 praedestinatione
604 2453 771 2523 promissus,
787 2466 858 2507 nova
882 2450 1011 2506 incarne·
1061 2450 1173 2506 libertas
1189 2449 1333 2519 naturalis,
1349 2450 1394 2506 eui
1408 2449 1529 2506 dicitur:
1552 2448 1598 2505 Voe
1613 2451 1666 2507 soli
1676 2451 1774 2521 rusia,
1789 2468 1856 2506 curii

214 2545 294 2600 tione
306 2544 408 2599 missus
424 2542 492 2597 dicit
508 2558 516 2597 a
538 2540 600 2597 Neri
622 2557 682 2596 ium
699 2542 808 2611 missua,
824 2540 876 2595 nisi
891 2540 926 2594 ud
939 2555 1010 2607 oues,
1061 2543 1195 2609 ceciderit,
1209 2557 1260 2595 uuir
1274 2542 1370 2612 estqui
1382 2540 1497 2597 subleuat
1510 2557 1570 2597 eum
1583 2540 1856 2613 (Eccle.iil.liissiis

218 2654 278 2708 prin
290 2632 526 2707 perieruntduina'i
540 2633 628 2689 isreel
648 2632 759 2704 (lluttli.
773 2632 831 2702 xv).
856 2631 957 2688 llissus
967 2640 1011 2689 est
1060 2643 1103 2690 est
1116 2649 1181 2706 ergo
1194 2643 1289 2704 pastor
1309 2635 1382 2705 pius,
1398 2633 1445 2704 qui
1466 2634 1541 2705 quod
1554 2633 1726 2691 confractum
1739 2632 1798 2690 eiat
1808 2650 1856 2691 so·

216 2731 311 2800 itaque
321 2739 452 2799 unquam
466 2726 556 2783 illusis
568 2726 681 2792 ueritas,
693 2724 851 2780 errantibus
865 2724 919 2792 rio,
935 2738 1010 2779 mor·
1061 2725 1171 2790 lidaret,
1186 2735 1215 2778 ει
1225 2723 1298 2793 quod
1311 2722 1401 2778 debile
1415 2722 1595 2780 conlortaret.
1606 2722 1789 2780 Coniractuiri
1803 2736 1853 2780 as·

218 2822 273 2877 iuis
286 2821 353 2887 sita,
369 2820 452 2876 fatuis
466 2818 612 2890 sapientia,
628 2816 748 2872 intimis
760 2816 907 2882 medicina,
922 2815 1009 2886 capti·
1060 2826 1114 2871 teni
1127 2823 1154 2870 et
1166 2814 1254 2870 debile
1266 2814 1382 2869 liberum
1397 2815 1519 2871 bominis
1528 2822 1589 2871 erat
1603 2815 1753 2872 arbitrium
1766 2818 1854 2888 :quod

213 2912 272 2967 ¹iis·
284 2912 444 2983 redemptio,
463 2909 597 2967 famelicis
622 2907 758 2975 reiectio;
780 2915 808 2964 ει
834 2907 862 2963 in
881 2906 1009 2963 omnibus
1059 2906 1125 2961 oliiri
1149 2920 1233 2978 supra
1247 2921 1277 2962 se
1291 2907 1392 2975 nitens,
1411 2907 1483 2963 inira
1503 2924 1533 2964 εε
1544 2909 1611 2974 ruit,
1627 2918 1697 2966 etse
1711 2908 1786 2967 icere
1800 2926 1853 2967 nau

217 3002 262 3059 liis
276 3002 379 3059 missus
389 3003 423 3058 ad
436 3017 512 3070 oues,
527 3015 589 3073 quae
599 2999 750 3071 perierunt,
761 3013 795 3054 ne
814 2997 944 3069 perirent,
955 2996 1007 3054 do·
1022 3014 1043 3072 0
1059 2998 1164 3065 ualens,
1177 3012 1208 3054 sc
1222 2997 1250 3053 in
1269 3013 1300 3054 se
1320 3014 1336 3055 a
1362 3014 1392 3056 so
1406 3000 1542 3071 oppressit
1556 3017 1589 3056 ac
1609 3001 1751 3075 confregit
1766 3023 1774 3059 ;
1788 3016 1854 3060 cuii·

217 3080 383 3149 muslsrael.
399 3091 500 3148 ,bissus
514 3090 640 3160 denique,
655 3097 788 3159 unquam
798 3088 890 3142 anlina
908 3087 935 3142 in
947 3101 1008 3143 cor·
1060 3080 1177 3146 linctum
1196 3101 1317 3149 aritcma
1333 3108 1374 3161 se,
1388 3108 1421 3150 ac
1443 3109 1491 3165 per
1510 3094 1564 3151 hoc
1577 3096 1755 3153 debilitatum
1771 3099 1798 3153 in
1814 3114 1854 3163 se,

213 3172 273 3255 ,piis
301 3192 454 3246 mortuum,
488 3190 519 3236 ut
533 3180 594 3252 ejus
620 3180 737 3236 adventu
755 3178 887 3235 eatetaeia
907 3178 1007 3235 reriii·
1059 3196 1240 3254 surgerenoii
1260 3184 1350 3254 potuit
1368 3198 1417 3255 per
1441 3199 1481 3241 se.
1495 3184 1709 3249 Consolidatum
1731 3189 1852 3255 maden,

216 3284 324 3333 sterent
347 3274 480 3336 membra.
507 3272 639 3343 fieretque
663 3272 690 3327 in
716 3271 855 3327 veteribus
875 3268 1008 3326 membris
1058 3282 1086 3329 et
1099 3272 1282 3330 confortatum
1297 3290 1347 3346 per
1361 3275 1440 3333 tidem
1453 3276 1654 3334 etcliaritatem
1676 3277 1856 3350 ipsiusCliri'·

216 3376 287 3425 iiovn
302 3369 369 3434 uita,
394 3368 422 3422 io
437 3365 596 3423 partialibus
619 3364 750 3438 membris
774 3363 831 3419 uita
846 3362 1006 3434 spiritualis,
1058 3365 1105 3428 sti,
1120 3380 1154 3422 ae
1165 3380 1215 3436 per
1226 3365 1278 3422 hoe
1302 3367 1426 3435 fetatum,
1448 3368 1579 3437 quostiam
1596 3371 1717 3426 nondum
1735 3372 1857 3428 osiiiino

216 3460 244 3514 in
257 3457 373 3513 terronis
386 3456 518 3511 membris
533 3455 588 3509 rita
602 3452 734 3521 coelestis,
745 3452 949 3508 resurrectione
962 3452 1006 3507 ri·
1058 3453 1158 3526 pingue
1186 3464 1215 3510 et
1244 3455 1378 3525 validum,
1400 3457 1489 3514 donec
1512 3458 1597 3515 siniul
1612 3477 1677 3516 cum
1701 3463 1856 3536 nonaginta

208 3550 314 3604 delicet
328 3548 427 3619 priina.
443 3545 520 3601 linde
530 3545 631 3601 dicitur
647 3546 749 3599 :Amen
762 3559 840 3598 unteii
850 3544 910 3600 dieo
921 3543 1005 3613 iobii,
1057 3560 1156 3600 nouem
1166 3544 1194 3600 in
1208 3547 1319 3617 pascuis
1331 3548 1479 3619 pinguibus
1490 3549 1650 3618 collocetur,
1664 3552 1691 3607 in
1703 3553 1780 3609 ulnis
1792 3570 1854 3626 por-

210 3640 357 3710 quiescerit
371 3637 448 3704 doru,
463 3647 488 3693 et
501 3652 570 3691 nuuc
593 3645 643 3701 est,
656 3639 762 3708 quaudo
778 3638 878 3691 mortui
895 3638 1006 3693 audicio
1058 3644 1106 3692 lat.
1123 3634 1157 3691 ln
1178 3638 1239 3692 ti'tttt
1264 3654 1322 3707 ino,
1347 3639 1446 3711 inquit,
1471 3639 1569 3696 brabit
1592 3660 1686 3716 upnui,
1710 3646 1783 3715 fetat
1797 3647 1853 3717 ipse

214 3747 302 3785 ιοιειιι
313 3728 382 3783 Filii
401 3729 461 3797 liei,
474 3736 499 3784 ει
516 3729 562 3799 qui
578 3728 725 3795 audierint,
751 3727 839 3783 uiuent
860 3726 953 3795 (loun.
965 3731 1005 3794 u).
1036 3714 1040 3723 ’
1056 3731 1175 3802 portabit
1186 3732 1275 3802 ilaei.
1290 3734 1346 3797 iii).
1368 3734 1469 3790 lilssus
1489 3743 1532 3789 est
1550 3736 1643 3808 itaque
1668 3748 1783 3808 propter
1795 3740 1854 3795 baee
1920 3716 1921 3761 ¹

208 3820 384 3878 ilincetiam
401 3820 436 3876 de
459 3820 557 3876 oribus
584 3818 706 3876 dicitnr:
731 3817 826 3873 Vocem
848 3835 934 3875 meum
956 3836 1007 3874 ιιι·
1056 3822 1174 3889 οιιιιιίε,
1202 3832 1230 3878 ει
1253 3824 1317 3890 alia,
1346 3838 1408 3894 qum
1437 3827 1629 3898 multiplieiter
1655 3827 1710 3883 dici
1735 3840 1855 3899 possunt

214 3910 466 3979 dient,etclieuiim
483 3919 689 3981 uoiisepiieutur
711 3908 804 3980 (loun.
819 3909 859 3981 a).
877 3908 931 3965 dut
946 3908 1004 3966 ior·
1057 3911 1143 3967 multa
1165 3912 1200 3967 ad
1220 3927 1285 3968 ores
1308 3929 1370 3983 quie
1392 3915 1543 3985 perierunt,
1570 3923 1704 3989 quantuni
1727 3918 1764 3972 ad
1789 3924 1854 3975 rttae

214 4013 289 4060 tasse
303 4002 391 4074 magis
400 4003 510 4074 proprie
520 4001 575 4058 dici
591 4001 692 4072 poterit
702 4002 816 4070 missus,
833 4011 965 4073 tanquam
976 4003 1005 4059 in
1056 4017 1114 4059 suae
1127 4002 1253 4072 modum,
1276 4012 1303 4059 et
1330 4005 1435 4061 erroris
1463 4007 1603 4071 meritum,
1627 4007 1731 4064 domus
1755 4007 1853 4064 lsrael.

207 4109 319 4166 corpus
332 4103 460 4149 truncum
471 4100 500 4147 et
509 4092 614 4161 absque
626 4091 714 4161 capite
729 4099 810 4161 eaput
824 4092 942 4163 desuper
956 4093 1007 4147 ini·
1055 4092 1183 4150 Erliibita
1200 4106 1244 4152 εει
1267 4095 1375 4151 tandem
1401 4095 1436 4151 ab
1459 4106 1562 4154 εειειιιο
1573 4106 1725 4170 preparata
1751 4103 1854 4173 grafia,

211 4186 341 4252 missum,
363 4185 436 4240 unde
452 4198 565 4239 sensum
580 4189 607 4237 et
628 4192 734 4237 motum
749 4183 906 4254 acciperet:
930 4184 1005 4257 quod
1055 4186 1205 4243 multifarie
1224 4189 1307 4245 rebus
1330 4196 1357 4245 et
1383 4189 1474 4246 scibis
1498 4190 1565 4247 olim
1590 4191 1789 4264 praetiguratn
1817 4210 1854 4249 riu

214 4277 305 4346 ipsum
335 4275 415 4345 quasi
443 4275 478 4329 de
501 4272 609 4341 corde;
634 4272 708 4345 quod
736 4275 856 4345 primurn
880 4276 1003 4333 omnium
1055 4279 1187 4349 perirent,
1201 4293 1273 4350 quos
1287 4274 1384 4335 electio
1397 4279 1488 4350 perire
1503 4296 1559 4338 nou
1573 4283 1649 4350 sinit,
1670 4293 1699 4339 ει
1714 4285 1855 4342 natunlis

214 4373 325 4422 creatur
339 4366 368 4420 in
396 4380 521 4437 corpore,
546 4365 656 4420 sitalem
682 4366 810 4436 spiritum
829 4368 1003 4439 aliquatenus
1017 4355 1043 4419 D
1055 4369 1168 4426 libertas
1191 4369 1298 4426 salvare
1321 4371 1417 4442 nequit
1430 4372 1499 4443 (lb).
1516 4371 1569 4429 Sed
1594 4373 1659 4429 dum
1675 4374 1748 4444 liaec,
1768 4378 1855 4449 quasi

209 4459 322 4525 lrabeat,
333 4458 406 4528 qiiod
418 4466 508 4513 tanien
534 4456 594 4513 siue
608 4458 706 4528 capitis
726 4459 858 4516 benellcio
872 4476 923 4518 ricc
941 4461 1004 4517 illu·
1055 4470 1170 4529 secreta,
1184 4469 1290 4517 secreto
1313 4470 1341 4517 et
1353 4460 1526 4520 iamiliariter
1539 4464 1681 4536 discipulis
1691 4468 1854 4539 respinnfii,

244 4590 307 4671 ¹(ld)
328 4590 479 4657 Sententia,
502 4605 585 4672 quain
612 4588 658 4645 bie
679 4589 766 4670 docet
786 4588 872 4657 isaac,
897 4590 931 4648 dc
950 4592 1005 4648 ele·
1054 4593 1126 4650 Deus
1137 4594 1233 4651 invitat
1248 4595 1376 4654 homines
1395 4598 1429 4655 ad
1451 4600 1578 4669 salutem,
1595 4616 1678 4672 quam
1697 4602 1727 4658 in
1749 4618 1855 4660 eorum

214 4671 356 4717 cuonone
383 4662 575 4733 reprobatione
599 4667 663 4715 ante
686 4674 801 4729 praevisa
829 4675 923 4730 opera,
950 4661 1003 4718 luit
1054 4674 1186 4736 potestate
1195 4680 1257 4722 esse
1270 4667 1355 4724 dicit:
1369 4669 1438 4723 Ante
1452 4670 1583 4725 lioiiiiueni
1594 4673 1649 4726 ritu
1658 4681 1685 4727 et
1703 4689 1792 4741 mars,
1810 4676 1857 4729 ie-

214 4731 292 4796 olim,
304 4739 331 4785 et
345 4730 488 4786 estadbuc
501 4731 673 4786 multorum:
697 4731 822 4800 numiam
847 4740 939 4786 tamen
956 4733 1001 4787 in·
1054 4751 1117 4790 num
1139 4743 1164 4789 et
1183 4737 1306 4792 mulum:
1328 4739 1398 4810 quod
1410 4739 1552 4811 placuerit,
1572 4740 1681 4796 dabitur
1700 4745 1728 4798 ci
1747 4744 1855 4815 (aas

213 4800 337 4854 dubitata
352 4801 511 4857 adducenda
526 4810 601 4866 suut,
616 4815 678 4871 quae
695 4815 764 4870 opus
779 4810 881 4856 nostrae
904 4803 1002 4859 salutis
1053 4810 1109 4877 ιιι).
1124 4804 1211 4862 ltemz
1229 4804 1319 4862 Vertite
1331 4809 1366 4863 ud
1386 4825 1436 4878 iiie,
1459 4826 1548 4866 omini
1565 4811 1674 4883 (uerit.
1690 4816 1746 4886 ιι).
1763 4814 1802 4872 δι’
1816 4819 1856 4871 rii

214 4870 243 4925 iii
255 4878 387 4940 potestate
404 4883 496 4926 nostra
523 4881 656 4927 statuunt.
682 4868 815 4947 Primum,
842 4872 900 4926 tull
930 4871 1002 4929 tiens
1052 4877 1182 4930 edultum
1201 4877 1314 4949 inpredi,
1335 4895 1409 4934 seruo
1430 4882 1558 4935 mundata
1580 4880 1692 4953 (liciti.
1714 4891 1793 4955 ιιι).
1822 4886 1858 4941 il·

213 4955 311 4996 oniiies
324 4941 416 5024 salios
442 4939 471 5011 (1
486 4940 555 5023 lini.
580 4956 622 5063 ιγ,
646 4940 848 5011 neminemque,
869 4941 897 4999 id
911 4951 953 4997 est
967 4958 1002 4999 ne
1052 4946 1191 5002 luderetur
1204 4949 1229 5003 ei
1253 4948 1409 5013 liisierbis,
1432 4951 1552 5022 quinon
1576 4962 1669 5022 posset
1691 4956 1730 5011 ad
1742 4957 1856 5013 coelu

214 5025 300 5093 unum
318 5020 439 5082 quidem,
467 5026 555 5080 perire
581 5014 590 5082 (
610 5009 626 5064 l
648 5010 722 5092 Ρειι.
745 5015 799 5076 ιιι),
826 5014 1002 5069 antecedente
1051 5018 1202 5087 peruenire.
1216 5018 1253 5073 dt
1267 5018 1446 5091 impossibilis
1459 5023 1589 5077 estsalus
1601 5023 1639 5087 ei,
1655 5025 1704 5093 qui
1717 5040 1780 5082 ucri
1803 5028 1857 5083 isit

214 5082 321 5136 scilicet
333 5081 516 5147 uoluntatem
529 5091 662 5150 quaritum
672 5096 698 5134 in
707 5097 737 5137 se
751 5090 803 5137 εει.
817 5080 925 5137 Nullum
935 5098 1001 5155 ergo
1052 5087 1097 5142 illa
1117 5088 1286 5144 antecedenti
1308 5091 1441 5147 electione
1454 5093 1680 5162 comprehensus.
1697 5093 1858 5163 Ωιιειῃοεο

215 5151 260 5205 illa
275 5151 627 5208 aiitecedeuteioluiitatea
643 5152 731 5205 salute
741 5152 868 5218 exclusit,
880 5154 939 5209 sive
968 5169 1000 5209 o·
1051 5158 1125 5213 eiiini
1151 5173 1206 5212 iion
1223 5171 1334 5216 vocatus
1350 5162 1515 5232 irrumperet
1529 5162 1556 5216 iii
1569 5171 1671 5218 cretum
1683 5165 1856 5234 beatum

215 5222 305 5287 sitire,
323 5225 381 5277 siue
398 5223 532 5302 iiegatire.
557 5219 684 5303 cbristus
709 5222 774 5277 item
795 5237 846 5293 pro
870 5170 1000 5280 omnigus
1051 5243 1106 5282 iion
1124 5227 1254 5284 invitatus
1281 5231 1315 5285 ad
1341 5232 1450 5301 nuptias
1474 5231 1544 5303 rigni
1567 5234 1695 5290 reniret:
1716 5240 1857 5296 ordine·

214 5300 342 5346 mortuus
356 5302 408 5358 est,
419 5303 501 5350 etiam
521 5305 571 5362 pro
586 5307 619 5346 iis
632 5306 679 5362 qui
696 5303 812 5360 pereunt
826 5290 944 5364 (licor.
959 5311 975 5350 i
990 5312 998 5363 ;
1051 5313 1066 5352 a
1081 5295 1136 5351 lieo
1149 5299 1327 5354 constitutum
1352 5303 1495 5359 mutaret?
1513 5301 1585 5357 Audi
1608 5300 1638 5358 S.
1655 5306 1858 5378 Augustius·

215 5358 248 5413 ll
263 5360 337 5416 Petr.
354 5377 374 5416 ιι
391 5379 399 5430 ;
416 5360 582 5431 dioscuri:
599 5363 770 5444 ut-apostoli
795 5364 1000 5438 traduni,poii·
1050 5367 1132 5491 hiup.
1162 5366 1209 5422 lib.
1237 5370 1273 5423 83
1300 5369 1505 5442 Quaertioiiiim).
1522 5390 1532 5423 i
1550 5370 1591 5427 sd
1613 5388 1740 5445 emnam,
1766 5394 1860 5455 qn·

214 5433 357 5501 trucesque
384 5431 517 5488 aduersus
539 5431 700 5513 lauseniuin
715 5433 857 5489 deliniunt.
877 5437 916 5488 dd
932 5436 999 5506 quid
1075 5439 1183 5493 oniiiius
1200 5439 1227 5493 iii
1237 5437 1385 5512 Evangelio
1395 5441 1463 5497 dicit
1479 5450 1671 5513 praeparatam,
1683 5460 1860 5507 maeones

214 5508 306 5553 ειιιειιι
319 5515 416 5581 passus
431 5510 505 5582 esset
519 5516 568 5583 pru
580 5518 624 5568 irs,
644 5517 715 5572 quos
740 5502 812 5559 bens
836 5505 928 5561 salios
942 5522 998 5561 uon
1050 5508 1097 5578 qui
1121 5508 1209 5562 iocati
1234 5520 1308 5576 sunt,
1324 5511 1417 5567 tenire
1428 5513 1606 5568 uoluerunt...
1618 5514 1668 5587 qni
1695 5519 1862 5576 noim

215 5566 318 5621 velleii
332 5569 402 5634 Quid
413 5586 453 5625 eis
466 5574 615 5652 profuisset
635 5576 695 5642 ejus
713 5573 825 5642 passio?
836 5574 914 5641 Quod
930 5576 953 5631 si
968 5592 1000 5632 se
1049 5578 1154 5642 ieiiire,
1166 5579 1265 5635 deberit
1280 5581 1333 5636 sibi
1353 5583 1483 5650 tribuere,
1509 5585 1707 5652 «pronissimi
1721 5592 1866 5649 redint

214 5634 333 5690 asnlute
346 5640 505 5706 excludunt,
529 5641 581 5695 sibi
605 5650 748 5711 imputent,
771 5659 825 5702 non
848 5644 912 5700 ileo.
931 5644 998 5703 lieni
1050 5648 1138 5727 iocati
1158 5648 1186 5704 in
1200 5664 1296 5706 corum
1315 5660 1384 5723 ,erat
1399 5651 1487 5709 libera
1504 5654 1656 5713 voluntate.
1675 5674 1688 5711 i
1704 5650 1865 5731 Κοίοιο
