3892 6067
233 197 304 257 istu
708 187 864 252 ‘oenttotti
882 185 1077 244 onerostm
1095 178 1358 243 nittctttittsrttto
1802 176 1857 238 litt

232 312 362 369 Ecclesia
374 310 425 376 sit,
443 309 471 363 in
494 318 645 377 pauperum
666 302 765 361 solutio
783 314 810 360 et
828 300 1023 373 hospitalitatis
1039 308 1061 365 Α
1109 297 1175 354 Erat
1186 296 1279 368 itaque
1292 291 1366 350 Petri
1394 289 1515 347 senioris
1530 288 1769 358 consentianum
1786 290 1857 350 doui-

232 405 322 480 oliicio
336 401 523 473 emendatum
540 407 570 454 ut
588 398 735 469 episeopus
748 411 804 452 non
816 393 1021 452 dominandoin
1073 406 1143 446 nans
1158 390 1186 444 in
1197 388 1283 454 clero,
1310 385 1358 442 sed
1383 382 1472 439 iorum
1484 380 1589 439 iaetus
1606 381 1698 454 gregi,
1712 382 1756 437 eui
1784 385 1858 439 oniti

223 495 321 562 clero,
340 492 386 548 sed
410 489 499 545 torma
519 485 609 544 iactus
623 487 717 559 gregi,
741 485 854 556 quidam
882 483 1022 541 secundus
1072 481 1165 549 verba,
1181 476 1353 551 quaedeiob
1367 476 1441 532 dicta
1465 473 1648 541 invenimus,
1674 472 1857 546 imissiuepo

222 584 283 641 :lob
301 580 545 649 rideatur,dieens
559 594 623 634 cuni
639 577 685 633 iilo
701 595 708 631 z
725 573 876 648 Siccenni,
890 575 1021 647 qoodro·
1073 580 1164 630 terant
1174 570 1306 643 adaptari.
1332 566 1443 624 Poterat
1468 565 1549 622 enini
1570 564 1637 620 baec
1656 564 1752 620 omnia
1770 579 1858 620 serare

231 675 318 732 iebant
329 689 469 745 pauperet,
483 679 509 726 ct
528 670 619 726 oeulos
633 668 719 724 uidae
739 675 892 739 exspectare
911 666 979 737 ieri·
995 673 1021 722 et
1072 666 1133 722 sine
1159 663 1354 735 impedimento
1369 657 1529 718 eommunis
1554 657 1647 725 ritae3
1673 671 1757 728 quani
1770 665 1795 713 et
1810 671 1856 715 cn

223 766 332 822 comedi
343 749 490 820 borrellum
503 779 590 819 meunt
603 761 688 829 roias,
706 768 733 814 et
750 775 801 814 iton
819 759 976 814 comeditec
989 773 1021 812 eu
1072 757 1131 814 suis
1148 754 1257 812 clericis
1279 753 1307 809 in
1326 752 1484 824 pontificatu
1505 748 1652 816 servarit,
1676 757 1706 804 et
1729 748 1857 820 Augustiit

230 858 359 932 papilius,
372 859 435 932 quia
446 858 479 912 ιι
493 856 610 928 insontia
626 871 684 911 ineo
695 854 776 910 erevit
793 867 895 909 mecum
909 853 1021 907 mirera·
1071 846 1219 919 Anglorum
1228 846 1357 917 episcopo
1371 856 1479 899 serrare
1493 839 1662 897 mandarit.
1675 838 1705 895 Si
1721 839 1792 896 enini
1800 854 1858 896 eou-

229 951 287 1020 tio,
304 959 330 1007 ct
351 951 383 1005 de
398 960 473 1004 utero
488 948 584 1003 metria
602 961 666 1002 nice
678 959 782 1017 egresso
800 950 840 999 eit
858 957 969 997 mecam.
990 940 1021 997 Si
1070 940 1163 997 munis
1176 940 1231 995 rita
1245 939 1274 994 in
1298 935 1543 992 administratione
1559 931 1739 1004 pontiticalis
1759 933 1858 987 curati

221 1044 338 1115 despexi
353 1049 571 1114 pretereuntem,
591 1054 622 1095 eo
643 1038 712 1110 quod
733 1052 784 1091 non
800 1035 922 1090 babuerit
938 1034 1021 1089 indo·
1070 1033 1199 1106 episcopo
1221 1043 1286 1086 curu
1307 1027 1415 1084 clericis
1437 1024 1589 1084 observari
1613 1038 1674 1080 non
1701 1031 1800 1096 postet,
1817 1023 1859 1080 dot
1904 1021 1905 1102 ι

228 1146 358 1203 mentum,
370 1144 395 1190 et
409 1134 508 1205 otique
521 1132 682 1202 operimento
696 1141 847 1202 pauperem.
867 1124 898 1183 Si
909 1139 960 1182 timi
975 1127 1020 1180 te·
1070 1119 1209 1177 contraria
1225 1132 1296 1190 papa
1311 1115 1460 1188 Gregorius
1475 1112 1646 1186 Augustino
1659 1113 1859 1184 episcoporum
1904 1151 1905 1156 η

223 1227 378 1284 <credimini
391 1225 457 1280 mitri
475 1223 562 1279 latero
577 1221 654 1291 eius,
678 1231 703 1277 ct
723 1219 756 1275 de
778 1217 919 1274 oclleribm
932 1216 1021 1271 ouium
1071 1209 1174 1267 dassct.
1200 1206 1252 1262 Cui
1267 1206 1391 1263 civitam
1405 1218 1591 1262 communem
1618 1204 1728 1261 servam
1740 1206 1857 1276 pracepit,

229 1334 349 1374 meorum
362 1316 508 1388 calefactus
517 1322 572 1380 eit,·
586 1313 707 1369 sileoaoi
725 1325 804 1383 saper
817 1309 949 1382 pupillum
962 1324 1021 1362 mu·
1071 1318 1126 1359 noo
1139 1300 1301 1373 permittens
1314 1297 1472 1369 episcopum
1499 1311 1640 1372 seorsum
1667 1296 1761 1352 rivere
1778 1310 1793 1352 i
1811 1295 1857 1352 siis

229 1424 293 1464 sitm
304 1424 400 1477 meum,
414 1408 507 1474 etiem,
527 1420 588 1460 com
607 1403 723 1460 rideam
742 1417 783 1457 ιιι
801 1402 830 1457 i'tt
846 1399 930 1472 portis
942 1413 1022 1469 tupe-
1070 1393 1201 1463 elericis;
1226 1404 1254 1450 et
1270 1393 1358 1450 eidem
1381 1390 1409 1446 io
1422 1389 1538 1446 decreto
1563 1385 1800 1459 quodammode
1817 1388 1856 1443 sti·

175 1575 178 1579 Δ
228 1504 327 1556 riorem
342 1501 487 1555 :inmeriti
501 1494 1021 1568 mettujurctitrorttoeatiat,eibm·
1071 1486 1177 1559 pendiis
1197 1484 1326 1543 Ecclesiae
1352 1482 1488 1549 scribens,
1514 1487 1657 1552 quartam
1672 1478 1796 1551 episeopo
1807 1494 1855 1550 par·

220 1593 316 1648 citium
331 1607 418 1647 nuum
432 1606 493 1646 cotti
507 1590 564 1645 titii
579 1589 682 1644 oiiibrtt
701 1587 895 1659 confringetur.
913 1584 1022 1656 Scotper
1071 1588 1126 1634 tem
1139 1577 1174 1635 de
1187 1576 1232 1634 bis
1241 1575 1389 1648 assignarit
1407 1590 1415 1641 ;
1430 1571 1507 1644 quod
1521 1579 1647 1643 propter
1661 1571 1853 1642 hospitalitatem

227 1683 298 1737 enim
311 1682 387 1754 quusi
404 1690 532 1736 tinnientes
549 1696 627 1751 irtptr
648 1695 690 1735 me
711 1680 822 1750 ductat,
833 1677 910 1732 timui
923 1676 1019 1744 Dmm,
1036 1645 1153 1741 Batque
1174 1667 1377 1740 susceptionem
1392 1664 1451 1721 iteri
1464 1664 1492 1720 iu
1506 1665 1615 1722 codem
1638 1664 1753 1721 decreto
1770 1662 1853 1735 sigili·

228 1784 254 1829 ct
264 1774 368 1846 potuim
382 1773 439 1844 rjai
454 1772 523 1843 [erre
534 1787 585 1825 non
596 1772 683 1841 potiti.
700 1768 785 1824 Forat
800 1784 851 1823 nott
866 1767 964 1822 mansit
979 1783 1022 1836 pe·
1070 1762 1152 1821 eavit.

229 1865 365 1936 memrot,
384 1865 482 1918 ostiani
502 1876 588 1922 meam
615 1861 703 1929 patuit
724 1859 821 1915 uiatori
845 1857 914 1932 (lob
937 1874 1019 1926 xxxi,
1105 1854 1176 1913 lline
1190 1863 1242 1921 est,
1254 1852 1329 1927 quod
1341 1851 1413 1909 idem
1425 1851 1522 1908 beatus
1536 1849 1704 1908 Marianum
1718 1849 1849 1922 episcopm

230 1956 339 2026 ιι-Ξι).
1070 1948 1106 2004 de
1133 1947 1248 2003 avaritia
1271 1947 1451 2018 redarguens,
1477 1957 1606 2000 iaeuum
1632 1942 1755 2014 episcopi
1774 1955 1850 1996 nomi
1904 2017 1905 2026 ἵ

185 2068 187 2072 ·
264 2042 394 2115 Nunquld
419 2044 478 2100 bec
495 2043 576 2099 rerba
602 2050 691 2114 potest
717 2040 864 2112 episeopus
887 2039 1022 2097 ueraciter
1072 2039 1250 2096 tenereillnm
1265 2038 1400 2097 asseruit:
1415 2035 1490 2109 quod
1504 2036 1634 2093 orationi
1648 2045 1678 2093 et
1698 2035 1799 2093 lectioni
1817 2049 1849 2088 so

228 2134 330 2204 dicem,
341 2133 376 2190 ad
385 2135 465 2207 eujus
479 2133 624 2206 prandium
640 2134 724 2188 intrat
737 2132 816 2189 miles
826 2148 859 2189 ae
868 2140 1019 2205 tyrannus3
1070 2131 1211 2187 lummodo
1238 2130 1384 2197 intentus,
1411 2129 1445 2186 de
1467 2142 1555 2183 manu
1582 2129 1655 2184 nibil
1678 2127 1849 2186 fructificare

222 2225 298 2285 *ioris
311 2236 403 2284 manet
417 2226 714 2300 peregrinusiostium
729 2227 803 2283 illius
814 2227 953 2284 clauditur
962 2226 1021 2283 ria·
1071 2233 1133 2280 eum
1144 2223 1241 2279 debeat
1253 2223 1401 2295 episcopus
1413 2223 1516 2295 largam
1544 2238 1667 2280 manum
1689 2220 1846 2284 biberem
1904 2201 1905 2238 f

227 2316 295 2386 tori,
310 2316 386 2388 quod
402 2315 524 2387 aperitur
542 2315 626 2371 militi
644 2323 673 2372 et
689 2316 872 2387 imperatorii
886 2315 1022 2374 llartinus
1070 2317 1225 2374 cessitatem
1237 2313 1404 2387 patientibus
1420 2329 1600 2383 succurrere,
1621 2315 1740 2371 alienam
1751 2306 1848 2379 inopiiu
1904 2371 1905 2374 Ἴ

220 2404 288 2462 bec
299 2406 392 2462 dicere
409 2404 511 2476 potuit,
530 2406 579 2479 qui
598 2421 741 2478 nunquam
761 2405 837 2478 regi,
860 2405 1021 2479 frequenter
1071 2424 1149 2466 suam
1166 2408 1300 2476 eredcrc;
1324 2408 1400 2480 quia,
1426 2407 1528 2480 inquit,
1549 2425 1561 2460 r
1590 2405 1615 2463 si
1644 2405 1686 2462 sic
1709 2399 1846 2463 nonbibet,

221 2505 320 2554 autem
335 2499 449 2570 pauperi
474 2512 582 2555 cenam
606 2513 685 2555 suani
706 2511 881 2554 communem
906 2496 1020 2554 terite
1069 2515 1187 2558 uacuum
1206 2498 1328 2571 episcopi
1347 2514 1447 2556 nomen
1469 2507 1580 2556 teneti
1605 2498 1847 2563 tarantasiam
1904 2539 1905 2546 ,

226 2604 283 2661 quo
293 2599 321 2646 et
334 2590 402 2646 iliud
417 2604 468 2661 pro
479 2603 578 2662 magna
599 2590 688 2662 gratia
711 2591 768 2644 tam
784 2603 801 2644 a
815 2602 880 2660 rege
902 2601 1017 2659 quauta
1071 2592 1302 2664 redargutionem,
1320 2591 1379 2649 telo
1395 2590 1455 2658 oet,
1466 2591 1509 2646 ιιι
1522 2600 1643 2647 sanctus
1664 2598 1795 2663 propterca
1806 2581 1844 2637 lull

223 2681 321 2755 regina
342 2689 500 2753 susceptum
521 2689 581 2748 est,
601 2680 677 2752 qnod
696 2680 894 2752 ipseprecibus
907 2687 1021 2738 coaetus
1070 2683 1216 2752 excitatus,
1243 2683 1317 2756 quod
1336 2683 1523 2741 mendicantes
1548 2684 1689 2757 quosdam
1704 2682 1844 2751 mgnorerat

227 2774 343 2846 prandio
353 2788 450 2830 corum
462 2773 612 2845 aliquando
623 2771 756 2830 interesse
770 2773 898 2844 diguatus
911 2780 965 2830 est.
1070 2792 1120 2849 per
1133 2775 1282 2834 Ecclesiam
1297 2775 1420 2849 ejusdem
1436 2774 1554 2833 llariaui
1575 2774 1721 2840 transisse,
1747 2767 1844 2837 nitrique

263 2865 337 2938 tili)
348 2863 441 2922 Potuit
455 2866 513 2923 bec
526 2865 617 2923 dicere
627 2866 788 2939 Gregorius,
799 2865 847 2937 qui
858 2881 954 2923 omnes
968 2866 1021 2923 Ec-
1070 2870 1106 2925 ab
1119 2883 1152 2925 eo
1166 2869 1314 2940 accepisse.

227 2957 317 3014 riesiai
334 2957 479 3015 facultates
494 2957 661 3029 dispertitet
678 2959 754 3016 dedit
767 2959 944 3031 pauperibus,
961 2974 1017 3015 non
1106 2959 1254 3018 Gbeatum
1274 2957 1443 3032 pontitlcem,
1466 2960 1513 3032 'qui
1531 2975 1635 3018 omnes
1653 2957 1721 3015 tales
1737 2963 1839 3011 estete

226 3049 360 3136 militibus
369 3050 602 3123 antprlncipibus.
614 3051 736 3119 Quorum
744 3060 836 3109 tamen
843 3053 1016 3109 devotionem
1068 3054 1130 3123 luit,
1150 3053 1241 3127 «qualis
1260 3054 1319 3125 ipse
1336 3051 1389 3109 init
1404 3054 1411 3107 t
1425 3050 1513 3125 Cujus
1526 3067 1631 3109 manus
1647 3065 1710 3107 tere
1723 3045 1841 3115 luitgate

226 3150 254 3197 et
277 3143 449 3200 dilectionem
465 3158 521 3200 non
536 3144 685 3212 damnose,
705 3153 816 3217 captare
834 3145 932 3201 solitus
952 3144 1015 3210 tuit,
1066 3147 1222 3219 phytacium
1236 3145 1343 3204 cunctis
1354 3144 1541 3216 indigentibus
1554 3157 1715 3207 commune,
1730 3137 1784 3210 qnia
1795 3144 1838 3187 noo

227 3233 344 3291 offerens
357 3234 425 3307 ipsis
438 3235 605 3307 primoribus
615 3236 737 3308 pretiosa
748 3236 898 3308 pigmenti,
910 3236 953 3292 ιιι
962 3236 1016 3291 alia
1068 3239 1131 3305 sibi,
1143 3240 1191 3295 sed
1205 3238 1266 3295 aliis
1288 3237 1396 3295 curarit
1423 3237 1561 3310 accipere.
1577 3235 1674 3308 Neque
1696 3231 1763 3289 enim
1775 3219 1837 3296 qnid
1857 3232 1862 3240 ·

227 3323 432 3395 peregrinarum
445 3325 598 3396 specierum
618 3341 684 3383 rara
698 3326 873 3383 munuscula.
889 3323 948 3382 lloc
966 3327 1016 3379 tic·
1067 3343 1149 3399 quam
1161 3343 1177 3384 a
1188 3342 1327 3399 quoquam
1338 3326 1498 3398 accepisset;
1512 3327 1537 3383 sl
1561 3343 1620 3384 non
1634 3311 1836 3395 improperio

227 3417 275 3473 bat
297 3415 357 3473 siue
380 3431 533 3489 paupertim
556 3416 737 3487 detrimento,
763 3418 819 3473 imo
844 3432 909 3474 cum
929 3417 1021 3473 multo
1068 3419 1190 3491 digentes
1207 3418 1328 3475 lecisset.
1344 3416 1405 3474 Non
1419 3425 1485 3491 ergo
1502 3417 1684 3490 injuriosum,
1695 3414 1718 3469 sl
1738 3420 1793 3465 tunt
1801 3400 1839 3456 ob

226 3523 379 3581 paupemm
398 3509 495 3578 lucro,
517 3510 582 3581 quia
596 3509 708 3582 quando
734 3510 778 3566 rel
799 3509 953 3567 bobardum
974 3511 1017 3565 ιιι
1069 3510 1185 3567 lotiones
1202 3510 1237 3567 ad
1263 3509 1348 3583 pedes
1374 3511 1446 3582 ejus,
1468 3520 1603 3581 tanquam
1630 3510 1665 3566 ad
1679 3504 1757 3579 pedes
1771 3493 1837 3557 Petri,

227 3600 310 3657 aliani
339 3599 497 3672 hujusmodi
524 3599 672 3671 pretiosam
702 3598 821 3671 speeiem
850 3598 1018 3671 primoribus
1068 3602 1249 3674 ponebantur,
1261 3601 1392 3672 quoniam
1404 3600 1468 3657 inde
1488 3615 1544 3656 non
1561 3599 1706 3662 divitibus,
1727 3589 1836 3657 sedili·

227 3689 375 3758 odercbat3
388 3690 451 3747 illos
462 3690 490 3746 in
501 3691 543 3746 rui
555 3688 720 3747 eibmteste
730 3688 904 3746 ditectionem
918 3705 1019 3761 provo·
1068 3695 1181 3767 peribus
1194 3693 1442 3752 distribuebantur.
1455 3689 1527 3748 Nulli
1543 3705 1615 3764 ergo
1631 3698 1698 3745 tune
1711 3669 1839 3742 dissidii?

227 3780 315 3851 eavit,
328 3795 378 3853 per
394 3795 513 3852 quorum
532 3781 706 3838 devotionem
731 3796 883 3852 pauperum
902 3780 1020 3840 incultas
1070 3789 1174 3854 debuit,
1186 3788 1253 3860 quin
1267 3787 1300 3843 ad
1314 3788 1398 3859 pedes
1411 3786 1473 3844 talis
1489 3800 1568 3858 papie
1583 3783 1702 3848 oberret,
1723 3769 1788 3848 (1¹¹⁰d
1800 3779 1839 3838 ιθ·

227 3881 286 3930 tuta
298 3880 327 3929 ct
338 3872 484 3929 imminuta
500 3872 662 3944 permansit.
681 3872 821 3940 Quantum
834 3887 900 3944 ergo
913 3874 1019 3945 absque
1070 3883 1132 3951 inti,
1147 3880 1212 3953 quia
1235 3895 1291 3937 non
1304 3888 1360 3936 iam
1384 3878 1423 3935 itit
1445 3878 1548 3935 oblatio
1560 3879 1692 3939 densim,
1705 3879 1780 3940 quam
1801 3867 1838 3928 W

227 3980 378 4037 pauperum
395 3965 498 4022 damno
512 3967 573 4021 tleri
588 3966 691 4038 potuit,
706 3966 788 4022 talem
803 3981 835 4024 se
851 3967 934 4023 etiam
954 3982 1019 4039 erga
1071 3973 1161 4046 ipsum
1175 3971 1202 4028 in
1218 3974 1296 4031 sinus
1318 3987 1471 4044 pauperum
1484 3968 1723 4028 transmittebatur
1735 3977 1743 4028 ;
1755 3951 1835 4012 cenet

228 4055 347 4125 majores
361 4054 502 4124 extitbmm
514 4063 544 4111 ut
556 4063 583 4110 et
595 4055 696 4128 ipseqb
707 4055 838 4115 omnibus
849 4056 1019 4131 diligeretur,
1071 4067 1129 4138 ipse
1143 4081 1247 4137 pauper
1261 4064 1427 4138 pauperibus
1436 4063 1608 4120 ministraret
1620 4079 1628 4131 ;
1642 4068 1670 4117 ιι
1681 4055 1758 4112 vitani
1776 4046 1834 4112 gpo·

227 4159 255 4207 ιι
265 4148 386 4206 Ecclesia
400 4150 480 4222 quasi
493 4150 623 4207 borreum
641 4164 787 4209 commune
796 4159 949 4224 putaretur.
964 4152 1022 4209 ttr-
1071 4156 1196 4213 stolicam
1215 4154 1332 4211 mirabili
1350 4164 1377 4210 ιι
1397 4152 1501 4210 difficili
1517 4154 1602 4211 modo
1617 4153 1645 4208 in
1659 4144 1763 4220 palatim
1778 4134 1833 4190 ‘5⁶¹‘

227 4241 265 4297 sit
280 4248 372 4296 tamen
388 4247 418 4295 ut
433 4248 461 4295 et
483 4240 543 4312 ipsc
560 4239 698 4313 principes
716 4242 758 4298 ιιι
774 4243 875 4301 milites
899 4243 935 4300 ita
960 4257 1021 4299 cre·
1072 4247 1099 4301 in
1114 4246 1291 4313 monasterio,
1313 4253 1446 4312 servaret,
1470 4261 1526 4302 non
1551 4244 1699 4303 dominans
1721 4236 1747 4292 in
1765 4227 1832 4286 clem

227 4334 310 4391 datur
324 4334 461 4402 timuisse.
473 4343 505 4391 ut
526 4349 574 4391 eos
588 4350 652 4392 eum
681 4350 832 4406 pauperum
856 4334 899 4392 vel
918 4336 1020 4392 damno
1036 4338 1118 4397 [ised
1133 4336 1221 4394 iorma
1235 4336 1323 4394 factm
1334 4338 1419 4409 gregi.

227 4424 271 4482 ιιι
284 4424 435 4482 odensione
447 4426 547 4484 soleret
561 4427 613 4484 sibi
639 4425 829 4497 aliquomodo
849 4426 1018 4484 conciliaret
1106 4425 1167 4483 lion
1185 4436 1227 4490 est
1244 4442 1309 4500 ergo
1334 4427 1464 4499 episeopo
1489 4425 1658 4499 impossibiie
1683 4415 1774 4492 palli&
1790 4401 1831 4474 eli*

227 4516 268 4574 ιιι
285 4518 418 4590 quoillud
447 4519 541 4590 potius
554 4518 583 4574 in
601 4518 657 4573 rita
671 4515 842 4589 stialegitur,
860 4517 934 4589 quod
953 4534 1022 4574 cun·
1072 4528 1200 4590 scopatus
1223 4533 1318 4576 euram
1343 4519 1548 4588 administrare,
1570 4520 1706 4586 ritatuque
1728 4510 1828 4563 commi·

228 4616 337 4666 ciorum
352 4610 476 4682 judicum
490 4610 652 4682 cupiditates
662 4607 706 4665 rel
723 4606 837 4677 scelera,
848 4609 928 4680 quasi
942 4624 1022 4666 camo
1073 4627 1134 4667 nem
1149 4626 1213 4668 curo
1225 4613 1285 4667 suis
1297 4612 1405 4669 clericis
1427 4612 1595 4682 observare3
1610 4607 1674 4683 quia
1693 4603 1732 4660 sic
1749 4584 1828 4668 Μ

229 4696 498 4772 frenoquepontilieii
508 4698 684 4757 validissimis
692 4697 1022 4756 auetoritatibusrestrin-
1071 4705 1217 4774 episeopus
1239 4705 1266 4761 in
1292 4705 1410 4761 testium
1428 4706 1542 4774 uilitate,
1556 4705 1584 4761 in
1605 4703 1722 4762 ciborum
1736 4677 1826 4758 irtel·

231 4789 321 4863 gebat·
838 4873 842 4882 ὁ
1072 4807 1138 4865 tate,
1154 4799 1183 4853 in
1210 4799 1380 4872 jejuniorum
1393 4798 1584 4870 dispositione,
1605 4799 1633 4853 in
1647 4777 1824 4851 sonituique

230 4973 248 5029 Γ
267 4901 767 5030 (llbgldrVitaS5Gregorii,eop.22:
776 4905 1022 4989 ilantaehospita·
1071 4928 1136 4969 vero
1148 4911 1255 4983 alioque
1267 4911 1423 4969 delicatiora
1433 4912 1598 4969 commercia
1619 4898 1770 4979 primoribus
1788 4885 1824 4938 lt

243 4982 318 5058 itatis
353 4990 517 5057 regentium
531 4991 590 5046 ipso
610 4986 694 5033 etiam
714 4982 882 5048 patriarctiio
893 4992 1022 5047 perman·
1071 4983 1233 5039 riorubiliter
1245 4983 1394 5039 offerebat:
1411 4984 1448 5039 ita
1463 4994 1494 5039 ut
1507 4983 1576 5038 niliil
1588 4977 1670 5040 atiud.
1683 4977 1756 5042 ιω
1766 4965 1825 5012 ‘⁰⁸¹⁸'

233 5052 290 5114 stt;
305 5047 535 5116 utexceptisbis,
566 5061 616 5103 uos
627 5054 682 5102 taut
696 5062 744 5116 per
754 5046 877 5104 diversas
894 5047 1022 5118 regiones
1072 5056 1166 5109 mimia
1189 5054 1315 5124 quedam
1341 5053 1617 5121 borrea‚communis
1637 5045 1765 5118 putaretur
1782 5020 1822 5076 Et-

232 5130 316 5186 quam
330 5113 545 5187 Roniaequoque
600 5116 801 5186 ngobardorum
826 5117 947 5187 perlidiae
961 5117 1021 5189 gla-
1071 5124 1186 5179 etesia.»

233 5187 296 5269 dios
310 5184 646 5269 fugientes-ecclesiastica
659 5186 729 5255 stipe
743 5186 958 5270 misericorditer
969 5203 1022 5242 no·
1107 5192 1172 5249 ltem
1188 5208 1222 5248 cr
1236 5192 1307 5249 libro
1323 5194 1414 5262 tertio,
1426 5210 1488 5266 cap.
1504 5192 1557 5250 tt:
1572 5213 1582 5246 t
1598 5164 1771 5252 cinciniani

234 5256 344 5324 triebat,
357 5257 479 5327 quotidie
488 5257 523 5312 ad
539 5271 662 5312 mensam
677 5270 756 5312 sitam
768 5271 928 5330 peregrinos
940 5272 1022 5328 quos
1072 5279 1136 5319 eum
1156 5263 1321 5334 cupiditates
1342 5266 1385 5320 iel
1407 5266 1511 5321 scelera
1526 5259 1670 5336 Gregorius
1680 5258 1750 5320 quasi
1759 5238 1821 5290 ⁶²⁹⁰

1773 5157 1821 5216 udi·

233 5326 300 5381 libet
313 5325 473 5383 invitaret.»
1071 5340 1204 5404 transque
1218 5333 1350 5404 ιοιιιιιιι
1373 5336 1550 5392 viridissimis
1572 5319 1767 5389 ιιιοιιιιιι
1783 5311 1819 5417 ”fg
1903 5313 1906 5374 l

253 5393 337 5476 ΙΙιιιι
368 5413 428 5467 cap.
454 5398 510 5453 ιιι
530 5418 541 5451 ι
557 5397 614 5454 Suo
634 5406 754 5467 tempore
772 5394 952 5463 trumentum,
968 5412 1020 5453 suo
1071 5404 1232 5474 stringebat.
1249 5402 1283 5460 Ει
1296 5404 1319 5459 si
1335 5419 1405 5475 quos
1418 5407 1560 5462 (interiere
1573 5400 1697 5475 pravitate
1707 5383 1818 5468 eorrttt¹

234 5480 340 5532 uirium,
356 5483 541 5549 suoeascum,
555 5484 607 5525 suo
618 5468 756 5539 legumen,
770 5481 821 5524 suo
836 5467 954 5531 lardum,
970 5483 1022 5524 suo
1073 5490 1127 5528 nnn
1138 5474 1256 5543 valebat,
1268 5474 1400 5531 scitorum
1415 5491 1528 5532 snorum
1548 5456 1767 5541 reitergtitiootltls
1776 5449 1805 5509 Ρ“

236 5536 437 5614 manducabilia
450 5538 589 5605 animalia,
602 5553 652 5594 suo
662 5538 751 5608 pisces
769 5536 812 5592 ιιι
828 5537 919 5593 οιιιιι
929 5545 1020 5606 pater·
1072 5545 1219 5600 elisaeae,

237 5597 355 5656 tumultus
373 5603 478 5660 bomini
503 5607 700 5663 discretissime
717 5605 864 5666 dividebat.
878 5604 1020 5678 Pigmenta
