3892 6067
210 296 261 360 tor
359 253 367 269 ’
686 289 840 349 aunuum
859 281 1056 348 rnmrosr'rt
1079 288 1357 346 neruosusrano.
1796 293 1862 350 592

209 433 265 474 eta
278 414 374 482 daret,
389 422 415 469 et
428 409 550 468 ueritatis
564 424 620 463 sure
632 407 724 462 domui
738 406 836 464 israel.
858 405 943 474 Quasi
957 403 1006 460 lu·
1021 409 1044 464 Α
1057 403 1128 459 bona
1144 405 1302 473 pradicant.
1329 401 1361 457 ln
1386 401 1456 456 tedis
1472 401 1618 457 ductilibus
1634 402 1729 460 laudes
1754 420 1861 476 perso·

209 510 330 565 deerunt
346 503 480 560 Dominus
497 502 599 559 oblitus
621 501 684 569 luit,
706 499 772 556 dura
784 516 833 557 eos
846 501 873 555 ln
892 498 1006 570 pertidia
1058 503 1135 563 nant,
1161 496 1208 565 qui
1229 493 1315 550 Quin
1340 494 1367 548 in
1391 492 1617 550 tribulationibus
1637 495 1797 565 pradicant.
1825 495 1861 553 ln

209 581 342 657 excecari
355 596 492 668 perinisit.
506 594 559 652 Sed
572 603 719 667 postquam
729 592 873 666 plenitudo
883 591 1006 662 gentium
1056 603 1117 642 core
1127 587 1196 642 tuito
1209 603 1311 642 cornere
1322 586 1377 641 lieo
1388 593 1511 651 canunt,
1524 586 1571 656 qui
1582 596 1678 642 contra
1693 587 1757 643 uitia
1769 589 1864 645 dimi-

153 675 156 680 ’
209 689 364 757 intraverit,
378 696 445 745 tunc
462 686 625 745 reeordatus
638 685 837 743 misericordiae
853 701 910 742 suae
923 684 1008 740 mise·
1057 677 1523 748 mntesvoceetopcreproxtmos
1546 678 1665 733 amalis
1688 676 1862 736 detendunt.-

154 787 156 792 ’
208 779 314 835 rebitur
328 778 464 835 Dominus
477 778 573 845 iacob,
587 788 615 834 et
636 775 720 833 lsrael
738 776 899 834 salvabitur.
921 775 1006 831 dated
1058 772 1107 829 ttts
1121 773 1322 840 instrumentis,
1337 771 1465 840 oludaei,
1482 771 1567 828 Deum
1586 772 1706 840 laudate,
1724 774 1751 830 ei
1769 776 1863 832 ruitis

209 869 276 927 dicit
290 878 404 942 propter
416 871 530 941 uulgum
549 867 636 924 lsrael
650 877 761 939 propter
776 867 844 939 legis
867 866 1006 923 doctores.
1056 883 1119 924 cunr
1133 868 1181 923 illo
1192 882 1319 938 regnare.
1330 865 1451 921 iubilate
1460 866 1488 920 iu
1499 876 1636 936 conspectu
1649 867 1717 939 reqis
1729 866 1860 935 bantini,

210 957 361 1033 Postquam
378 961 471 1017 omnis
483 959 565 1015 israel
579 959 673 1015 saluus
692 957 785 1026 luerit,
801 967 869 1021 tuuc
884 957 1007 1014 uiderunt
1056 960 1110 1016 hoc
1127 967 1179 1027 est,
1195 959 1305 1014 laudate
1331 957 1427 1024 Deum,
1442 972 1476 1014 eo
1504 957 1577 1028 quod
1604 957 1659 1014 lide
1686 960 1859 1031 corispicitis

211 1067 301 1107 omues
318 1052 426 1107 murini
449 1059 527 1107 urse
551 1050 671 1105 salutare
695 1048 746 1104 Dei
761 1049 857 1118 nostri,
879 1048 934 1105 lroc
952 1057 1005 1117 est,
1056 1067 1130 1119 eunt,
1145 1051 1193 1123 qui
1209 1059 1251 1107 est
1266 1049 1323 1106 ilex
1338 1049 1510 1105 ctbominus
1527 1051 1662 1105 omnium.
1679 1047 1742 1104 ldeu

150 1163 155 1168 ·
212 1158 309 1199 omnes
323 1142 372 1214 qui
386 1141 543 1197 inhabitant
557 1141 627 1198 bnes
637 1148 728 1196 terrae.
741 1139 804 1196 ideo
1092 1141 1177 1197 Vsus.
1194 1141 1222 1196 7.
1237 1139 1374 1194 Moventur
1391 1155 1464 1194 ruore
1483 1148 1507 1193 et
1526 1138 1664 1209 plenitudo
1676 1139 1744 1208 rjus,
1757 1139 1786 1195 id
1798 1149 1857 1207 cst,

247 1229 331 1288 Vens.
352 1232 379 1286 1.
405 1229 524 1286 iubilate
544 1230 671 1299 Domino,
686 1231 772 1284 omnir
796 1240 877 1297 terra,
901 1229 928 1285 id
953 1237 1005 1295 est,
1056 1234 1099 1289 les
1123 1232 1265 1304 etleqalcs
1280 1230 1510 1286 obseruatione
1531 1228 1636 1286 carnali
1661 1229 1802 1286 intellectu
1825 1231 1857 1285 in

211 1340 308 1382 omnes
322 1324 507 1379 inhabitantes
521 1331 623 1379 terram
637 1322 737 1394 gaudio
752 1323 852 1378 mentis
868 1319 1006 1378 eduntote
1057 1325 1217 1397 spiritaiem.
1242 1321 1383 1379 noceatur
1407 1321 1490 1376 etiarn
1513 1321 1584 1376 otiis
1601 1329 1745 1387 terrarum,
1763 1332 1790 1379 et
1804 1338 1855 1393 qtae

211 1415 236 1472 ei
251 1414 389 1470 hilaritate
409 1413 498 1479 uocis,
512 1420 538 1466 et
573 1411 706 1466 exsultate
722 1411 826 1479 animo,
848 1418 874 1465 et
897 1410 1006 1482 psallite
1056 1414 1218 1471 latitantis
1232 1432 1273 1484 eu,
1287 1414 1321 1470 de
1342 1413 1425 1476 ,malis
1448 1411 1579 1483 oporibus
1592 1413 1625 1467 ad
1648 1413 1856 1483 prerritcnttam,

211 1522 303 1579 opere.
317 1505 382 1562 Haec
397 1505 484 1578 igura
506 1503 608 1559 dicitur
621 1503 819 1571 omoteleuton,
834 1503 881 1559 ubi
897 1503 1005 1559 diversa
1056 1515 1088 1562 ut
1099 1505 1206 1576 possint
1215 1504 1326 1561 Giuisto
1336 1503 1490 1559 aduenienti
1504 1517 1651 1560 occurrere
1662 1504 1784 1559 obviam.
1802 1503 1856 1561 Vel

210 1597 295 1654 verba
310 1597 339 1653 in
350 1596 456 1653 similes
471 1608 555 1652 sonos
572 1602 685 1662 exeunt,
700 1603 732 1650 ut
744 1593 870 1667 jubilate,
883 1602 1003 1661 caritate,
1050 1594 1128 1668 <eriis
1144 1604 1276 1648 terrerum
1289 1592 1473 1660 rrroueutur,id
1488 1601 1540 1660 est,
1554 1594 1583 1648 in
1594 1592 1734 1649 meliorem
1748 1603 1855 1650 statum

210 1690 356 1755 exsultate,
372 1687 489 1759 psallite.
1056 1692 1192 1751 mutetur,
1203 1692 1231 1739 et
1246 1683 1384 1752 homines,
1395 1685 1441 1755 qui
1455 1682 1575 1739 trahitant
1589 1685 1620 1738 ire
1639 1700 1680 1750 eu,
1706 1694 1855 1743 mutentur

246 1780 333 1837 Vsus.
348 1780 404 1836 bet
420 1778 447 1834 6.
467 1777 582 1833 Psattite
605 1777 721 1832 Domine
741 1776 769 1831 iu
785 1776 901 1843 cithara,
916 1775 945 1831 iu
966 1776 1006 1830 ei-
1020 1757 1042 1812 Β
1057 1776 1084 1831 in
1099 1776 1281 1847 equalitatem
1297 1775 1456 1847 augelorum
1470 1774 1528 1831 Dei.
1547 1773 1598 1832 liic
1613 1775 1691 1834 lorus
1704 1776 1744 1833 illi
1758 1779 1852 1834 coriti·

211 1875 289 1930 tiara
303 1881 328 1927 et
341 1867 559 1942 coopertoriis
574 1868 645 1925 tubis
658 1868 814 1935 ductilibus,
828 1877 854 1924 et
863 1884 925 1924 uoce
936 1867 1006 1923 tnboe
1058 1876 1169 1936 nuatur,
1181 1867 1227 1923 ubi
1242 1866 1373 1923 scribitur
1388 1883 1396 1922 ε
1417 1885 1427 1918 r
1446 1864 1586 1924 botentur
1599 1869 1672 1937 coeii,
1686 1877 1714 1925 et
1732 1871 1855 1927 exsultet

211 1960 367 2021 turnemio
390 1968 508 2035 quatuor
532 1960 646 2017 musicis
665 1960 856 2018 instrumentis
873 1959 1007 2034 jubentur
1057 1969 1142 2029 terra,
1157 1968 1365 2016 commoneatur
1377 1975 1464 2025 nrare,
1479 1968 1506 2015 et
1526 1961 1668 2031 plenitudo
1681 1962 1743 2033 ejus
1760 1983 1767 2019 z
1783 1980 1855 2036 qau-

212 2054 298 2109 beum
318 2054 441 2121 laudare,
464 2050 569 2109 scilicet
590 2052 707 2118 diburo,
728 2052 866 2124 psalterio,
883 2050 958 2117 tuda,
979 2058 1007 2107 et
1056 2051 1160 2109 debent
1170 2047 1272 2123 campi,
1282 2058 1310 2106 et
1324 2051 1426 2117 omnia,
1440 2066 1502 2122 quse
1513 2052 1542 2107 in
1552 2051 1595 2108 eis
1609 2060 1674 2109 suut
1687 2051 1775 2124 (Paul.
1788 2070 1859 2125 aar,

212 2161 305 2214 cornu,
319 2144 384 2217 quia
397 2152 517 2217 quatuor
527 2144 676 2202 virtutibus
689 2145 832 2217 perlinitur
845 2144 901 2200 rita
912 2142 1006 2216 iuste·
1057 2143 1102 2210 11,
1119 2142 1176 2213 li),
1192 2161 1202 2195 s
1220 2142 1285 2215 quia
1302 2138 1391 2197 tuntas
1400 2142 1529 2214 gentibus
1543 2142 1571 2198 in
1586 2142 1642 2200 dde
1660 2139 1764 2201 Christi
1784 2161 1858 2202 con⁴

211 2254 285 2308 rum,
297 2239 453 2310 prudentia,
465 2233 635 2308 tortitudine,
647 2237 757 2311 justitia
770 2246 798 2294 et
812 2224 1006 2310 temperantia.
1054 2234 1143 2307 juncti
1155 2242 1246 2291 erunt.
1260 2234 1336 2290 lluee
1349 2242 1495 2302 mereatur,
1509 2235 1537 2291 ‘ri
1550 2239 1595 2293 est
1605 2234 1763 2309 peccatores
1777 2239 1854 2296 vitiis

212 2328 336 2398 Cithara,
350 2345 412 2403 quae
422 2331 456 2388 de
468 2330 646 2387 inferioribus
664 2338 756 2398 sonat,
771 2340 814 2387 est
831 2329 920 2387 activa
938 2327 1007 2396 uita,
1057 2325 1155 2395 amari,
1173 2341 1189 2382 a
1203 2326 1272 2384 faeie
1286 2325 1411 2395 bumini3

211 2436 274 2493 quae
286 2422 421 2493 proximis
435 2422 463 2477 in
478 2421 669 2494 corporalibus
683 2420 832 2490 ministrat,
854 2430 883 2478 et
898 2420 1006 2478 baecsd
1092 2416 1177 2476 Vens.
1210 2418 1248 2486 8,
1283 2418 1311 2475 9.
1342 2416 1471 2475 Fundus
1497 2429 1588 2476 sutem
1614 2421 1698 2477 sinunt
1721 2422 1854 2494 ptaaueur

209 2513 346 2584 justitiam
362 2523 476 2586 spectat.
490 2512 642 2585 Propterea
662 2511 705 2568 bis
725 2511 830 2567 citiore
846 2512 926 2580 dixit,
940 2512 1005 2583 quia
1056 2527 1149 2569 mane.
1165 2509 1294 2567 flumina
1305 2512 1520 2584 suutsupicntes
1533 2514 1568 2570 de
1578 2512 1729 2573 innuente
1740 2517 1851 2589 repleti,

210 2606 380 2678 estiustitia,
392 2605 623 2678 quaelruminibus
640 2619 690 2661 sua
708 2602 808 2672 reddit,
824 2612 852 2659 et
866 2611 910 2659 est
920 2604 1006 2675 justi·
1056 2603 1084 2660 in
1099 2604 1169 2660 elios
1183 2603 1307 2660 doctrina
1324 2604 1449 2662 [tuentes.
1467 2604 1501 2661 lli
1516 2624 1597 2663 mma
1609 2608 1693 2664 simui
1707 2609 1850 2680 plaudent,

210 2695 260 2765 tia,
272 2711 334 2771 quae
357 2695 412 2753 beo
428 2711 480 2753 sua
497 2695 602 2752 tribuit.
622 2693 799 2760 Psatterinm,
813 2692 887 2766 quod
901 2693 935 2750 de
957 2709 1006 2750 sn·
1057 2694 1123 2751 dum
1134 2694 1316 2766 praedicantes
1330 2694 1412 2751 simui
1425 2696 1531 2752 bonum
1540 2706 1676 2769 peragunt
1690 2713 1770 2770 opus.
1792 2698 1853 2755 lla·

209 2785 367 2858 perioribus
388 2792 517 2852 resonat,
541 2793 583 2840 est
608 2783 818 2855 corrtemplatira
843 2783 918 2850 uita,
944 2798 1007 2854 quae
1056 2786 1138 2843 nibus
1146 2786 1219 2842 eninr
1231 2787 1361 2857 phrrdere
1372 2795 1414 2844 est
1424 2787 1528 2844 bonrum
1540 2789 1744 2860 epnsbilariter
1755 2806 1853 2863 egeres

209 2877 294 2934 boum
308 2877 335 2933 in
349 2876 520 2947 spiritalibus
533 2876 647 2946 huden,
660 2884 688 2932 et
703 2876 762 2933 haec
782 2875 936 2947 prudcutiae
951 2876 1006 2931 rui·
1057 2874 1367 2947 Mouussssuttareruut
1378 2874 1663 2950 [iniq'easuttuisut]
1677 2895 1695 2935 e
1709 2889 1853 2951 comperte

208 2967 279 3024 litat.
296 2963 371 3023 Tuto
389 2968 515 3037 ductilis,
527 2984 588 3040 quae
605 2968 711 3026 mullus
733 2982 765 3023 er
784 2975 897 3038 argento
914 2968 1006 3024 tundi·
1059 2964 1175 3034 bamini,
1192 2966 1218 3021 id
1233 2975 1285 3034 est,
1300 2967 1404 3038 praelati
1429 2968 1457 3023 in
1478 2966 1581 3023 iudeis
1595 2968 1752 3040 gaudebunt
1767 2986 1783 3025 a
1798 2987 1850 3029 eo-

209 3067 265 3128 tur,
282 3067 325 3115 est
338 3058 483 3116 doctorum
498 3060 565 3127 uita,
584 3074 646 3131 quae
666 3059 795 3116 tunsione
816 3059 1006 3116 tribulationis
1056 3058 1178 3129 atritione
1191 3057 1250 3126 bei,
1265 3061 1339 3114 etde
1354 3057 1417 3125 huc,
1435 3058 1560 3129 quoniam
1575 3060 1644 3113 uenit
1658 3060 1779 3130 judicare
1790 3073 1849 3117 ter-

208 3157 273 3220 apta
288 3149 405 3205 edicitur
419 3150 566 3205 sonoritati
580 3148 797 3221 predicationis3
811 3157 839 3204 et
854 3148 913 3206 lraec
932 3156 1004 3204 teum
1057 3163 1128 3214 rum,
1139 3148 1166 3204 id
1180 3158 1236 3217 est,
1244 3151 1333 3206 bonos
1346 3159 1373 3206 et
1386 3150 1475 3206 matos
1486 3166 1536 3221 pro
1549 3153 1670 3208 terrenis
1678 3151 1768 3211 iactis.
1782 3154 1851 3212 Post

208 3238 341 3308 muntia
355 3238 492 3309 congruit.
509 3238 601 3295 Corus
611 3238 724 3310 ponitur
735 3253 786 3308 pro
801 3253 887 3309 reque
897 3240 941 3295 rel
953 3255 1008 3310 pro
1056 3237 1218 3294 Antichristi
1229 3239 1332 3310 quippe
1340 3240 1561 3309 persecutionem
1573 3249 1601 3297 et
1612 3239 1768 3299 ludaeorum
1780 3258 1854 3300 conr

209 3328 382 3388 tortitudine.
407 3328 482 3386 Tuta
498 3345 594 3385 corneo
615 3338 659 3387 cst
680 3329 837 3400 principum
861 3331 926 3395 rita,
942 3346 1005 3401 quae
1055 3329 1211 3386 versionem
1222 3321 1457 3387 uenietliominus
1471 3329 1506 3385 ud
1518 3314 1852 3403 judiciur‘u,et1'edieuiie

208 3421 330 3493 potentia
344 3436 428 3493 super
439 3422 509 3479 ebus
521 3420 647 3493 erigitur,
659 3420 732 3478 sicut
746 3434 835 3476 cornu
859 3435 1004 3491 supercre-
1055 3419 1143 3475 erdem
1156 3428 1288 3474 terraram
1303 3419 1331 3474 in
1339 3418 1461 3490 justitie,
1473 3421 1525 3477 boc
1535 3430 1588 3486 est,
1601 3435 1660 3490 eos,
1671 3425 1719 3496 qui
1730 3440 1766 3483 es
1775 3435 1853 3482 terra

209 3527 414 3570 soeneoeroem
427 3513 578 3581 attollitur;
593 3513 692 3569 etbscc
706 3510 894 3569 tortitudinem
915 3514 1005 3583 respt-
1056 3509 1121 3566 laeti
1136 3511 1340 3579 suntorbis,id
1356 3522 1409 3578 est,
1425 3509 1549 3582 perlecti,
1563 3514 1592 3570 iu
1607 3513 1724 3571 circuitu
1738 3525 1854 3574 suarna·

208 3603 498 3678 strumentorum
520 3606 642 3677 psallunt
657 3605 785 3675 bomine,
801 3606 848 3676 qui
870 3605 898 3661 in
913 3607 1003 3666 aetina
1055 3618 1165 3660 coronas
1178 3603 1306 3671 enrremi
1322 3603 1398 3674 iuste
1422 3605 1669 3673 remunerabitur
1689 3607 1800 3677 populu
1819 3610 1851 3663 ite

208 3696 263 3754 ritu
282 3712 332 3768 pro
348 3696 465 3754 Domino
484 3698 620 3770 proximis
645 3698 779 3756 seruiunt.
795 3697 895 3754 iterum
918 3699 947 3753 irr
964 3699 1004 3753 ri·
1055 3696 1192 3767 equitate,
1208 3696 1320 3752 'scilieet
1339 3695 1425 3752 lalsos
1439 3695 1606 3754 christianos
1620 3704 1648 3753 et
1663 3696 1808 3755 uomicas
1819 3710 1851 3755 et

209 3788 289 3843 strare
302 3788 396 3846 laudes
406 3799 546 3857 resonant,
554 3790 602 3862 qui
613 3804 725 3847 munem
736 3789 912 3861 probamina
922 3790 1005 3860 eqsti·
1054 3787 1179 3845 iutldeles
1193 3788 1345 3846 secundum
1357 3789 1513 3862 equitatem
1526 3789 1676 3847 damnabit.

208 3887 284 3951 narrt.
300 3878 334 3937 lu
350 3897 411 3938 aare
434 3882 543 3954 psalmi,
562 3882 657 3951 idest,
673 3882 702 3937 in
723 3881 853 3955 psalterio
872 3881 1002 3952 jubilant,
1089 3878 1141 3938 ilic
1154 3880 1280 3953 psalmus
1301 3881 1364 3939 ideo
1387 3881 1414 3937 iu
1437 3880 1516 3941 lesus
1535 3882 1685 3938 Dominicis
1707 3890 1851 3951 cantatur,

206 3970 257 4043 qi
276 3971 306 4026 ia
331 3974 541 4045 contemplativa
563 3974 619 4031 rita
646 3973 735 4031 Deum
756 3973 880 4041 laumnt,
898 3981 927 4029 et
940 3972 1003 4031 eliis
1053 3972 1120 4045 quis
1134 3973 1224 4031 uirtus
1238 3972 1436 4031 bdmluiineo
1451 3973 1599 4047 multiplea.
1615 3972 1798 4046 predicatur.

766 4350 1032 4443 PSbLMUS
1066 4351 1287 4447 xcviii.

243 4714 371 4774 Bortinae
385 4715 515 4791 reposuit,
529 4717 684 4772 irascantur
702 4705 804 4788 pupuli,
821 4719 874 4772 etc.
889 4708 996 4772 eruce
1013 4713 1160 4774 boarium
1174 4716 1316 4789 plenitudo
1328 4720 1469 4792 temporis,
1481 4736 1530 4792 per
1541 4722 1683 4780 deuanurn
1695 4723 1847 4800 decalogus

205 4813 275 4868 dens
296 4810 419 4882 psalmus
439 4812 560 4869 coritinct
581 4809 700 4885 Spiritus
717 4809 807 4868 sancti
828 4807 1004 4868 exhortatio«
1051 4807 1130 4881 legis,
1145 4824 1194 4881 per
1209 4813 1416 4882 quaternarium
1432 4820 1551 4884 quatuor
1566 4813 1776 4887 Evangeliorum
1791 4819 1841 4874 olr-

204 4918 287 4971 uem,
311 4902 363 4959 iste
384 4919 450 4960 uero
477 4902 635 4962 ludaeorum
660 4903 859 4961 laudationem.
885 4901 915 4959 ln
942 4902 1003 4959 alio
1051 4902 1189 4958 mutantia
1203 4903 1377 4975 exprimitur.
1393 4904 1522 4976 Designat
1543 4916 1647 4974 auum,
1663 4908 1748 4980 quod,
1765 4917 1840 4981 post⁴

203 4991 317 5065 psalmo
338 5011 351 5049 ι
369 4991 500 5050 Dominae
520 4995 648 5068 requauir,
667 5002 762 5066 gentes
786 5001 890 5050 uncatae
909 4991 997 5049 buum
1050 4994 1290 5067 quampienitudo
1305 4996 1427 5067 gentium
1449 4997 1596 5055 intraverit
1609 4998 1777 5056 israeliticus
1791 5015 1839 5071 po

202 5083 328 5153 laudant,
353 5088 381 5144 itt
406 5088 460 5146 boc
480 5090 587 5161 psalmo
610 5086 698 5144 ludaei
725 5088 831 5144 inuitati
854 5087 889 5145 ad
914 5085 998 5145 tidem
1049 5086 1131 5158 putus
1145 5086 1180 5144 de
1191 5086 1250 5160 lege
1263 5088 1298 5144 ad
1307 5085 1484 5160 Euangeliou
1499 5090 1637 5159 transibit,
1653 5099 1680 5147 et
1693 5091 1734 5148 sic
1747 5091 1842 5148 saltus

203 5177 314 5236 Christo
325 5178 459 5253 iubilant.-
470 5179 577 5238 ittutus
588 5180 686 5253 psalmi
698 5190 763 5238 cst:
1048 5179 1111 5238 erit.

376 5271 457 5330 iuss.
473 5272 638 5330 tumme
656 5271 714 5345 (51)
729 5271 826 5330 barro.
1085 5275 1172 5332 Aliter
1187 5295 1195 5333 ε
1211 5274 1264 5334 der
1284 5285 1390 5348 septem
1417 5278 1538 5349 requies,
1561 5293 1610 5349 per
1630 5274 1838 5351 quatuordecim

180 5441 184 5448 ‚
238 5359 297 5420 lioe
311 5377 354 5422 est
369 5384 375 5422 :
391 5365 447 5423 istu
462 5366 525 5423 laus
537 5366 647 5423 santum
659 5364 773 5422 cbristo
786 5365 997 5422 desiderabilia
1049 5367 1190 5439 generatio
1205 5363 1309 5426 Christi
1323 5367 1457 5435 innuitur,
1470 5368 1704 5442 quiagcnealossia
1717 5368 1838 5439 eiusper

203 5453 306 5525 populo
315 5445 390 5511 tosti
403 5463 430 5513 et
445 5455 521 5529 sord.
537 5454 588 5514 liic
603 5457 731 5528 psalmus·
744 5466 787 5516 cst
799 5457 997 5530 nonagesimus
1050 5468 1091 5515 ter
1104 5460 1313 5531 quatuordecim
1332 5461 1521 5533 generationes
1541 5462 1709 5529 conteritur,
1723 5468 1751 5516 et
1766 5458 1843 5517 beus-

203 5555 328 5611 ecuuur,
337 5547 411 5617 quod
423 5557 488 5605 saut
498 5550 599 5621 septies
609 5549 893 5621 eneruauerunt->er
904 5560 996 5623 septe·
1050 5552 1165 5623 septima
1177 5552 1222 5612 die
1236 5552 1405 5626 requievisse
1415 5552 1523 5627 legitur.
1540 5552 1670 5625 Designat
1684 5552 1730 5609 bic
1740 5563 1836 5608 nunte-

240 5695 598 5773 1111111111111131111
