3892 6067
144 58 218 117 {589
621 54 783 114 ntstoitta
805 56 1074 117 ltztttttcttttstS.
1094 90 1130 102 -
1147 61 1211 119 titt.
1232 62 1276 120 tit.
1636 143 1638 154 ⁴
1701 73 1769 130 ittet

143 181 245 230 cteum
259 171 347 228 aliena
366 184 414 242 per
428 185 458 226 se
470 185 605 241 usurpare
617 172 805 239 contenderat,
818 173 932 245 iamiam
946 177 969 235 Α
982 170 1106 242 loannis,
1123 172 1252 235 otbertus
1267 177 1352 236 abbas
1376 179 1483 238 Sanam
1499 180 1662 255 liargaritae,
1684 187 1770 261 imagi.

143 264 210 323 aliis
222 262 407 320 mediantibus
424 262 476 319 sibi
497 263 641 342 consulere
660 263 782 320 festinat.
808 262 847 322 Ne
866 279 931 324 vero
984 272 1040 321 ster
1050 263 1190 336 otbertus,
1198 266 1329 341 Signinus
1339 271 1373 327 de
1386 271 1509 340 liniaco,
1519 263 1685 334 Gi'slebertus
1696 279 1770 349 prior

143 357 266 414 fraterna
286 363 358 412 esset
378 364 505 425 suspecta
528 355 643 420 malitia,
662 356 798 429 religiosa
817 357 890 425 rita,
904 365 933 413 ct
983 355 1096 427 oisiaci,
1110 359 1242 418 Girardus
1257 360 1341 433 buca,
1355 362 1433 437 Ilugo
1443 364 1477 422 de
1488 365 1638 437 Maricellis,
1651 380 1678 433 et
1691 372 1770 429 inulti

144 449 270 505 bonestae
285 446 365 501 famas
381 446 457 503 uiros
479 447 535 502 dux
552 448 610 518 ipse
625 462 687 504 eum
708 447 835 518 episeopo
847 447 932 504 iuter·
983 445 1040 502 alii.
1060 465 1071 502 s

142 536 238 609 pellat,
254 535 379 592 abbatem
392 536 496 593 seilicet
509 536 730 603 cisterciensem,
742 544 769 592 et
786 538 855 595 alios
871 538 932 608 plu·
1018 535 1082 595 llaec
1101 554 1151 609 pro
1176 550 1279 598 nostrae
1293 545 1405 602 modulo
1429 548 1572 618 parvitatis
1592 550 1626 606 de
1646 551 1771 610 libertate

143 644 190 685 res
200 627 322 698 ejusdem
332 626 446 684 ordinis.
459 625 564 698 liiergo
573 625 657 683 Vizel.
669 626 795 685 abbatem
803 627 931 685 Pontium
984 625 1071 686 vizel.
1089 629 1219 688 Ecclesiae
1233 644 1336 706 quanta
1349 637 1490 707 potuimus
1510 638 1643 697 brevitate
1655 651 1685 698 et
1696 645 1769 699 reri·

142 719 279 776 adeuntes
292 733 354 774 cum
370 718 570 788 supplicatione
580 733 676 790 preces
685 719 765 776 ducis
776 719 933 777 ofleruutet
983 726 1038 776 tato
1059 723 1280 792 perstrinximus,
1302 725 1401 782 latiora
1427 726 1497 784 forte
1518 730 1638 788 sednon
1660 735 1770 792 seriora

143 810 206 867 sice
219 810 339 881 episcopi
352 824 445 882 pacem
465 819 670 881 representem,
685 826 835 884 pacemque
851 826 931 884 repo·
982 810 1080 883 maiori
1093 815 1298 872 committentes
1312 817 1380 873 otio.
1397 816 1430 874 Et
1444 819 1562 877 veritate
1583 823 1694 894 quidem
1708 825 1770 882 filiis

142 910 236 960 acum.
255 901 311 958 Nec
325 903 380 973 pati
394 903 530 974 repulsam
545 913 696 969 merentur,
712 904 844 976 quoniam
859 905 932 977 apud
983 913 1064 976 atque
1079 907 1247 964 amatoribus
1260 909 1344 979 buius
1358 911 1481 968 ecolesiae
1500 913 1625 982 fecimus,
1638 925 1670 972 ut
1683 917 1771 974 credi-

143 1007 293 1066 geuerosos
306 993 415 1048 animos
431 993 549 1065 rigorem
567 992 741 1050 rectitudinis
762 1008 871 1066 semper
884 1011 932 1052 co·
982 1011 1055 1065 mua,
1072 997 1149 1054 satis.
1167 996 1401 1058 Breuitateautem
1414 1004 1508 1060 talium
1523 1007 1770 1067 subsannatoribus

143 1084 259 1140 mitetur
278 1083 378 1140 lenitus
400 1085 630 1141 mansuetudinis.
656 1085 735 1143 Cedit
757 1101 824 1159 ergo
846 1087 932 1145 abbas
983 1088 1202 1147 condescendere
1223 1093 1392 1150 curarimus.
1406 1093 1500 1153 Solent
1515 1099 1556 1169 (5)
1576 1098 1676 1170 quippe
1694 1101 1771 1157 utilia

143 1174 287 1232 humiliter
300 1176 475 1248 supplicanti,
491 1177 538 1247 qui
552 1193 606 1231 non
629 1188 750 1235 cesserat
771 1188 933 1251 arroganter
983 1180 1167 1240 scribentibus
1183 1198 1345 1242 succensere
1363 1190 1500 1256 uorruulli,
1514 1192 1555 1247 vel
1568 1201 1709 1263 gestorum
1729 1193 1772 1250 iu-

142 1266 331 1338 supcrbieuti;
346 1275 384 1335 ct,
397 1267 440 1323 iris
458 1267 653 1335 mediantibus,
667 1283 716 1339 per
728 1284 841 1325 martum
853 1269 932 1327 ducis
983 1270 1055 1328 sidia
1070 1274 1143 1346 capti
1157 1274 1200 1331 sel
1215 1291 1313 1333 eorum
1328 1294 1389 1351 quac
1400 1279 1577 1350 proferuntur
1590 1282 1688 1354 ignari.
1701 1283 1771 1340 Cum

143 1372 195 1428 par
211 1356 282 1412 iuter
296 1364 442 1427 utramque
454 1355 606 1413 Ecclesiam
623 1357 800 1427 reformatur,
822 1369 933 1416 contro·
983 1374 1074 1422 autem
1103 1367 1235 1438 sapientis
1261 1370 1349 1425 otium
1373 1372 1445 1427 nibil
1466 1374 1615 1430 arbitretur
1639 1375 1769 1442 otiosum,

142 1449 235 1505 versia
248 1448 339 1506 omnis
354 1449 525 1521 pacillcatur,
541 1451 662 1522 dantque
674 1451 791 1508 inuicem
805 1452 933 1509 amicitia
983 1457 1050 1528 quin
1073 1457 1194 1515 alienum
1217 1460 1303 1517 otium
1327 1478 1408 1519 suum
1432 1464 1516 1522 ducat
1535 1466 1673 1534 officium,
1688 1482 1771 1524 econ·

142 1540 250 1609 oscula,
266 1549 347 1612 atque
369 1540 465 1598 incunt
477 1551 615 1613 perpetuae
631 1543 707 1614 pacis
730 1542 844 1601 federa.
866 1542 932 1611 Quae
982 1562 1063 1607 uerso
1082 1550 1235 1607 maximum
1248 1564 1291 1609 est
1304 1553 1460 1625 insipientis
1479 1556 1617 1628 negotium
1635 1557 1772 1614 ascribere

143 1633 222 1704 pacis
235 1633 409 1703 compositio,
425 1642 456 1688 ut
468 1634 551 1690 etiam
565 1635 637 1691 inter
650 1650 828 1692 successores
839 1644 932 1692 custo-
983 1638 1040 1694 otio
1062 1640 1196 1712 quidquid
1210 1641 1331 1713 prudeus
1342 1643 1465 1700 elaborat
1487 1647 1621 1714 studium,
1635 1648 1707 1718 quod
1728 1649 1770 1704 sui

143 1723 251 1781 diretur
261 1723 375 1790 illibata,
389 1739 488 1780 manus
499 1741 556 1781 suae
568 1724 714 1781 formatam
723 1724 799 1793 fecit,
813 1727 894 1797 quam
905 1736 934 1784 et
984 1731 1072 1800 pretio
1086 1743 1243 1803 pensantes,
1255 1733 1418 1804 compendio
1431 1735 1473 1790 usi
1485 1737 1589 1792 cursim
1606 1736 1706 1808 stylum
1724 1752 1773 1792 cx-

144 1814 441 1886 sigillisuimuaimiae
457 1816 933 1889 corroborarit,utsequeosprobat
983 1818 1101 1889 egimus.
1132 1819 1208 1877 Licet
1223 1822 1295 1877 enim
1313 1832 1467 1893 temporum
1487 1825 1704 1896 atatejuniores
1722 1841 1774 1881 rios

144 1906 294 1977 exemplar.
984 1905 1105 1964 Ecclesia
1116 1910 1271 1981 protulerit,
1285 1919 1408 1967 nostram
1423 1920 1514 1968 tamen
1525 1927 1590 1984 erga
1604 1912 1691 1983 ipsam
1704 1912 1773 1968 nibil

182 1999 308 2057 «Notum
321 2002 358 2057 sit
368 2010 423 2058 mm
439 2004 619 2074 presentibus
628 2017 711 2075 quam
723 2000 933 2074 posterisquod
984 1998 1156 2056 devotionem
1180 2001 1289 2065 minuit,
1302 2002 1326 2058 si
1351 2016 1432 2073 pesse
1445 2011 1570 2059 nostrum
1585 2003 1774 2074 qualecunque

144 2107 197 2164 ego
220 2090 355 2150 lienricus
377 2093 406 2149 in
429 2093 477 2150 bei
501 2095 612 2151 nomine
634 2070 770 2153 Edueusis
788 2094 933 2165 episcopus
984 2089 1058 2147 illius
1071 2091 1241 2158 profectibus
1255 2091 1354 2149 affeetu
1370 2093 1550 2165 integerrimo
1571 2093 1774 2165 impendamus,

145 2183 263 2240 consilio
282 2183 472 2253 religiosarum
488 2200 682 2257 personarum,
703 2194 732 2243 et
751 2184 941 2256 quorumdam,
983 2198 1036 2240 nec
1047 2182 1195 2241 diffidimus
1208 2183 1275 2254 quin
1289 2192 1399 2254 praestet
1415 2184 1487 2242 uires
1501 2184 1570 2257 ipsa,
1587 2199 1649 2256 quse
1661 2185 1772 2256 praesti·

145 2273 262 2330 fratrum
272 2274 402 2332 Ecclesia
412 2276 781 2344 nostroe,controrerslamet
792 2276 931 2349 querelam
985 2274 1018 2329 tit
1027 2274 1096 2330 selle
1110 2282 1138 2331 ct
1151 2276 1251 2345 gratia,
1262 2273 1412 2331 dummodo
1424 2276 1522 2349 degere
1533 2276 1612 2333 uobis
1626 2277 1705 2332 detur
1717 2275 1777 2332 sina

144 2365 193 2421 diu
217 2367 289 2421 iuter
309 2366 463 2424 Eduensem
485 2377 514 2424 et
536 2366 751 2424 vizeliacensem
774 2367 933 2423 ventilatam
984 2365 1107 2434 querela.
1121 2362 1192 2432 Quia
1202 2379 1268 2421 vero
1278 2365 1412 2436 aliquanti
1428 2365 1489 2421 loco
1502 2365 1776 2433 mercenarii,etaon

146 2456 193 2511 tali
208 2465 305 2513 tenme
316 2457 425 2514 amicali
437 2458 637 2528 compositione
644 2458 761 2528 sopitam
774 2472 836 2515 esse
848 2457 934 2525 solui,
985 2463 1085 2511 natura
1099 2454 1159 2523 dlii,
1172 2469 1223 2511 sua
1240 2463 1406 2525 quaerentes,
1422 2465 1450 2511 et
1465 2471 1520 2511 nou
1535 2471 1596 2526 quse
1622 2463 1688 2513 suut
1711 2455 1776 2511 atle-

147 2555 179 2601 ut
194 2546 222 2602 in
244 2547 315 2603 bona
332 2562 400 2617 pace
415 2556 442 2603 et
460 2549 608 2604 concordia
624 2556 680 2603 tam
699 2563 750 2619 ego
763 2564 846 2619 quarn
863 2548 935 2604 Poo-
985 2543 1025 2615 pti
1048 2543 1144 2611 oflicii,
1168 2546 1197 2601 iu
1223 2545 1366 2602 murmurii
1390 2560 1487 2612 eausa,
1514 2546 1557 2602 rel
1586 2545 1639 2602 sub
1662 2547 1775 2602 obtentu

146 2638 202 2696 tius
215 2639 300 2696 abbas
312 2640 448 2709 praedicta
457 2639 587 2695 Ecclesiae
600 2654 812 2720 permaneamus
826 2649 855 2695 et
872 2655 935 2711 per-
984 2633 1142 2691 eomnmnis
1166 2650 1258 2692 causa
1280 2635 1394 2707 propria
1415 2643 1556 2692 mantus
1581 2637 1775 2705 emolumenta,

147 2731 291 2798 sistamus,
306 2731 382 2786 salso
396 2731 459 2801 jure
474 2731 502 2785 in
516 2731 571 2785 sita
585 2745 646 2785 mea
662 2737 690 2786 et
701 2730 852 2802 privilegiis
866 2730 935 2786 utri·
986 2725 1086 2782 nesab
1101 2725 1155 2783 bac
1169 2727 1261 2798 specie
1281 2726 1351 2783 adeo
1371 2736 1491 2785 mentem
1514 2726 1673 2784 defaecatam
1690 2729 1776 2800 gossi-

147 2834 236 2888 usquc
257 2818 390 2875 ecclesiae.
413 2819 576 2876 Praedictum
600 2827 693 2876 autem
719 2820 970 2892 transactioncmc
987 2832 1060 2880 mus.
1078 2815 1182 2872 uitulo
1201 2824 1229 2872 el
1242 2814 1365 2887 ,simplici
1387 2825 1512 2888 respectu
1534 2818 1689 2874 eommunis
1710 2819 1776 2874 betti

148 2907 207 2964 tiae
220 2908 447 2978 compositionem
471 2925 516 2965 me
539 2911 687 2981 superstite
699 2919 788 2965 ratam
807 2924 869 2967 esse
888 2910 937 2965 de·
986 2920 1037 2978 pro
1055 2908 1197 2963 mmmuni
1222 2907 1296 2963 bono
1316 2906 1352 2962 ad
1366 2921 1513 2963 commune
1526 2907 1630 2963 bonum
1643 2907 1688 2965 fris
1709 2923 1775 2979 ope-

147 3013 242 3064 cerno,
255 2999 325 3054 adeo
340 3009 370 3055 ut
384 3008 576 3070 postmortem
588 3017 677 3057 meam
689 3001 794 3056 nullum
808 3000 937 3072 praeiudi·
986 3013 1047 3055 ram
1061 2998 1230 3055 dederimus.
1244 2996 1317 3054 Sane
1337 3013 1412 3069 spem
1438 3006 1562 3055 nostram
1578 2997 1606 3053 in
1623 3013 1656 3054 eo
1674 2998 1732 3055 solo
1748 3008 1776 3055 et

147 3088 220 3145 tium
232 3097 348 3159 utraque
361 3088 482 3146 Ecclesia
494 3090 558 3147 irinc
569 3091 699 3162 patiatur.
715 3091 811 3148 Testes
822 3099 888 3147 suut
900 3105 935 3146 ex
985 3090 1021 3145 ad
1033 3105 1096 3147 eunt
1109 3090 1200 3147 solum
1215 3088 1394 3158 contulimus,
1406 3088 1455 3160 qui
1474 3089 1581 3144 nullum
1592 3088 1695 3150 bonum
1713 3103 1776 3150 esse

147 3186 225 3250 parte
239 3179 400 3249 utriusque:
417 3178 579 3237 Guillelmus
590 3180 675 3237 abbas
691 3179 845 3250 Eontcueti,
857 3179 935 3253 liugo
981 3179 1111 3267 ‚deceruit
1124 3180 1358 3237 irremuneratum
1370 3178 1406 3235 ab
1416 3193 1476 3237 ero
1496 3190 1630 3251 eiusque
1648 3179 1676 3235 iu
1694 3187 1776 3238 aeicr·

148 3268 232 3326 abbas
252 3268 287 3325 de
307 3267 446 3338 busseria,
459 3269 557 3329 Petrus
570 3272 656 3328 abbas
681 3272 716 3328 de
728 3272 820 3330 bieme
840 3271 933 3329 Sancti
980 3285 1063 3329 mum.

184 3426 223 3497 (ὅ)
243 3425 345 3483 Solent.
371 3425 417 3483 Sic
434 3426 541 3482 restitui
558 3445 566 3483 ε
585 3427 689 3485 editum
702 3439 762 3484 crat
777 3426 892 3498 Semper,

705 3793 887 3884 arsen
921 3739 1193 3901 rasurus

152 4139 265 4195 Pontias
280 4137 405 4193 cibatum
421 4136 494 4208 regui
508 4135 677 4193 celeberrima
689 4137 783 4204 sirius,
951 4139 973 4196 Ι)
1022 4133 1111 4205 Elegit
1123 4133 1208 4207 pratia
1224 4132 1335 4203 peredere
1347 4138 1442 4197 memte,
1454 4142 1554 4184 mortu:

190 4228 379 4286 vizeliacenses
391 4229 575 4299 sorteregeiat
590 4244 659 4285 ures.
990 4225 1112 4297 Perlege,
1132 4239 1271 4296 cognosces
1292 4231 1421 4293 quautam
1438 4220 1511 4288 beas,
1530 4232 1610 4290 qaam
1629 4216 1760 4289 sapienter
1780 4244 1783 4248 v

151 4322 272 4395 Dumque
291 4321 342 4377 sibi
356 4337 460 4378 morum
478 4330 558 4395 parat
572 4321 748 4378 iustrumenta
760 4319 896 4387 benorum,
1024 4315 1161 4389 Quamque
1174 4331 1222 4372 suo
1238 4313 1341 4385 fulgeas
1352 4313 1444 4367 ordine
1457 4318 1548 4366 currat
1568 4324 1643 4379 opus.

184 4414 257 4470 fiam
271 4414 323 4470 sibi
337 4416 484 4470 commisere
493 4414 612 4486 prouder
624 4412 769 4479 Ecclesia:
989 4409 1087 4468 lueida
1098 4408 1191 4481 liupaa
1203 4416 1272 4475 tace,
1286 4406 1329 4461 rui
1346 4407 1432 4460 uirtus
1444 4411 1484 4459 est
1494 4402 1616 4468 inimica,

151 4504 271 4562 Sascitut
292 4504 420 4561 inuidiam
434 4505 511 4562 turba
523 4505 655 4561 turbatior
664 4505 747 4571 omrai,
1023 4498 1074 4557 dui
1088 4515 1191 4570 semper
1204 4497 1323 4553 stadium
1333 4495 1398 4552 setta
1408 4508 1501 4550 suasere
1512 4492 1596 4547 bortis.
1610 4545 1615 4550 .

185 4597 326 4658 semorum
339 4597 368 4652 iu
378 4597 514 4652 domiuum
528 4596 654 4652 seditiosa
668 4612 779 4654 masur,
1022 4588 1105 4646 iussa
1126 4589 1218 4644 Pontii
1231 4586 1334 4643 abbatis
1346 4585 1374 4640 id
1386 4600 1451 4655 opus
1462 4591 1774 4654 asemr'ateppresms,

152 4689 231 4745 Plebs
245 4698 351 4745 armata
361 4688 442 4757 dola,
453 4689 509 4744 dua
522 4697 548 4744 et
561 4689 605 4744 uia
620 4688 776 4760 proditioni,
988 4680 1076 4737 Graeci
1086 4678 1229 4752 cujusdam
1241 4675 1459 4735 famosissimum
1478 4673 1576 4731 lemur»
1586 4672 1775 4745 proverbium,

189 4778 323 4852 Fraapere
335 4780 413 4836 dueta
428 4780 510 4851 fares,
521 4790 546 4836 et
556 4780 671 4852 spoliare
681 4778 783 4834 domos.
988 4770 1061 4844 quod
1077 4769 1105 4825 ln
1127 4769 1235 4846 tripoda
1262 4765 1397 4840 llpollinis
1407 4765 1508 4823 dicitur
1521 4765 1663 4822 inuentum
1679 4781 1686 4820 r
1702 4759 1775 4819 sao

153 4870 269 4928 AEdibas
283 4888 351 4927 ausa
361 4857 455 4926 debias
472 4871 604 4928 assaltum
617 4871 759 4942 impingere
771 4885 866 4939 sacru,
988 4871 1014 4918 te
1026 4862 1124 4933 ipsum,
1138 4869 1164 4916 et
1175 4860 1232 4916 tide
1242 4868 1276 4915 te
1285 4860 1382 4931 ipsum.
1407 4856 1481 4914 Nihil
1493 4857 1529 4913 in
1545 4857 1665 4942 bumana
1678 4863 1777 4911 natura

191 4960 275 5033 lupae
290 4978 377 5019 aecem
390 4962 491 5018 domiai
506 4972 611 5035 taapem
624 4978 702 5017 saera
714 4973 812 5014 meaa:
989 4961 1106 5025 utroque
1116 4951 1230 5016 elarius,
1254 4949 1323 5007 nibil
1337 4949 1497 5022 pretiosius,
1513 4947 1583 5003 uibil
1600 4944 1718 5016 denique
1728 4958 1776 5000 ex-

154 5051 221 5119 bae
231 5054 389 5126 metamor
400 5053 490 5108 clades
503 5053 589 5109 rabies
600 5052 753 5123 complesset
765 5051 867 5121 iaipaa,
989 5044 1142 5102 cellentius.
1159 5041 1213 5099 Per
1236 5042 1297 5098 baso
1307 5041 1427 5113 quipppe
1444 5038 1576 5111 singulari
1597 5033 1776 5107 praerogatira

191 5140 229 5197 lii
243 5142 351 5199 referem
367 5143 481 5216 prudeus
493 5140 562 5198 abia
575 5141 677 5197 tulisset
691 5140 787 5212 opem?
988 5136 1165 5209 passibilibus
1177 5134 1284 5192 cunctis
1303 5133 1385 5190 bomo
1411 5129 1565 5203 praeicrtur,
1591 5139 1619 5186 ct
1654 5139 1776 5184 carraesa

156 5235 185 5293 Si
201 5252 288 5292 rerum
299 5252 393 5291 causas
407 5235 505 5306 guaris
515 5251 680 5306 cognoscere,
694 5231 787 5299 iector,
989 5231 1094 5286 unitate
1106 5226 1320 5299 impassibilibus
1333 5237 1443 5296 quoque
1457 5221 1643 5294 conjungitur.
1664 5218 1713 5276 Est
1723 5232 1776 5289 au·

187 5328 333 5384 Praesentia
345 5326 409 5381 libri
419 5327 519 5399 papiae
529 5326 624 5396 pandet
637 5326 698 5381 iter.
988 5330 1043 5378 tenr
1058 5320 1130 5377 scire
1140 5318 1271 5384 mosum,
1287 5314 1406 5388 proprie
1429 5310 1571 5386 diguitatis
1590 5306 1775 5367 conditionem
1876 5321 1882 5332 “

156 5420 233 5479 fiam
245 5420 293 5477 tibi
304 5429 393 5478 auster
406 5417 484 5492 liuga
497 5419 537 5477 eir
547 5427 683 5477 stemmate
696 5416 895 5487 f’ietuuierrsis,¹
990 5426 1073 5472 nosse
1083 5419 1166 5484 atque
1178 5409 1344 5482 iutelligere;
1369 5407 1461 5467 uidere
1475 5419 1586 5480 quoque
1599 5403 1720 5475 seipsum
1733 5402 1783 5454 esi

639 5683 657 5716 Ι
