<?xml version="1.0" encoding="UTF-8"?>
<!DOCTYPE html PUBLIC "-//W3C//DTD XHTML 1.0 Transitional//EN"
    "http://www.w3.org/TR/xhtml1/DTD/xhtml1-transitional.dtd">
<html xmlns="http://www.w3.org/1999/xhtml" xml:lang="en" lang="en">
 <head>
  <title>
</title>
<meta http-equiv="Content-Type" content="text/html;charset=utf-8" />
  <meta name='ocr-system' content='tesseract 3.04.00' />
  <meta name='ocr-capabilities' content='ocr_page ocr_carea ocr_par ocr_line ocrx_word'/>
</head>
<body>
  <div class='ocr_page' id='page_1' title='image "./patrologiaecurs03berngoog_0182.png"; bbox 0 0 3892 6067; ppageno 0'>
   <div class='ocr_carea' id='block_1_1' title="bbox 109 243 1746 338">
    <p class='ocr_par' dir='ltr' id='par_1_1' title="bbox 109 243 1746 338">
     <span class='ocr_line' id='line_1_1' title="bbox 109 243 1746 338; baseline 0.007 -23"><span class='ocrx_word' id='word_1_1' title='bbox 109 258 173 325; x_wconf 77' lang='lat' dir='ltr'>stc</span> <span class='ocrx_word' id='word_1_2' title='bbox 405 243 683 319; x_wconf 75' lang='lat' dir='ltr'>demerserunt</span> <span class='ocrx_word' id='word_1_3' title='bbox 703 261 737 319; x_wconf 83' lang='lat' dir='ltr'>ns</span> <span class='ocrx_word' id='word_1_4' title='bbox 755 262 924 323; x_wconf 78' lang='lat' dir='ltr'>essenos.</span> <span class='ocrx_word' id='word_1_5' title='bbox 944 254 980 310; x_wconf 74' lang='grc'>’-</span> <span class='ocrx_word' id='word_1_6' title='bbox 997 266 1087 323; x_wconf 78' lang='lat' dir='ltr'>rans</span> <span class='ocrx_word' id='word_1_7' title='bbox 1113 266 1167 323; x_wconf 85' lang='grc' dir='ltr'>ιιι.</span> <span class='ocrx_word' id='word_1_8' title='bbox 1179 298 1214 312; x_wconf 86' lang='lat'>-</span> <span class='ocrx_word' id='word_1_9' title='bbox 1230 266 1329 324; x_wconf 79' lang='lat' dir='ltr'>essu.</span> <span class='ocrx_word' id='word_1_10' title='bbox 1348 269 1453 327; x_wconf 81' lang='grc' dir='ltr'>ιιιιιιι.</span> <span class='ocrx_word' id='word_1_11' title='bbox 1692 281 1746 338; x_wconf 68' lang='lat' dir='ltr'>sss</span> 
     </span>
    </p>
   </div>
   <div class='ocr_carea' id='block_1_2' title="bbox 109 367 1765 4010">
    <p class='ocr_par' dir='ltr' id='par_1_2' title="bbox 109 367 1748 555">
     <span class='ocr_line' id='line_1_2' title="bbox 112 367 1746 449; baseline 0.016 -26"><span class='ocrx_word' id='word_1_12' title='bbox 112 367 260 424; x_wconf 71' lang='lat' dir='ltr'>lesionem</span> <span class='ocrx_word' id='word_1_13' title='bbox 273 367 393 440; x_wconf 78' lang='lat' dir='ltr'>proximi</span> <span class='ocrx_word' id='word_1_14' title='bbox 415 372 563 430; x_wconf 91' lang='lat' dir='ltr'>ostendunt</span> <span class='ocrx_word' id='word_1_15' title='bbox 585 375 672 433; x_wconf 89' lang='lat' dir='ltr'>illam.</span> <span class='ocrx_word' id='word_1_16' title='bbox 685 374 754 432; x_wconf 84' lang='lat' dir='ltr'>Nam</span> <span class='ocrx_word' id='word_1_17' title='bbox 767 377 845 448; x_wconf 84' lang='lat' dir='ltr'>quasi</span> <span class='ocrx_word' id='word_1_18' title='bbox 862 393 906 435; x_wconf 92' lang='lat' dir='ltr'>re-</span> <span class='ocrx_word' id='word_1_19' title='bbox 919 384 943 442; x_wconf 74' lang='grc' dir='ltr'><strong>Α</strong></span> <span class='ocrx_word' id='word_1_20' title='bbox 956 394 1048 433; x_wconf 80' lang='lat' dir='ltr'>eorum</span> <span class='ocrx_word' id='word_1_21' title='bbox 1063 380 1187 434; x_wconf 73' lang='lat' dir='ltr'>transivit</span> <span class='ocrx_word' id='word_1_22' title='bbox 1200 381 1228 435; x_wconf 84' lang='lat' dir='ltr'>in</span> <span class='ocrx_word' id='word_1_23' title='bbox 1240 392 1320 437; x_wconf 81' lang='lat' dir='ltr'>terre.</span> <span class='ocrx_word' id='word_1_24' title='bbox 1348 381 1497 439; x_wconf 81' lang='lat' dir='ltr'>Posnernnt</span> <span class='ocrx_word' id='word_1_25' title='bbox 1508 401 1537 440; x_wconf 89' lang='lat' dir='ltr'>os</span> <span class='ocrx_word' id='word_1_26' title='bbox 1549 387 1578 442; x_wconf 82' lang='lat' dir='ltr'>s&#39;n</span> <span class='ocrx_word' id='word_1_27' title='bbox 1592 391 1687 446; x_wconf 82' lang='lat' dir='ltr'>celum</span> <span class='ocrx_word' id='word_1_28' title='bbox 1703 394 1746 449; x_wconf 85' lang='lat' dir='ltr'>ni·</span> 
     </span>
     <span class='ocr_line' id='line_1_3' title="bbox 109 462 1748 555; baseline 0.016 -41"><span class='ocrx_word' id='word_1_29' title='bbox 109 463 241 517; x_wconf 87' lang='lat' dir='ltr'>dundans</span> <span class='ocrx_word' id='word_1_30' title='bbox 255 463 291 517; x_wconf 86' lang='lat' dir='ltr'>ab</span> <span class='ocrx_word' id='word_1_31' title='bbox 305 462 379 519; x_wconf 87' lang='lat' dir='ltr'>intus</span> <span class='ocrx_word' id='word_1_32' title='bbox 391 462 476 521; x_wconf 88' lang='lat' dir='ltr'>laras.</span> <span class='ocrx_word' id='word_1_33' title='bbox 957 471 1108 540; x_wconf 88' lang='lat' dir='ltr'>tuperaudo</span> <span class='ocrx_word' id='word_1_34' title='bbox 1119 471 1206 527; x_wconf 88' lang='lat' dir='ltr'>bonos</span> <span class='ocrx_word' id='word_1_35' title='bbox 1219 482 1247 528; x_wconf 89' lang='lat' dir='ltr'>et</span> <span class='ocrx_word' id='word_1_36' title='bbox 1258 484 1379 541; x_wconf 84' lang='lat' dir='ltr'>sanctos,</span> <span class='ocrx_word' id='word_1_37' title='bbox 1391 476 1438 545; x_wconf 84' lang='lat' dir='ltr'>qui</span> <span class='ocrx_word' id='word_1_38' title='bbox 1453 478 1637 547; x_wconf 72' lang='lat' dir='ltr'>centemnunt,</span> <span class='ocrx_word' id='word_1_39' title='bbox 1649 483 1676 538; x_wconf 91' lang='lat' dir='ltr'>in</span> <span class='ocrx_word' id='word_1_40' title='bbox 1691 500 1748 555; x_wconf 86' lang='lat' dir='ltr'>quo</span> 
     </span>
    </p>

    <p class='ocr_par' dir='ltr' id='par_1_3' title="bbox 109 550 1750 2643">
     <span class='ocr_line' id='line_1_4' title="bbox 147 550 1747 634; baseline 0.016 -28"><span class='ocrx_word' id='word_1_41' title='bbox 147 550 233 609; x_wconf 72' lang='lat' dir='ltr'>ires.</span> <span class='ocrx_word' id='word_1_42' title='bbox 254 552 281 608; x_wconf 81' lang='lat' dir='ltr'>i.</span> <span class='ocrx_word' id='word_1_43' title='bbox 300 552 405 609; x_wconf 82' lang='lat' dir='ltr'>Prodiit</span> <span class='ocrx_word' id='word_1_44' title='bbox 423 557 553 628; x_wconf 82' lang='lat' dir='ltr'>iniquitas</span> <span class='ocrx_word' id='word_1_45' title='bbox 568 575 659 615; x_wconf 85' lang='lat' dir='ltr'>eornm</span> <span class='ocrx_word' id='word_1_46' title='bbox 677 576 733 619; x_wconf 93' lang='lat' dir='ltr'>nou</span> <span class='ocrx_word' id='word_1_47' title='bbox 748 578 781 618; x_wconf 80' lang='lat' dir='ltr'>ex</span> <span class='ocrx_word' id='word_1_48' title='bbox 796 563 906 619; x_wconf 86' lang='lat' dir='ltr'>malitiae</span> <span class='ocrx_word' id='word_1_49' title='bbox 957 559 1030 617; x_wconf 76' lang='lat' dir='ltr'>licus</span> <span class='ocrx_word' id='word_1_50' title='bbox 1048 562 1165 628; x_wconf 85' lang='lat' dir='ltr'>habitat,</span> <span class='ocrx_word' id='word_1_51' title='bbox 1191 564 1239 634; x_wconf 84' lang='lat' dir='ltr'>qui</span> <span class='ocrx_word' id='word_1_52' title='bbox 1253 565 1321 620; x_wconf 92' lang='lat' dir='ltr'>dicit</span> <span class='ocrx_word' id='word_1_53' title='bbox 1344 586 1350 621; x_wconf 95' lang='lat'><strong>:</strong></span> <span class='ocrx_word' id='word_1_54' title='bbox 1368 566 1499 623; x_wconf 79' lang='lat' dir='ltr'>«Cretum</span> <span class='ocrx_word' id='word_1_55' title='bbox 1519 569 1587 624; x_wconf 93' lang='lat' dir='ltr'>mihi</span> <span class='ocrx_word' id='word_1_56' title='bbox 1609 573 1689 629; x_wconf 86' lang='lat' dir='ltr'>sedes</span> <span class='ocrx_word' id='word_1_57' title='bbox 1704 584 1747 631; x_wconf 89' lang='lat' dir='ltr'>est</span> 
     </span>
     <span class='ocr_line' id='line_1_5' title="bbox 110 641 1748 730; baseline 0.018 -36"><span class='ocrx_word' id='word_1_58' title='bbox 110 641 287 708; x_wconf 86' lang='lat' dir='ltr'>necessitate,</span> <span class='ocrx_word' id='word_1_59' title='bbox 310 643 383 699; x_wconf 87' lang='lat' dir='ltr'>sicut</span> <span class='ocrx_word' id='word_1_60' title='bbox 405 644 510 702; x_wconf 89' lang='lat' dir='ltr'>btcum</span> <span class='ocrx_word' id='word_1_61' title='bbox 525 649 588 719; x_wconf 88' lang='lat' dir='ltr'>qrris</span> <span class='ocrx_word' id='word_1_62' title='bbox 609 648 717 707; x_wconf 87' lang='lat' dir='ltr'>luratnr</span> <span class='ocrx_word' id='word_1_63' title='bbox 743 654 906 709; x_wconf 71' lang='lat' dir='ltr'>necessitate</span> <span class='ocrx_word' id='word_1_64' title='bbox 957 651 1028 722; x_wconf 85' lang='lat' dir='ltr'>(lsn.</span> <span class='ocrx_word' id='word_1_65' title='bbox 1050 669 1123 719; x_wconf 87' lang='lat' dir='ltr'>cxsr,</span> <span class='ocrx_word' id='word_1_66' title='bbox 1141 655 1205 723; x_wconf 79' lang='grc' dir='ltr'>1).ι</span> <span class='ocrx_word' id='word_1_67' title='bbox 1232 653 1307 711; x_wconf 87' lang='lat' dir='ltr'>Unde</span> <span class='ocrx_word' id='word_1_68' title='bbox 1322 657 1414 712; x_wconf 88' lang='lat' dir='ltr'>anima</span> <span class='ocrx_word' id='word_1_69' title='bbox 1426 658 1506 728; x_wconf 81' lang='lat' dir='ltr'>justi,</span> <span class='ocrx_word' id='word_1_70' title='bbox 1522 675 1584 730; x_wconf 80' lang='lat' dir='ltr'>qnae</span> <span class='ocrx_word' id='word_1_71' title='bbox 1607 662 1686 719; x_wconf 86' lang='lat' dir='ltr'>sedes</span> <span class='ocrx_word' id='word_1_72' title='bbox 1705 676 1748 722; x_wconf 89' lang='lat' dir='ltr'>est</span> 
     </span>
     <span class='ocr_line' id='line_1_6' title="bbox 110 733 1746 819; baseline 0.017 -36"><span class='ocrx_word' id='word_1_73' title='bbox 110 733 156 787; x_wconf 86' lang='lat' dir='ltr'>rel</span> <span class='ocrx_word' id='word_1_74' title='bbox 173 743 298 802; x_wconf 76' lang='lat' dir='ltr'>egestate</span> <span class='ocrx_word' id='word_1_75' title='bbox 311 735 502 805; x_wconf 75' lang='lat' dir='ltr'>compellente,</span> <span class='ocrx_word' id='word_1_76' title='bbox 517 739 564 793; x_wconf 89' lang='lat' dir='ltr'>sed</span> <span class='ocrx_word' id='word_1_77' title='bbox 577 742 654 810; x_wconf 81' lang='lat' dir='ltr'>quasi</span> <span class='ocrx_word' id='word_1_78' title='bbox 664 758 696 795; x_wconf 80' lang='lat' dir='ltr'>es</span> <span class='ocrx_word' id='word_1_79' title='bbox 709 743 787 813; x_wconf 83' lang='lat' dir='ltr'>adipe</span> <span class='ocrx_word' id='word_1_80' title='bbox 801 743 835 798; x_wconf 91' lang='lat' dir='ltr'>de</span> <span class='ocrx_word' id='word_1_81' title='bbox 848 744 905 799; x_wconf 89' lang='lat' dir='ltr'>sola</span> <span class='ocrx_word' id='word_1_82' title='bbox 957 744 1110 813; x_wconf 82' lang='lat' dir='ltr'>sapientiae.</span> <span class='ocrx_word' id='word_1_83' title='bbox 1136 746 1247 815; x_wconf 86' lang='lat' dir='ltr'>quando</span> <span class='ocrx_word' id='word_1_84' title='bbox 1267 763 1282 801; x_wconf 86' lang='lat' dir='ltr'>a</span> <span class='ocrx_word' id='word_1_85' title='bbox 1299 748 1379 804; x_wconf 91' lang='lat' dir='ltr'>malis</span> <span class='ocrx_word' id='word_1_86' title='bbox 1399 750 1566 819; x_wconf 75' lang='lat' dir='ltr'>injuriatur,</span> <span class='ocrx_word' id='word_1_87' title='bbox 1588 755 1681 809; x_wconf 83' lang='lat' dir='ltr'>coehnn</span> <span class='ocrx_word' id='word_1_88' title='bbox 1698 755 1746 811; x_wconf 84' lang='lat' dir='ltr'>lici</span> 
     </span>
     <span class='ocr_line' id='line_1_7' title="bbox 110 823 1746 913; baseline 0.015 -36"><span class='ocrx_word' id='word_1_89' title='bbox 110 823 240 880; x_wconf 84' lang='lat' dir='ltr'>ridelieet</span> <span class='ocrx_word' id='word_1_90' title='bbox 253 825 384 895; x_wconf 89' lang='lat' dir='ltr'>peccandi</span> <span class='ocrx_word' id='word_1_91' title='bbox 400 826 523 896; x_wconf 82' lang='lat' dir='ltr'>libidine,</span> <span class='ocrx_word' id='word_1_92' title='bbox 540 830 725 887; x_wconf 85' lang='lat' dir='ltr'>incrassatam</span> <span class='ocrx_word' id='word_1_93' title='bbox 737 848 785 889; x_wconf 92' lang='lat' dir='ltr'>cor</span> <span class='ocrx_word' id='word_1_94' title='bbox 799 834 905 890; x_wconf 85' lang='lat' dir='ltr'>haben-</span> <span class='ocrx_word' id='word_1_95' title='bbox 957 834 1036 889; x_wconf 89' lang='lat' dir='ltr'>sedes</span> <span class='ocrx_word' id='word_1_96' title='bbox 1046 836 1146 892; x_wconf 88' lang='lat' dir='ltr'>talibus</span> <span class='ocrx_word' id='word_1_97' title='bbox 1154 837 1263 906; x_wconf 84' lang='lat' dir='ltr'>injuriis</span> <span class='ocrx_word' id='word_1_98' title='bbox 1274 839 1409 909; x_wconf 83' lang='lat' dir='ltr'>pulsatur,</span> <span class='ocrx_word' id='word_1_99' title='bbox 1421 850 1449 897; x_wconf 95' lang='lat' dir='ltr'>et</span> <span class='ocrx_word' id='word_1_100' title='bbox 1463 842 1497 902; x_wconf 82' lang='lat' dir='ltr'>is.</span> <span class='ocrx_word' id='word_1_101' title='bbox 1516 844 1562 913; x_wconf 85' lang='lat' dir='ltr'>qni</span> <span class='ocrx_word' id='word_1_102' title='bbox 1576 847 1651 901; x_wconf 91' lang='lat' dir='ltr'>sedet</span> <span class='ocrx_word' id='word_1_103' title='bbox 1665 848 1692 901; x_wconf 92' lang='lat' dir='ltr'>in</span> <span class='ocrx_word' id='word_1_104' title='bbox 1702 863 1746 913; x_wconf 80' lang='lat' dir='ltr'>ea.</span> 
     </span>
     <span class='ocr_line' id='line_1_8' title="bbox 110 915 1747 1000; baseline 0.015 -31"><span class='ocrx_word' id='word_1_105' title='bbox 110 925 180 999; x_wconf 25' lang='lat' dir='ltr'>tes..</span> <span class='ocrx_word' id='word_1_106' title='bbox 195 924 223 970; x_wconf 92' lang='lat' dir='ltr'>et</span> <span class='ocrx_word' id='word_1_107' title='bbox 244 915 404 989; x_wconf 84' lang='lat' dir='ltr'>hujusmodl</span> <span class='ocrx_word' id='word_1_108' title='bbox 424 918 634 975; x_wconf 88' lang='lat' dir='ltr'>crassitudinem</span> <span class='ocrx_word' id='word_1_109' title='bbox 657 936 706 992; x_wconf 92' lang='lat' dir='ltr'>per</span> <span class='ocrx_word' id='word_1_110' title='bbox 727 937 810 993; x_wconf 86' lang='lat' dir='ltr'>opera</span> <span class='ocrx_word' id='word_1_111' title='bbox 834 923 905 979; x_wconf 88' lang='lat' dir='ltr'>mala</span> <span class='ocrx_word' id='word_1_112' title='bbox 956 926 1147 982; x_wconf 87' lang='lat' dir='ltr'>inhonoratur.</span> <span class='ocrx_word' id='word_1_113' title='bbox 1164 926 1258 1000; x_wconf 83' lang='lat' dir='ltr'>Neque</span> <span class='ocrx_word' id='word_1_114' title='bbox 1272 945 1337 986; x_wconf 81' lang='lat' dir='ltr'>nero</span> <span class='ocrx_word' id='word_1_115' title='bbox 1357 930 1457 988; x_wconf 84' lang='lat' dir='ltr'>sufficit</span> <span class='ocrx_word' id='word_1_116' title='bbox 1480 934 1534 989; x_wconf 90' lang='lat' dir='ltr'>illis</span> <span class='ocrx_word' id='word_1_117' title='bbox 1552 934 1637 991; x_wconf 82' lang='lat' dir='ltr'>licum</span> <span class='ocrx_word' id='word_1_118' title='bbox 1655 939 1696 993; x_wconf 90' lang='lat' dir='ltr'>sie</span> <span class='ocrx_word' id='word_1_119' title='bbox 1718 941 1747 993; x_wconf 92' lang='lat' dir='ltr'>in</span> 
     </span>
     <span class='ocr_line' id='line_1_9' title="bbox 110 1004 1749 1099; baseline 0.015 -39"><span class='ocrx_word' id='word_1_120' title='bbox 110 1004 291 1062; x_wconf 74' lang='lat' dir='ltr'>ostendentes</span> <span class='ocrx_word' id='word_1_121' title='bbox 306 1008 470 1062; x_wconf 83' lang='lat' dir='ltr'>transierunt</span> <span class='ocrx_word' id='word_1_122' title='bbox 489 1010 518 1063; x_wconf 81' lang='lat' dir='ltr'>in</span> <span class='ocrx_word' id='word_1_123' title='bbox 540 1010 639 1079; x_wconf 77' lang='lat' dir='ltr'>affeetu</span> <span class='ocrx_word' id='word_1_124' title='bbox 657 1013 755 1068; x_wconf 81' lang='lat' dir='ltr'>cordis.</span> <span class='ocrx_word' id='word_1_125' title='bbox 782 1013 907 1070; x_wconf 77' lang='lat' dir='ltr'>Transie-</span> <span class='ocrx_word' id='word_1_126' title='bbox 956 1018 1027 1074; x_wconf 85' lang='lat' dir='ltr'>coelo</span> <span class='ocrx_word' id='word_1_127' title='bbox 1043 1033 1106 1084; x_wconf 84' lang='lat' dir='ltr'>suo,</span> <span class='ocrx_word' id='word_1_128' title='bbox 1119 1019 1146 1073; x_wconf 91' lang='lat' dir='ltr'>in</span> <span class='ocrx_word' id='word_1_129' title='bbox 1162 1021 1226 1076; x_wconf 86' lang='lat' dir='ltr'>sede</span> <span class='ocrx_word' id='word_1_130' title='bbox 1237 1037 1287 1077; x_wconf 87' lang='lat' dir='ltr'>sna</span> <span class='ocrx_word' id='word_1_131' title='bbox 1309 1022 1476 1080; x_wconf 78' lang='lat' dir='ltr'>inhonorare</span> <span class='ocrx_word' id='word_1_132' title='bbox 1488 1043 1496 1092; x_wconf 79' lang='lat'><em>3</em></span> <span class='ocrx_word' id='word_1_133' title='bbox 1510 1027 1558 1082; x_wconf 85' lang='lat' dir='ltr'>sed</span> <span class='ocrx_word' id='word_1_134' title='bbox 1573 1027 1678 1083; x_wconf 87' lang='lat' dir='ltr'>addunt</span> <span class='ocrx_word' id='word_1_135' title='bbox 1689 1043 1749 1099; x_wconf 82' lang='lat' dir='ltr'>pec·</span> 
     </span>
     <span class='ocr_line' id='line_1_10' title="bbox 111 1097 1749 1187; baseline 0.014 -36"><span class='ocrx_word' id='word_1_136' title='bbox 111 1107 176 1151; x_wconf 84' lang='lat' dir='ltr'>ruat</span> <span class='ocrx_word' id='word_1_137' title='bbox 195 1097 231 1152; x_wconf 83' lang='lat' dir='ltr'>de</span> <span class='ocrx_word' id='word_1_138' title='bbox 244 1097 312 1153; x_wconf 85' lang='lat' dir='ltr'>vitio</span> <span class='ocrx_word' id='word_1_139' title='bbox 327 1098 354 1153; x_wconf 93' lang='lat' dir='ltr'>in</span> <span class='ocrx_word' id='word_1_140' title='bbox 371 1098 468 1154; x_wconf 81' lang='lat' dir='ltr'>uitium</span> <span class='ocrx_word' id='word_1_141' title='bbox 481 1100 525 1155; x_wconf 85' lang='lat' dir='ltr'>uel</span> <span class='ocrx_word' id='word_1_142' title='bbox 540 1102 704 1157; x_wconf 69' lang='lat' dir='ltr'>transierunt</span> <span class='ocrx_word' id='word_1_143' title='bbox 714 1104 844 1161; x_wconf 81' lang='lat' dir='ltr'>audacter</span> <span class='ocrx_word' id='word_1_144' title='bbox 856 1122 906 1163; x_wconf 89' lang='lat' dir='ltr'>an-</span> <span class='ocrx_word' id='word_1_145' title='bbox 956 1117 1048 1162; x_wconf 88' lang='lat' dir='ltr'>catum</span> <span class='ocrx_word' id='word_1_146' title='bbox 1063 1117 1184 1178; x_wconf 88' lang='lat' dir='ltr'>peccato,</span> <span class='ocrx_word' id='word_1_147' title='bbox 1199 1119 1228 1164; x_wconf 91' lang='lat' dir='ltr'>ct</span> <span class='ocrx_word' id='word_1_148' title='bbox 1250 1110 1341 1182; x_wconf 71' lang='lat' dir='ltr'>linqua</span> <span class='ocrx_word' id='word_1_149' title='bbox 1353 1128 1443 1167; x_wconf 85' lang='lat' dir='ltr'>eorum</span> <span class='ocrx_word' id='word_1_150' title='bbox 1458 1116 1568 1178; x_wconf 83' lang='lat' dir='ltr'>transit.</span> <span class='ocrx_word' id='word_1_151' title='bbox 1582 1115 1663 1171; x_wconf 86' lang='lat' dir='ltr'>etiam</span> <span class='ocrx_word' id='word_1_152' title='bbox 1676 1133 1749 1187; x_wconf 84' lang='lat' dir='ltr'>saepe</span> 
     </span>
     <span class='ocr_line' id='line_1_11' title="bbox 110 1188 1748 1276; baseline 0.011 -32"><span class='ocrx_word' id='word_1_153' title='bbox 110 1190 206 1260; x_wconf 87' lang='lat' dir='ltr'>tiqrros</span> <span class='ocrx_word' id='word_1_154' title='bbox 224 1189 358 1245; x_wconf 86' lang='lat' dir='ltr'>terminos</span> <span class='ocrx_word' id='word_1_155' title='bbox 377 1188 501 1246; x_wconf 78' lang='lat' dir='ltr'>Petrum.</span> <span class='ocrx_word' id='word_1_156' title='bbox 518 1190 568 1248; x_wconf 85' lang='lat' dir='ltr'>Vel</span> <span class='ocrx_word' id='word_1_157' title='bbox 583 1196 744 1249; x_wconf 66' lang='lat' dir='ltr'>transerunt</span> <span class='ocrx_word' id='word_1_158' title='bbox 765 1197 836 1252; x_wconf 92' lang='lat' dir='ltr'>ultra</span> <span class='ocrx_word' id='word_1_159' title='bbox 849 1214 906 1254; x_wconf 93' lang='lat' dir='ltr'>me-</span> <span class='ocrx_word' id='word_1_160' title='bbox 958 1200 1081 1254; x_wconf 85' lang='lat' dir='ltr'>tronsr&#39;nit</span> <span class='ocrx_word' id='word_1_161' title='bbox 1103 1199 1173 1255; x_wconf 87' lang='lat' dir='ltr'>ultra</span> <span class='ocrx_word' id='word_1_162' title='bbox 1195 1201 1300 1269; x_wconf 82' lang='lat' dir='ltr'>calum,</span> <span class='ocrx_word' id='word_1_163' title='bbox 1315 1205 1451 1274; x_wconf 85' lang='lat' dir='ltr'>usquead</span> <span class='ocrx_word' id='word_1_164' title='bbox 1467 1206 1557 1276; x_wconf 92' lang='lat' dir='ltr'>ipsum</span> <span class='ocrx_word' id='word_1_165' title='bbox 1579 1205 1666 1263; x_wconf 85' lang='lat' dir='ltr'>Deum</span> <span class='ocrx_word' id='word_1_166' title='bbox 1684 1208 1748 1265; x_wconf 88' lang='lat' dir='ltr'>coeli</span> 
     </span>
     <span class='ocr_line' id='line_1_12' title="bbox 110 1281 1748 1369; baseline 0.01 -33"><span class='ocrx_word' id='word_1_167' title='bbox 110 1292 156 1337; x_wconf 88' lang='lat' dir='ltr'>tas</span> <span class='ocrx_word' id='word_1_168' title='bbox 168 1281 436 1341; x_wconf 84' lang='lat' dir='ltr'>consuetudinaliter</span> <span class='ocrx_word' id='word_1_169' title='bbox 453 1284 638 1353; x_wconf 86' lang='lat' dir='ltr'>peccantium,</span> <span class='ocrx_word' id='word_1_170' title='bbox 652 1287 764 1357; x_wconf 86' lang='lat' dir='ltr'>quando</span> <span class='ocrx_word' id='word_1_171' title='bbox 789 1289 866 1345; x_wconf 85' lang='lat' dir='ltr'>ibant</span> <span class='ocrx_word' id='word_1_172' title='bbox 878 1290 906 1345; x_wconf 88' lang='lat' dir='ltr'>ln</span> <span class='ocrx_word' id='word_1_173' title='bbox 956 1289 1213 1360; x_wconf 88' lang='lat' dir='ltr'>blasphemandum.</span> <span class='ocrx_word' id='word_1_174' title='bbox 1226 1291 1293 1347; x_wconf 89' lang='lat' dir='ltr'>llira</span> <span class='ocrx_word' id='word_1_175' title='bbox 1310 1297 1508 1367; x_wconf 84' lang='lat' dir='ltr'>praesumptiol</span> <span class='ocrx_word' id='word_1_176' title='bbox 1533 1297 1637 1369; x_wconf 72' lang='lat' dir='ltr'>Linque</span> <span class='ocrx_word' id='word_1_177' title='bbox 1656 1315 1748 1352; x_wconf 83' lang='lat' dir='ltr'>eorum</span> 
     </span>
     <span class='ocr_line' id='line_1_13' title="bbox 111 1376 1746 1459; baseline 0.009 -27"><span class='ocrx_word' id='word_1_178' title='bbox 111 1376 357 1432; x_wconf 76' lang='lat' dir='ltr'>adinventionibus</span> <span class='ocrx_word' id='word_1_179' title='bbox 378 1376 460 1444; x_wconf 85' lang='lat' dir='ltr'>suis,</span> <span class='ocrx_word' id='word_1_180' title='bbox 489 1392 561 1433; x_wconf 82' lang='lat' dir='ltr'>nora</span> <span class='ocrx_word' id='word_1_181' title='bbox 588 1388 616 1435; x_wconf 89' lang='lat' dir='ltr'>et</span> <span class='ocrx_word' id='word_1_182' title='bbox 640 1390 753 1437; x_wconf 88' lang='lat' dir='ltr'>catenus</span> <span class='ocrx_word' id='word_1_183' title='bbox 784 1381 906 1440; x_wconf 91' lang='lat' dir='ltr'>inaudita</span> <span class='ocrx_word' id='word_1_184' title='bbox 958 1383 1357 1451; x_wconf 79' lang='lat' dir='ltr'>transisitultraeoelum‚curn</span> <span class='ocrx_word' id='word_1_185' title='bbox 1372 1389 1646 1454; x_wconf 84' lang='lat' dir='ltr'>essetinterru,cum</span> <span class='ocrx_word' id='word_1_186' title='bbox 1662 1400 1746 1459; x_wconf 83' lang='lat' dir='ltr'>esset,</span> 
     </span>
     <span class='ocr_line' id='line_1_14' title="bbox 111 1467 1748 1546; baseline 0.007 -21"><span class='ocrx_word' id='word_1_187' title='bbox 111 1468 318 1530; x_wconf 75' lang='lat' dir='ltr'>committentes</span> <span class='ocrx_word' id='word_1_188' title='bbox 341 1467 455 1525; x_wconf 89' lang='lat' dir='ltr'>scelera.</span> <span class='ocrx_word' id='word_1_189' title='bbox 471 1467 521 1526; x_wconf 74' lang='lat' dir='ltr'>Vel</span> <span class='ocrx_word' id='word_1_190' title='bbox 542 1472 706 1526; x_wconf 83' lang='lat' dir='ltr'>transierunt</span> <span class='ocrx_word' id='word_1_191' title='bbox 721 1482 808 1531; x_wconf 90' lang='lat' dir='ltr'>metas</span> <span class='ocrx_word' id='word_1_192' title='bbox 828 1489 906 1532; x_wconf 91' lang='lat' dir='ltr'>com·</span> <span class='ocrx_word' id='word_1_193' title='bbox 959 1482 1080 1541; x_wconf 86' lang='lat' dir='ltr'>terrena,</span> <span class='ocrx_word' id='word_1_194' title='bbox 1099 1475 1264 1546; x_wconf 85' lang='lat' dir='ltr'>deberetque</span> <span class='ocrx_word' id='word_1_195' title='bbox 1279 1475 1323 1531; x_wconf 91' lang='lat' dir='ltr'>bis</span> <span class='ocrx_word' id='word_1_196' title='bbox 1336 1477 1470 1534; x_wconf 89' lang='lat' dir='ltr'>limitibus</span> <span class='ocrx_word' id='word_1_197' title='bbox 1484 1492 1545 1533; x_wconf 89' lang='lat' dir='ltr'>esse</span> <span class='ocrx_word' id='word_1_198' title='bbox 1556 1488 1696 1544; x_wconf 87' lang='lat' dir='ltr'>contenta,</span> <span class='ocrx_word' id='word_1_199' title='bbox 1713 1480 1748 1536; x_wconf 91' lang='lat' dir='ltr'>de</span> 
     </span>
     <span class='ocr_line' id='line_1_15' title="bbox 110 1558 1748 1636; baseline 0.005 -19"><span class='ocrx_word' id='word_1_200' title='bbox 110 1559 208 1617; x_wconf 80' lang='lat' dir='ltr'>munis</span> <span class='ocrx_word' id='word_1_201' title='bbox 224 1558 415 1624; x_wconf 82' lang='lat' dir='ltr'>htmtanitatis.</span> <span class='ocrx_word' id='word_1_202' title='bbox 438 1568 469 1617; x_wconf 92' lang='lat' dir='ltr'>ut</span> <span class='ocrx_word' id='word_1_203' title='bbox 482 1574 512 1616; x_wconf 90' lang='lat' dir='ltr'>se</span> <span class='ocrx_word' id='word_1_204' title='bbox 533 1575 589 1616; x_wconf 91' lang='lat' dir='ltr'>non</span> <span class='ocrx_word' id='word_1_205' title='bbox 612 1574 840 1633; x_wconf 75' lang='lat' dir='ltr'>recognoscerent</span> <span class='ocrx_word' id='word_1_206' title='bbox 854 1582 906 1623; x_wconf 78' lang='lat' dir='ltr'>cae-</span> <span class='ocrx_word' id='word_1_207' title='bbox 956 1565 1057 1636; x_wconf 81' lang='lat' dir='ltr'>qnibus</span> <span class='ocrx_word' id='word_1_208' title='bbox 1072 1566 1140 1621; x_wconf 88' lang='lat' dir='ltr'>alias</span> <span class='ocrx_word' id='word_1_209' title='bbox 1154 1566 1275 1622; x_wconf 89' lang='lat' dir='ltr'>dicitur:</span> <span class='ocrx_word' id='word_1_210' title='bbox 1293 1586 1302 1619; x_wconf 93' lang='grc' dir='ltr'>ι</span> <span class='ocrx_word' id='word_1_211' title='bbox 1317 1566 1369 1634; x_wconf 83' lang='lat' dir='ltr'>Qui</span> <span class='ocrx_word' id='word_1_212' title='bbox 1384 1568 1502 1623; x_wconf 86' lang='lat' dir='ltr'>deterre</span> <span class='ocrx_word' id='word_1_213' title='bbox 1517 1581 1569 1636; x_wconf 87' lang='lat' dir='ltr'>est,</span> <span class='ocrx_word' id='word_1_214' title='bbox 1583 1571 1617 1626; x_wconf 87' lang='lat' dir='ltr'>de</span> <span class='ocrx_word' id='word_1_215' title='bbox 1627 1571 1748 1625; x_wconf 89' lang='lat' dir='ltr'>terralo·</span> 
     </span>
     <span class='ocr_line' id='line_1_16' title="bbox 109 1649 1747 1730; baseline 0.005 -24"><span class='ocrx_word' id='word_1_216' title='bbox 109 1651 181 1706; x_wconf 83' lang='lat' dir='ltr'>teris</span> <span class='ocrx_word' id='word_1_217' title='bbox 199 1649 357 1711; x_wconf 88' lang='lat' dir='ltr'>bominibus</span> <span class='ocrx_word' id='word_1_218' title='bbox 370 1658 468 1706; x_wconf 89' lang='lat' dir='ltr'>natura</span> <span class='ocrx_word' id='word_1_219' title='bbox 487 1666 577 1721; x_wconf 86' lang='lat' dir='ltr'>pares.</span> <span class='ocrx_word' id='word_1_220' title='bbox 600 1667 662 1708; x_wconf 93' lang='lat' dir='ltr'>cum</span> <span class='ocrx_word' id='word_1_221' title='bbox 679 1656 760 1711; x_wconf 92' lang='lat' dir='ltr'>simul</span> <span class='ocrx_word' id='word_1_222' title='bbox 777 1656 805 1710; x_wconf 92' lang='lat' dir='ltr'>in</span> <span class='ocrx_word' id='word_1_223' title='bbox 820 1673 905 1714; x_wconf 88' lang='grc' dir='ltr'>ιιιιιιιιι</span> <span class='ocrx_word' id='word_1_224' title='bbox 957 1658 1052 1728; x_wconf 80' lang='lat' dir='ltr'>quitur</span> <span class='ocrx_word' id='word_1_225' title='bbox 1067 1657 1158 1729; x_wconf 75' lang='lat' dir='ltr'>(ioan.</span> <span class='ocrx_word' id='word_1_226' title='bbox 1181 1675 1222 1725; x_wconf 85' lang='grc' dir='ltr'>ιιι,</span> <span class='ocrx_word' id='word_1_227' title='bbox 1240 1659 1297 1727; x_wconf 74' lang='grc'><strong>55).</strong></span> <span class='ocrx_word' id='word_1_228' title='bbox 1313 1679 1323 1712; x_wconf 95' lang='grc' dir='ltr'>ι</span> <span class='ocrx_word' id='word_1_229' title='bbox 1342 1657 1380 1714; x_wconf 86' lang='lat' dir='ltr'>lle</span> <span class='ocrx_word' id='word_1_230' title='bbox 1391 1660 1437 1714; x_wconf 91' lang='lat' dir='ltr'>tali</span> <span class='ocrx_word' id='word_1_231' title='bbox 1449 1661 1663 1730; x_wconf 81' lang='lat' dir='ltr'>presumptione</span> <span class='ocrx_word' id='word_1_232' title='bbox 1674 1661 1747 1715; x_wconf 86' lang='lat' dir='ltr'>mul·</span> 
     </span>
     <span class='ocr_line' id='line_1_17' title="bbox 111 1715 1748 1820; baseline 0.005 -23"><span class='ocrx_word' id='word_1_233' title='bbox 111 1742 192 1803; x_wconf 88' lang='lat' dir='ltr'>dires</span> <span class='ocrx_word' id='word_1_234' title='bbox 206 1752 234 1798; x_wconf 91' lang='lat' dir='ltr'>et</span> <span class='ocrx_word' id='word_1_235' title='bbox 244 1742 476 1814; x_wconf 83' lang='lat' dir='ltr'>pauperhabeant</span> <span class='ocrx_word' id='word_1_236' title='bbox 488 1745 623 1800; x_wconf 85' lang='lat' dir='ltr'>naturalia</span> <span class='ocrx_word' id='word_1_237' title='bbox 635 1743 774 1815; x_wconf 80' lang='lat' dir='ltr'>lisiduna,</span> <span class='ocrx_word' id='word_1_238' title='bbox 790 1747 904 1803; x_wconf 79' lang='lat' dir='ltr'>utrecht</span> <span class='ocrx_word' id='word_1_239' title='bbox 921 1715 942 1770; x_wconf 74' lang='lat' dir='ltr'><strong>B</strong></span> <span class='ocrx_word' id='word_1_240' title='bbox 958 1751 1038 1805; x_wconf 90' lang='lat' dir='ltr'>toties</span> <span class='ocrx_word' id='word_1_241' title='bbox 1061 1749 1179 1805; x_wconf 83' lang='lat' dir='ltr'>haeretiei</span> <span class='ocrx_word' id='word_1_242' title='bbox 1199 1750 1437 1820; x_wconf 84' lang='lat' dir='ltr'>emerserunt,qui</span> <span class='ocrx_word' id='word_1_243' title='bbox 1458 1765 1521 1805; x_wconf 88' lang='lat' dir='ltr'>cum</span> <span class='ocrx_word' id='word_1_244' title='bbox 1531 1759 1624 1806; x_wconf 92' lang='lat' dir='ltr'>essent</span> <span class='ocrx_word' id='word_1_245' title='bbox 1634 1753 1661 1805; x_wconf 89' lang='grc' dir='ltr'>ιἰι</span> <span class='ocrx_word' id='word_1_246' title='bbox 1674 1760 1748 1806; x_wconf 85' lang='lat' dir='ltr'>terre</span> 
     </span>
     <span class='ocr_line' id='line_1_18' title="bbox 110 1833 1747 1907; baseline 0.007 -20"><span class='ocrx_word' id='word_1_247' title='bbox 110 1833 202 1905; x_wconf 64' lang='lat' dir='ltr'>gratia</span> <span class='ocrx_word' id='word_1_248' title='bbox 217 1833 273 1889; x_wconf 90' lang='lat' dir='ltr'>sint</span> <span class='ocrx_word' id='word_1_249' title='bbox 294 1834 395 1905; x_wconf 88' lang='lat' dir='ltr'>pariter</span> <span class='ocrx_word' id='word_1_250' title='bbox 407 1835 534 1891; x_wconf 91' lang='lat' dir='ltr'>homines</span> <span class='ocrx_word' id='word_1_251' title='bbox 546 1836 707 1893; x_wconf 89' lang='lat' dir='ltr'>rationales.</span> <span class='ocrx_word' id='word_1_252' title='bbox 718 1839 753 1893; x_wconf 81' lang='lat' dir='ltr'>ht</span> <span class='ocrx_word' id='word_1_253' title='bbox 769 1839 813 1894; x_wconf 90' lang='lat' dir='ltr'>isti</span> <span class='ocrx_word' id='word_1_254' title='bbox 827 1855 905 1896; x_wconf 81' lang='lat' dir='ltr'>stram</span> <span class='ocrx_word' id='word_1_255' title='bbox 957 1840 1005 1896; x_wconf 82' lang='lat' dir='ltr'>bxi</span> <span class='ocrx_word' id='word_1_256' title='bbox 1023 1850 1148 1896; x_wconf 83' lang='lat' dir='ltr'>amantes</span> <span class='ocrx_word' id='word_1_257' title='bbox 1161 1855 1216 1895; x_wconf 91' lang='lat' dir='ltr'>non</span> <span class='ocrx_word' id='word_1_258' title='bbox 1230 1841 1352 1896; x_wconf 78' lang='lat' dir='ltr'>scelestis</span> <span class='ocrx_word' id='word_1_259' title='bbox 1364 1841 1411 1896; x_wconf 93' lang='lat' dir='ltr'>sed</span> <span class='ocrx_word' id='word_1_260' title='bbox 1432 1849 1551 1907; x_wconf 87' lang='lat' dir='ltr'>terrena,</span> <span class='ocrx_word' id='word_1_261' title='bbox 1573 1851 1664 1899; x_wconf 88' lang='lat' dir='ltr'>tamen</span> <span class='ocrx_word' id='word_1_262' title='bbox 1684 1844 1747 1899; x_wconf 89' lang='lat' dir='ltr'>ausi</span> 
     </span>
     <span class='ocr_line' id='line_1_19' title="bbox 111 1926 1747 2002; baseline 0.001 -17"><span class='ocrx_word' id='word_1_263' title='bbox 111 1940 178 1985; x_wconf 79' lang='lat' dir='ltr'>cem</span> <span class='ocrx_word' id='word_1_264' title='bbox 204 1926 374 1997; x_wconf 89' lang='lat' dir='ltr'>pauperibus</span> <span class='ocrx_word' id='word_1_265' title='bbox 395 1941 450 1983; x_wconf 93' lang='lat' dir='ltr'>non</span> <span class='ocrx_word' id='word_1_266' title='bbox 472 1927 638 1985; x_wconf 88' lang='lat' dir='ltr'>attendendo</span> <span class='ocrx_word' id='word_1_267' title='bbox 659 1929 802 2000; x_wconf 87' lang='lat' dir='ltr'>paritatem</span> <span class='ocrx_word' id='word_1_268' title='bbox 826 1932 906 2001; x_wconf 85' lang='lat' dir='ltr'>quasi</span> <span class='ocrx_word' id='word_1_269' title='bbox 957 1930 1111 1987; x_wconf 87' lang='lat' dir='ltr'>lueruntde</span> <span class='ocrx_word' id='word_1_270' title='bbox 1126 1930 1400 1997; x_wconf 75' lang='lat' dir='ltr'>celestibusdocere,</span> <span class='ocrx_word' id='word_1_271' title='bbox 1414 1931 1603 2001; x_wconf 78' lang='lat' dir='ltr'>queseritate</span> <span class='ocrx_word' id='word_1_272' title='bbox 1616 1933 1747 2002; x_wconf 73' lang='lat' dir='ltr'>magistra</span> 
     </span>
     <span class='ocr_line' id='line_1_20' title="bbox 111 2018 1747 2094; baseline 0.001 -19"><span class='ocrx_word' id='word_1_273' title='bbox 111 2018 193 2075; x_wconf 90' lang='lat' dir='ltr'>obliti</span> <span class='ocrx_word' id='word_1_274' title='bbox 209 2034 240 2075; x_wconf 88' lang='lat' dir='ltr'>se</span> <span class='ocrx_word' id='word_1_275' title='bbox 255 2028 398 2075; x_wconf 89' lang='lat' dir='ltr'>transeunt</span> <span class='ocrx_word' id='word_1_276' title='bbox 409 2028 486 2077; x_wconf 82' lang='lat' dir='ltr'>extra</span> <span class='ocrx_word' id='word_1_277' title='bbox 500 2035 540 2088; x_wconf 83' lang='lat' dir='ltr'>se,</span> <span class='ocrx_word' id='word_1_278' title='bbox 554 2021 703 2091; x_wconf 82' lang='lat' dir='ltr'>implendo,</span> <span class='ocrx_word' id='word_1_279' title='bbox 717 2038 772 2078; x_wconf 91' lang='lat' dir='ltr'>non</span> <span class='ocrx_word' id='word_1_280' title='bbox 787 2022 848 2079; x_wconf 89' lang='lat' dir='ltr'>dico</span> <span class='ocrx_word' id='word_1_281' title='bbox 861 2023 906 2078; x_wconf 91' lang='lat' dir='ltr'>illa</span> <span class='ocrx_word' id='word_1_282' title='bbox 958 2039 1011 2080; x_wconf 93' lang='lat' dir='ltr'>non</span> <span class='ocrx_word' id='word_1_283' title='bbox 1027 2023 1191 2087; x_wconf 83' lang='lat' dir='ltr'>didicerunt.</span> <span class='ocrx_word' id='word_1_284' title='bbox 1207 2022 1255 2079; x_wconf 88' lang='lat' dir='ltr'>sed</span> <span class='ocrx_word' id='word_1_285' title='bbox 1271 2022 1322 2093; x_wconf 91' lang='lat' dir='ltr'>ipsi</span> <span class='ocrx_word' id='word_1_286' title='bbox 1338 2037 1370 2078; x_wconf 91' lang='lat' dir='ltr'>ea</span> <span class='ocrx_word' id='word_1_287' title='bbox 1394 2022 1428 2079; x_wconf 88' lang='lat' dir='ltr'>de</span> <span class='ocrx_word' id='word_1_288' title='bbox 1452 2022 1535 2078; x_wconf 91' lang='lat' dir='ltr'>corde</span> <span class='ocrx_word' id='word_1_289' title='bbox 1552 2023 1665 2094; x_wconf 89' lang='lat' dir='ltr'>propriu</span> <span class='ocrx_word' id='word_1_290' title='bbox 1678 2038 1747 2079; x_wconf 91' lang='lat' dir='ltr'>con·</span> 
     </span>
     <span class='ocr_line' id='line_1_21' title="bbox 111 2111 1747 2186; baseline 0 -21"><span class='ocrx_word' id='word_1_291' title='bbox 111 2120 229 2182; x_wconf 84' lang='lat' dir='ltr'>peccata</span> <span class='ocrx_word' id='word_1_292' title='bbox 243 2111 429 2177; x_wconf 81' lang='lat' dir='ltr'>solummodo,</span> <span class='ocrx_word' id='word_1_293' title='bbox 445 2113 555 2184; x_wconf 84' lang='lat' dir='ltr'>adquae</span> <span class='ocrx_word' id='word_1_294' title='bbox 575 2114 683 2169; x_wconf 84' lang='lat' dir='ltr'>uidetur</span> <span class='ocrx_word' id='word_1_295' title='bbox 697 2115 836 2186; x_wconf 90' lang='lat' dir='ltr'>impellere</span> <span class='ocrx_word' id='word_1_296' title='bbox 857 2115 907 2171; x_wconf 88' lang='lat' dir='ltr'>ali·</span> <span class='ocrx_word' id='word_1_297' title='bbox 957 2114 1105 2170; x_wconf 85' lang='lat' dir='ltr'>dnxcrunt.</span> <span class='ocrx_word' id='word_1_298' title='bbox 1128 2113 1272 2168; x_wconf 89' lang='lat' dir='ltr'>imitantur</span> <span class='ocrx_word' id='word_1_299' title='bbox 1294 2121 1386 2168; x_wconf 93' lang='lat' dir='ltr'>autem</span> <span class='ocrx_word' id='word_1_300' title='bbox 1400 2112 1463 2168; x_wconf 91' lang='lat' dir='ltr'>illos</span> <span class='ocrx_word' id='word_1_301' title='bbox 1484 2112 1575 2167; x_wconf 89' lang='lat' dir='ltr'>adhue</span> <span class='ocrx_word' id='word_1_302' title='bbox 1594 2112 1684 2178; x_wconf 90' lang='lat' dir='ltr'>multi,</span> <span class='ocrx_word' id='word_1_303' title='bbox 1699 2112 1747 2183; x_wconf 85' lang='lat' dir='ltr'>qui</span> 
     </span>
     <span class='ocr_line' id='line_1_22' title="bbox 111 2201 1749 2276; baseline 0.002 -21"><span class='ocrx_word' id='word_1_304' title='bbox 111 2214 169 2271; x_wconf 77' lang='lat' dir='ltr'>qua</span> <span class='ocrx_word' id='word_1_305' title='bbox 183 2201 337 2257; x_wconf 81' lang='lat' dir='ltr'>necessitas</span> <span class='ocrx_word' id='word_1_306' title='bbox 351 2201 394 2257; x_wconf 84' lang='lat' dir='ltr'>vel</span> <span class='ocrx_word' id='word_1_307' title='bbox 407 2202 515 2257; x_wconf 85' lang='lat' dir='ltr'>trahere</span> <span class='ocrx_word' id='word_1_308' title='bbox 536 2202 681 2259; x_wconf 88' lang='lat' dir='ltr'>inllrmitas</span> <span class='ocrx_word' id='word_1_309' title='bbox 698 2204 835 2271; x_wconf 82' lang='lat' dir='ltr'>bumana,</span> <span class='ocrx_word' id='word_1_310' title='bbox 859 2205 907 2260; x_wconf 89' lang='lat' dir='ltr'>sed</span> <span class='ocrx_word' id='word_1_311' title='bbox 958 2224 1019 2266; x_wconf 89' lang='lat' dir='ltr'>curn</span> <span class='ocrx_word' id='word_1_312' title='bbox 1035 2210 1090 2265; x_wconf 89' lang='lat' dir='ltr'>sint</span> <span class='ocrx_word' id='word_1_313' title='bbox 1112 2207 1246 2263; x_wconf 85' lang='lat' dir='ltr'>nninrales</span> <span class='ocrx_word' id='word_1_314' title='bbox 1259 2220 1313 2261; x_wconf 92' lang='lat' dir='ltr'>non</span> <span class='ocrx_word' id='word_1_315' title='bbox 1337 2205 1520 2276; x_wconf 83' lang='lat' dir='ltr'>percipientes</span> <span class='ocrx_word' id='word_1_316' title='bbox 1543 2220 1575 2261; x_wconf 88' lang='lat' dir='ltr'>ea</span> <span class='ocrx_word' id='word_1_317' title='bbox 1601 2221 1663 2276; x_wconf 71' lang='lat' dir='ltr'>quse</span> <span class='ocrx_word' id='word_1_318' title='bbox 1684 2213 1749 2259; x_wconf 89' lang='lat' dir='ltr'>sunt</span> 
     </span>
     <span class='ocr_line' id='line_1_23' title="bbox 112 2293 1748 2375; baseline 0.001 -25"><span class='ocrx_word' id='word_1_319' title='bbox 112 2302 261 2351; x_wconf 81' lang='lat' dir='ltr'>transcunt</span> <span class='ocrx_word' id='word_1_320' title='bbox 278 2293 307 2347; x_wconf 85' lang='lat' dir='ltr'>in</span> <span class='ocrx_word' id='word_1_321' title='bbox 322 2293 448 2362; x_wconf 76' lang='lat' dir='ltr'>affectunt</span> <span class='ocrx_word' id='word_1_322' title='bbox 461 2308 516 2350; x_wconf 90' lang='lat' dir='ltr'>non</span> <span class='ocrx_word' id='word_1_323' title='bbox 542 2294 602 2359; x_wconf 85' lang='lat' dir='ltr'>liei,</span> <span class='ocrx_word' id='word_1_324' title='bbox 628 2296 676 2351; x_wconf 91' lang='lat' dir='ltr'>sed</span> <span class='ocrx_word' id='word_1_325' title='bbox 700 2298 789 2352; x_wconf 83' lang='lat' dir='ltr'>cordis</span> <span class='ocrx_word' id='word_1_326' title='bbox 803 2301 855 2364; x_wconf 84' lang='lat' dir='ltr'>sni,</span> <span class='ocrx_word' id='word_1_327' title='bbox 878 2309 908 2355; x_wconf 92' lang='lat' dir='ltr'>ut</span> <span class='ocrx_word' id='word_1_328' title='bbox 958 2300 1152 2375; x_wconf 74' lang='lat' dir='ltr'>Spiritusne,</span> <span class='ocrx_word' id='word_1_329' title='bbox 1169 2299 1348 2356; x_wconf 77' lang='lat' dir='ltr'>saecularibus</span> <span class='ocrx_word' id='word_1_330' title='bbox 1362 2300 1461 2354; x_wconf 89' lang='lat' dir='ltr'>litteris</span> <span class='ocrx_word' id='word_1_331' title='bbox 1474 2297 1573 2353; x_wconf 89' lang='lat' dir='ltr'>eruditi</span> <span class='ocrx_word' id='word_1_332' title='bbox 1597 2298 1632 2353; x_wconf 90' lang='lat' dir='ltr'>ab</span> <span class='ocrx_word' id='word_1_333' title='bbox 1646 2297 1748 2353; x_wconf 82' lang='lat' dir='ltr'>illesa·</span> 
     </span>
     <span class='ocr_line' id='line_1_24' title="bbox 110 2385 1748 2465; baseline -0.002 -20"><span class='ocrx_word' id='word_1_334' title='bbox 110 2403 147 2447; x_wconf 81' lang='lat' dir='ltr'>ex</span> <span class='ocrx_word' id='word_1_335' title='bbox 166 2387 266 2442; x_wconf 91' lang='lat' dir='ltr'>intimo</span> <span class='ocrx_word' id='word_1_336' title='bbox 288 2385 386 2442; x_wconf 77' lang='lat' dir='ltr'>ellectu</span> <span class='ocrx_word' id='word_1_337' title='bbox 409 2385 486 2443; x_wconf 90' lang='lat' dir='ltr'>liberi</span> <span class='ocrx_word' id='word_1_338' title='bbox 506 2386 612 2443; x_wconf 89' lang='lat' dir='ltr'>arbitrii</span> <span class='ocrx_word' id='word_1_339' title='bbox 636 2390 695 2445; x_wconf 89' lang='lat' dir='ltr'>suis</span> <span class='ocrx_word' id='word_1_340' title='bbox 710 2390 907 2462; x_wconf 88' lang='lat' dir='ltr'>cupiditatibus</span> <span class='ocrx_word' id='word_1_341' title='bbox 956 2396 1142 2465; x_wconf 65' lang='lat' dir='ltr'>plenumque</span> <span class='ocrx_word' id='word_1_342' title='bbox 1156 2403 1263 2448; x_wconf 89' lang='lat' dir='ltr'>terrena</span> <span class='ocrx_word' id='word_1_343' title='bbox 1278 2399 1331 2457; x_wconf 82' lang='lat' dir='ltr'>est,</span> <span class='ocrx_word' id='word_1_344' title='bbox 1350 2390 1489 2457; x_wconf 89' lang='lat' dir='ltr'>animalis,</span> <span class='ocrx_word' id='word_1_345' title='bbox 1502 2389 1636 2445; x_wconf 89' lang='lat' dir='ltr'>diabolica</span> <span class='ocrx_word' id='word_1_346' title='bbox 1654 2397 1748 2443; x_wconf 89' lang='lat' dir='ltr'>trans·</span> 
     </span>
     <span class='ocr_line' id='line_1_25' title="bbox 111 2477 1750 2554; baseline -0.001 -19"><span class='ocrx_word' id='word_1_347' title='bbox 111 2478 214 2535; x_wconf 89' lang='lat' dir='ltr'>intenti</span> <span class='ocrx_word' id='word_1_348' title='bbox 231 2492 286 2533; x_wconf 91' lang='lat' dir='ltr'>non</span> <span class='ocrx_word' id='word_1_349' title='bbox 302 2478 390 2533; x_wconf 88' lang='lat' dir='ltr'>solurn</span> <span class='ocrx_word' id='word_1_350' title='bbox 406 2477 518 2544; x_wconf 85' lang='lat' dir='ltr'>iaciant,</span> <span class='ocrx_word' id='word_1_351' title='bbox 535 2478 582 2534; x_wconf 92' lang='lat' dir='ltr'>sed</span> <span class='ocrx_word' id='word_1_352' title='bbox 604 2489 631 2535; x_wconf 88' lang='lat' dir='ltr'>et</span> <span class='ocrx_word' id='word_1_353' title='bbox 650 2479 763 2551; x_wconf 72' lang='lat' dir='ltr'>diligant</span> <span class='ocrx_word' id='word_1_354' title='bbox 783 2490 905 2551; x_wconf 86' lang='lat' dir='ltr'>peccata.</span> <span class='ocrx_word' id='word_1_355' title='bbox 959 2494 1027 2544; x_wconf 89' lang='lat' dir='ltr'>eunt</span> <span class='ocrx_word' id='word_1_356' title='bbox 1051 2485 1085 2540; x_wconf 81' lang='lat' dir='ltr'>arl</span> <span class='ocrx_word' id='word_1_357' title='bbox 1101 2482 1277 2554; x_wconf 85' lang='lat' dir='ltr'>dijudicanda</span> <span class='ocrx_word' id='word_1_358' title='bbox 1297 2482 1430 2548; x_wconf 69' lang='lat' dir='ltr'>coelestia,</span> <span class='ocrx_word' id='word_1_359' title='bbox 1453 2497 1516 2537; x_wconf 90' lang='lat' dir='ltr'>cum</span> <span class='ocrx_word' id='word_1_360' title='bbox 1533 2481 1588 2536; x_wconf 90' lang='lat' dir='ltr'>sint</span> <span class='ocrx_word' id='word_1_361' title='bbox 1607 2480 1698 2536; x_wconf 90' lang='lat' dir='ltr'>udhne</span> <span class='ocrx_word' id='word_1_362' title='bbox 1720 2480 1750 2533; x_wconf 82' lang='lat' dir='ltr'>s&#39;n</span> 
     </span>
     <span class='ocr_line' id='line_1_26' title="bbox 112 2566 1748 2643; baseline -0.001 -20"><span class='ocrx_word' id='word_1_363' title='bbox 112 2566 278 2624; x_wconf 83' lang='lat' dir='ltr'>llocontem</span> <span class='ocrx_word' id='word_1_364' title='bbox 294 2582 349 2624; x_wconf 95' lang='lat' dir='ltr'>non</span> <span class='ocrx_word' id='word_1_365' title='bbox 364 2582 399 2624; x_wconf 85' lang='lat' dir='ltr'>ex</span> <span class='ocrx_word' id='word_1_366' title='bbox 416 2567 566 2638; x_wconf 81' lang='lat' dir='ltr'>improuiso</span> <span class='ocrx_word' id='word_1_367' title='bbox 591 2568 646 2625; x_wconf 92' lang='lat' dir='ltr'>illis</span> <span class='ocrx_word' id='word_1_368' title='bbox 663 2571 810 2643; x_wconf 77' lang='lat' dir='ltr'>contingit,</span> <span class='ocrx_word' id='word_1_369' title='bbox 824 2573 873 2629; x_wconf 90' lang='lat' dir='ltr'>sed</span> <span class='ocrx_word' id='word_1_370' title='bbox 958 2586 1040 2641; x_wconf 81' lang='lat' dir='ltr'>terra,</span> <span class='ocrx_word' id='word_1_371' title='bbox 1063 2574 1144 2643; x_wconf 68' lang='lat' dir='ltr'>longe</span> <span class='ocrx_word' id='word_1_372' title='bbox 1166 2571 1285 2643; x_wconf 87' lang='lat' dir='ltr'>separati</span> <span class='ocrx_word' id='word_1_373' title='bbox 1308 2570 1344 2626; x_wconf 90' lang='lat' dir='ltr'>ab</span> <span class='ocrx_word' id='word_1_374' title='bbox 1363 2570 1407 2625; x_wconf 91' lang='lat' dir='ltr'>bis</span> <span class='ocrx_word' id='word_1_375' title='bbox 1430 2570 1477 2640; x_wconf 85' lang='lat' dir='ltr'>qui</span> <span class='ocrx_word' id='word_1_376' title='bbox 1496 2569 1605 2639; x_wconf 79' lang='lat' dir='ltr'>sapiunt</span> <span class='ocrx_word' id='word_1_377' title='bbox 1629 2583 1660 2622; x_wconf 87' lang='lat' dir='ltr'>ea</span> <span class='ocrx_word' id='word_1_378' title='bbox 1686 2583 1748 2638; x_wconf 82' lang='lat' dir='ltr'>quae</span> 
     </span>
    </p>

    <p class='ocr_par' dir='ltr' id='par_1_4' title="bbox 113 2658 1765 4010">
     <span class='ocr_line' id='line_1_27' title="bbox 150 2658 1749 2734; baseline -0.001 -20"><span class='ocrx_word' id='word_1_379' title='bbox 150 2659 236 2716; x_wconf 79' lang='lat' dir='ltr'>Vens.</span> <span class='ocrx_word' id='word_1_380' title='bbox 260 2659 287 2714; x_wconf 90' lang='lat'>8.</span> <span class='ocrx_word' id='word_1_381' title='bbox 308 2659 545 2731; x_wconf 58' lang='lat' dir='ltr'>duplavenenses</span> <span class='ocrx_word' id='word_1_382' title='bbox 564 2660 648 2715; x_wconf 84' lang='lat' dir='ltr'>locuti</span> <span class='ocrx_word' id='word_1_383' title='bbox 667 2670 729 2717; x_wconf 86' lang='lat' dir='ltr'>sunt</span> <span class='ocrx_word' id='word_1_384' title='bbox 750 2666 905 2734; x_wconf 80' lang='lat' dir='ltr'>nequitiem.</span> <span class='ocrx_word' id='word_1_385' title='bbox 957 2681 1069 2723; x_wconf 89' lang='lat' dir='ltr'>sursum</span> <span class='ocrx_word' id='word_1_386' title='bbox 1089 2671 1231 2730; x_wconf 88' lang='lat' dir='ltr'>sunt‚non</span> <span class='ocrx_word' id='word_1_387' title='bbox 1247 2677 1309 2734; x_wconf 85' lang='lat' dir='ltr'>quae</span> <span class='ocrx_word' id='word_1_388' title='bbox 1324 2669 1530 2732; x_wconf 88' lang='lat' dir='ltr'>superterram.</span> <span class='ocrx_word' id='word_1_389' title='bbox 1555 2658 1749 2728; x_wconf 84' lang='lat' dir='ltr'>Possuntqui·</span> 
     </span>
     <span class='ocr_line' id='line_1_28' title="bbox 113 2751 1748 2825; baseline -0.003 -16"><span class='ocrx_word' id='word_1_390' title='bbox 113 2752 305 2825; x_wconf 80' lang='lat' dir='ltr'>Copltanerunt</span> <span class='ocrx_word' id='word_1_391' title='bbox 321 2753 444 2808; x_wconf 89' lang='lat' dir='ltr'>interiori</span> <span class='ocrx_word' id='word_1_392' title='bbox 456 2753 556 2810; x_wconf 89' lang='lat' dir='ltr'>mentis</span> <span class='ocrx_word' id='word_1_393' title='bbox 566 2754 772 2812; x_wconf 88' lang='lat' dir='ltr'>deliberatione.</span> <span class='ocrx_word' id='word_1_394' title='bbox 788 2755 845 2813; x_wconf 88' lang='lat' dir='ltr'>Nec</span> <span class='ocrx_word' id='word_1_395' title='bbox 855 2757 908 2815; x_wconf 89' lang='lat' dir='ltr'>boc</span> <span class='ocrx_word' id='word_1_396' title='bbox 957 2759 1020 2815; x_wconf 90' lang='lat' dir='ltr'>dem</span> <span class='ocrx_word' id='word_1_397' title='bbox 1038 2759 1118 2814; x_wconf 90' lang='lat' dir='ltr'>istius</span> <span class='ocrx_word' id='word_1_398' title='bbox 1131 2757 1204 2811; x_wconf 92' lang='lat' dir='ltr'>modi</span> <span class='ocrx_word' id='word_1_399' title='bbox 1220 2755 1348 2810; x_wconf 91' lang='lat' dir='ltr'>homines</span> <span class='ocrx_word' id='word_1_400' title='bbox 1363 2753 1464 2810; x_wconf 90' lang='lat' dir='ltr'>terreni</span> <span class='ocrx_word' id='word_1_401' title='bbox 1484 2764 1576 2808; x_wconf 88' lang='lat' dir='ltr'>rotare</span> <span class='ocrx_word' id='word_1_402' title='bbox 1589 2751 1672 2806; x_wconf 84' lang='lat' dir='ltr'>verba</span> <span class='ocrx_word' id='word_1_403' title='bbox 1685 2766 1748 2820; x_wconf 90' lang='lat' dir='ltr'>spu·</span> 
     </span>
     <span class='ocr_line' id='line_1_29' title="bbox 113 2841 1748 2917; baseline -0.003 -17"><span class='ocrx_word' id='word_1_404' title='bbox 113 2845 185 2900; x_wconf 86' lang='lat' dir='ltr'>satis</span> <span class='ocrx_word' id='word_1_405' title='bbox 207 2844 433 2911; x_wconf 79' lang='lat' dir='ltr'>illisrisnmest‚</span> <span class='ocrx_word' id='word_1_406' title='bbox 448 2844 591 2901; x_wconf 89' lang='lat' dir='ltr'>sedetiam</span> <span class='ocrx_word' id='word_1_407' title='bbox 606 2845 761 2903; x_wconf 79' lang='lat' dir='ltr'>locutisnnt</span> <span class='ocrx_word' id='word_1_408' title='bbox 782 2846 850 2904; x_wconf 85' lang='lat' dir='ltr'>ioris</span> <span class='ocrx_word' id='word_1_409' title='bbox 861 2849 909 2905; x_wconf 88' lang='lat' dir='ltr'>do·</span> <span class='ocrx_word' id='word_1_410' title='bbox 958 2850 1062 2905; x_wconf 89' lang='lat' dir='ltr'>mantia</span> <span class='ocrx_word' id='word_1_411' title='bbox 1076 2847 1170 2904; x_wconf 89' lang='lat' dir='ltr'>buccis</span> <span class='ocrx_word' id='word_1_412' title='bbox 1187 2846 1363 2917; x_wconf 88' lang='lat' dir='ltr'>crepantibus</span> <span class='ocrx_word' id='word_1_413' title='bbox 1388 2845 1421 2900; x_wconf 92' lang='lat' dir='ltr'>de</span> <span class='ocrx_word' id='word_1_414' title='bbox 1445 2844 1590 2913; x_wconf 89' lang='lat' dir='ltr'>scripturis</span> <span class='ocrx_word' id='word_1_415' title='bbox 1613 2841 1748 2906; x_wconf 76' lang='lat' dir='ltr'>veritatis,</span> 
     </span>
     <span class='ocr_line' id='line_1_30' title="bbox 113 2932 1747 3010; baseline -0.004 -17"><span class='ocrx_word' id='word_1_416' title='bbox 113 2937 206 2993; x_wconf 70' lang='lat' dir='ltr'>modo</span> <span class='ocrx_word' id='word_1_417' title='bbox 223 2935 292 2992; x_wconf 88' lang='lat' dir='ltr'>alios</span> <span class='ocrx_word' id='word_1_418' title='bbox 306 2937 451 3007; x_wconf 82' lang='lat' dir='ltr'>nequitiam</span> <span class='ocrx_word' id='word_1_419' title='bbox 466 2936 540 2993; x_wconf 91' lang='lat' dir='ltr'>intus</span> <span class='ocrx_word' id='word_1_420' title='bbox 552 2945 723 3008; x_wconf 84' lang='lat' dir='ltr'>conceptam.</span> <span class='ocrx_word' id='word_1_421' title='bbox 740 2936 836 2992; x_wconf 80' lang='lat' dir='ltr'>Leonti</span> <span class='ocrx_word' id='word_1_422' title='bbox 846 2948 908 2995; x_wconf 88' lang='lat' dir='ltr'>sunt</span> <span class='ocrx_word' id='word_1_423' title='bbox 962 2940 1010 2997; x_wconf 87' lang='lat' dir='ltr'>sed</span> <span class='ocrx_word' id='word_1_424' title='bbox 1027 2941 1086 3010; x_wconf 92' lang='lat' dir='ltr'>ipse</span> <span class='ocrx_word' id='word_1_425' title='bbox 1105 2937 1225 3008; x_wconf 86' lang='lat' dir='ltr'>Spiritus</span> <span class='ocrx_word' id='word_1_426' title='bbox 1240 2936 1374 3002; x_wconf 78' lang='lat' dir='ltr'>veritatis,</span> <span class='ocrx_word' id='word_1_427' title='bbox 1393 2935 1533 3006; x_wconf 77' lang='lat' dir='ltr'>quidocet</span> <span class='ocrx_word' id='word_1_428' title='bbox 1550 2948 1658 2989; x_wconf 89' lang='lat' dir='ltr'>omnem</span> <span class='ocrx_word' id='word_1_429' title='bbox 1673 2932 1747 2987; x_wconf 88' lang='lat' dir='ltr'>reri·</span> 
     </span>
     <span class='ocr_line' id='line_1_31' title="bbox 113 3024 1748 3105; baseline -0.002 -24"><span class='ocrx_word' id='word_1_430' title='bbox 113 3042 171 3081; x_wconf 90' lang='lat' dir='ltr'>non</span> <span class='ocrx_word' id='word_1_431' title='bbox 188 3043 218 3081; x_wconf 88' lang='grc' dir='ltr'>ιιι</span> <span class='ocrx_word' id='word_1_432' title='bbox 234 3026 343 3082; x_wconf 88' lang='lat' dir='ltr'>occulto</span> <span class='ocrx_word' id='word_1_433' title='bbox 366 3026 414 3081; x_wconf 88' lang='lat' dir='ltr'>sed</span> <span class='ocrx_word' id='word_1_434' title='bbox 432 3027 460 3080; x_wconf 90' lang='lat' dir='ltr'>in</span> <span class='ocrx_word' id='word_1_435' title='bbox 483 3026 601 3091; x_wconf 78' lang='lat' dir='ltr'>excelso,</span> <span class='ocrx_word' id='word_1_436' title='bbox 619 3028 700 3082; x_wconf 87' lang='lat' dir='ltr'>idest</span> <span class='ocrx_word' id='word_1_437' title='bbox 716 3027 789 3084; x_wconf 89' lang='lat' dir='ltr'>clare</span> <span class='ocrx_word' id='word_1_438' title='bbox 812 3027 941 3105; x_wconf 73' lang='lat' dir='ltr'>multisc</span> <span class='ocrx_word' id='word_1_439' title='bbox 959 3040 1043 3088; x_wconf 89' lang='lat' dir='ltr'>tatem</span> <span class='ocrx_word' id='word_1_440' title='bbox 1058 3028 1208 3099; x_wconf 87' lang='lat' dir='ltr'>discipulos</span> <span class='ocrx_word' id='word_1_441' title='bbox 1221 3027 1340 3093; x_wconf 70' lang='lat' dir='ltr'>Christi·</span> <span class='ocrx_word' id='word_1_442' title='bbox 1354 3027 1434 3096; x_wconf 74' lang='lat' dir='ltr'>longe</span> <span class='ocrx_word' id='word_1_443' title='bbox 1454 3025 1532 3081; x_wconf 89' lang='lat' dir='ltr'>abest</span> <span class='ocrx_word' id='word_1_444' title='bbox 1544 3024 1579 3079; x_wconf 89' lang='lat' dir='ltr'>ab</span> <span class='ocrx_word' id='word_1_445' title='bbox 1594 3024 1654 3079; x_wconf 91' lang='lat' dir='ltr'>istis</span> <span class='ocrx_word' id='word_1_446' title='bbox 1664 3024 1748 3079; x_wconf 85' lang='lat' dir='ltr'>disci·</span> 
     </span>
     <span class='ocr_line' id='line_1_32' title="bbox 113 3116 1748 3197; baseline -0.001 -24"><span class='ocrx_word' id='word_1_447' title='bbox 113 3117 305 3173; x_wconf 86' lang='lat' dir='ltr'>audientibus.</span> <span class='ocrx_word' id='word_1_448' title='bbox 326 3116 417 3173; x_wconf 89' lang='lat' dir='ltr'>blinns</span> <span class='ocrx_word' id='word_1_449' title='bbox 432 3127 587 3189; x_wconf 75' lang='lat' dir='ltr'>peccarent,</span> <span class='ocrx_word' id='word_1_450' title='bbox 608 3120 631 3175; x_wconf 90' lang='lat' dir='ltr'>si</span> <span class='ocrx_word' id='word_1_451' title='bbox 657 3121 736 3176; x_wconf 84' lang='lat' dir='ltr'>malae</span> <span class='ocrx_word' id='word_1_452' title='bbox 751 3122 908 3193; x_wconf 86' lang='lat' dir='ltr'>cupiditatis</span> <span class='ocrx_word' id='word_1_453' title='bbox 959 3125 1032 3197; x_wconf 90' lang='lat' dir='ltr'>pulis</span> <span class='ocrx_word' id='word_1_454' title='bbox 1047 3121 1218 3178; x_wconf 73' lang='lat' dir='ltr'>Antichristi.</span> <span class='ocrx_word' id='word_1_455' title='bbox 1234 3119 1302 3174; x_wconf 87' lang='lat' dir='ltr'>Nam</span> <span class='ocrx_word' id='word_1_456' title='bbox 1315 3119 1512 3189; x_wconf 87' lang='lat' dir='ltr'>discipulorum</span> <span class='ocrx_word' id='word_1_457' title='bbox 1531 3118 1633 3173; x_wconf 82' lang='lat' dir='ltr'>Christi</span> <span class='ocrx_word' id='word_1_458' title='bbox 1650 3132 1698 3172; x_wconf 90' lang='lat' dir='ltr'>cor</span> <span class='ocrx_word' id='word_1_459' title='bbox 1720 3119 1748 3173; x_wconf 91' lang='lat' dir='ltr'>in</span> 
     </span>
     <span class='ocr_line' id='line_1_33' title="bbox 113 3206 1749 3281; baseline -0.004 -13"><span class='ocrx_word' id='word_1_460' title='bbox 113 3221 225 3268; x_wconf 85' lang='lat' dir='ltr'>motum</span> <span class='ocrx_word' id='word_1_461' title='bbox 237 3212 309 3266; x_wconf 88' lang='lat' dir='ltr'>intra</span> <span class='ocrx_word' id='word_1_462' title='bbox 326 3210 499 3281; x_wconf 80' lang='lat' dir='ltr'>cogitationis</span> <span class='ocrx_word' id='word_1_463' title='bbox 513 3213 631 3266; x_wconf 80' lang='lat' dir='ltr'>clanstro</span> <span class='ocrx_word' id='word_1_464' title='bbox 644 3227 698 3267; x_wconf 92' lang='lat' dir='ltr'>non</span> <span class='ocrx_word' id='word_1_465' title='bbox 711 3214 851 3270; x_wconf 88' lang='lat' dir='ltr'>simulatio</span> <span class='ocrx_word' id='word_1_466' title='bbox 861 3216 909 3271; x_wconf 91' lang='lat' dir='ltr'>sed</span> <span class='ocrx_word' id='word_1_467' title='bbox 960 3215 1032 3272; x_wconf 87' lang='lat' dir='ltr'>eoelo</span> <span class='ocrx_word' id='word_1_468' title='bbox 1044 3222 1097 3279; x_wconf 82' lang='lat' dir='ltr'>est,</span> <span class='ocrx_word' id='word_1_469' title='bbox 1123 3212 1171 3267; x_wconf 91' lang='lat' dir='ltr'>ubi</span> <span class='ocrx_word' id='word_1_470' title='bbox 1185 3210 1314 3266; x_wconf 84' lang='lat' dir='ltr'>Christus</span> <span class='ocrx_word' id='word_1_471' title='bbox 1325 3219 1369 3265; x_wconf 88' lang='lat' dir='ltr'>est</span> <span class='ocrx_word' id='word_1_472' title='bbox 1383 3209 1412 3263; x_wconf 93' lang='lat' dir='ltr'>in</span> <span class='ocrx_word' id='word_1_473' title='bbox 1428 3209 1541 3264; x_wconf 85' lang='lat' dir='ltr'>dextera</span> <span class='ocrx_word' id='word_1_474' title='bbox 1559 3207 1608 3263; x_wconf 87' lang='lat' dir='ltr'>Del</span> <span class='ocrx_word' id='word_1_475' title='bbox 1628 3206 1749 3263; x_wconf 85' lang='lat' dir='ltr'>sedens:</span> 
     </span>
     <span class='ocr_line' id='line_1_34' title="bbox 115 3299 1765 3379; baseline -0.006 -19"><span class='ocrx_word' id='word_1_476' title='bbox 115 3304 203 3361; x_wconf 88' lang='lat' dir='ltr'>timor</span> <span class='ocrx_word' id='word_1_477' title='bbox 223 3301 427 3358; x_wconf 86' lang='lat' dir='ltr'>absconderet:</span> <span class='ocrx_word' id='word_1_478' title='bbox 451 3317 514 3357; x_wconf 90' lang='lat' dir='ltr'>nam</span> <span class='ocrx_word' id='word_1_479' title='bbox 531 3303 657 3358; x_wconf 88' lang='lat' dir='ltr'>simulata</span> <span class='ocrx_word' id='word_1_480' title='bbox 673 3304 788 3374; x_wconf 74' lang='lat' dir='ltr'>equitas</span> <span class='ocrx_word' id='word_1_481' title='bbox 809 3306 910 3379; x_wconf 83' lang='lat' dir='ltr'>duplex</span> <span class='ocrx_word' id='word_1_482' title='bbox 961 3308 1078 3362; x_wconf 90' lang='lat' dir='ltr'>istorum</span> <span class='ocrx_word' id='word_1_483' title='bbox 1092 3319 1159 3360; x_wconf 82' lang='lat' dir='ltr'>sero</span> <span class='ocrx_word' id='word_1_484' title='bbox 1177 3302 1376 3374; x_wconf 88' lang='lat' dir='ltr'>discipulorum</span> <span class='ocrx_word' id='word_1_485' title='bbox 1392 3302 1436 3357; x_wconf 86' lang='lat' dir='ltr'>rel</span> <span class='ocrx_word' id='word_1_486' title='bbox 1450 3300 1682 3371; x_wconf 86' lang='lat' dir='ltr'>praeambulorum</span> <span class='ocrx_word' id='word_1_487' title='bbox 1695 3299 1765 3353; x_wconf 61' lang='lat' dir='ltr'>hn-v</span> 
     </span>
     <span class='ocr_line' id='line_1_35' title="bbox 114 3390 1751 3466; baseline -0.003 -16"><span class='ocrx_word' id='word_1_488' title='bbox 114 3404 160 3450; x_wconf 83' lang='lat' dir='ltr'>est</span> <span class='ocrx_word' id='word_1_489' title='bbox 172 3394 316 3464; x_wconf 85' lang='lat' dir='ltr'>iniquitas.</span> <span class='ocrx_word' id='word_1_490' title='bbox 329 3392 377 3449; x_wconf 89' lang='lat' dir='ltr'>lllc</span> <span class='ocrx_word' id='word_1_491' title='bbox 393 3409 514 3466; x_wconf 71' lang='lat' dir='ltr'>quoque.</span> <span class='ocrx_word' id='word_1_492' title='bbox 530 3395 577 3464; x_wconf 78' lang='lat' dir='ltr'>uni</span> <span class='ocrx_word' id='word_1_493' title='bbox 593 3395 711 3466; x_wconf 77' lang='lat' dir='ltr'>cogitata</span> <span class='ocrx_word' id='word_1_494' title='bbox 728 3395 852 3454; x_wconf 81' lang='lat' dir='ltr'>facinora</span> <span class='ocrx_word' id='word_1_495' title='bbox 868 3398 910 3454; x_wconf 89' lang='lat' dir='ltr'>di·</span> <span class='ocrx_word' id='word_1_496' title='bbox 961 3397 1081 3454; x_wconf 87' lang='lat' dir='ltr'>tichristi</span> <span class='ocrx_word' id='word_1_497' title='bbox 1091 3397 1176 3452; x_wconf 78' lang='lat' dir='ltr'>corin</span> <span class='ocrx_word' id='word_1_498' title='bbox 1198 3404 1269 3449; x_wconf 84' lang='lat' dir='ltr'>terra</span> <span class='ocrx_word' id='word_1_499' title='bbox 1288 3401 1343 3460; x_wconf 84' lang='lat' dir='ltr'>est,</span> <span class='ocrx_word' id='word_1_500' title='bbox 1355 3390 1403 3447; x_wconf 92' lang='lat' dir='ltr'>ubi</span> <span class='ocrx_word' id='word_1_501' title='bbox 1419 3391 1567 3447; x_wconf 87' lang='lat' dir='ltr'>thesaurus</span> <span class='ocrx_word' id='word_1_502' title='bbox 1579 3404 1676 3445; x_wconf 90' lang='lat' dir='ltr'>eorum</span> <span class='ocrx_word' id='word_1_503' title='bbox 1689 3397 1751 3445; x_wconf 83' lang='lat' dir='ltr'>cst:</span> 
     </span>
     <span class='ocr_line' id='line_1_36' title="bbox 115 3480 1752 3563; baseline -0.001 -27"><span class='ocrx_word' id='word_1_504' title='bbox 115 3483 214 3553; x_wconf 76' lang='lat' dir='ltr'>rnlgat</span> <span class='ocrx_word' id='word_1_505' title='bbox 229 3482 373 3553; x_wconf 88' lang='lat' dir='ltr'>dupliciter</span> <span class='ocrx_word' id='word_1_506' title='bbox 385 3491 489 3554; x_wconf 86' lang='lat' dir='ltr'>peceat,</span> <span class='ocrx_word' id='word_1_507' title='bbox 502 3483 529 3536; x_wconf 91' lang='lat' dir='ltr'>in</span> <span class='ocrx_word' id='word_1_508' title='bbox 547 3483 632 3537; x_wconf 88' lang='lat' dir='ltr'>altero</span> <span class='ocrx_word' id='word_1_509' title='bbox 645 3484 746 3541; x_wconf 71' lang='lat' dir='ltr'>laedens</span> <span class='ocrx_word' id='word_1_510' title='bbox 767 3488 911 3543; x_wconf 91' lang='lat' dir='ltr'>conscien-</span> <span class='ocrx_word' id='word_1_511' title='bbox 964 3487 1044 3563; x_wconf 74' lang='lat' dir='ltr'>«ilbi</span> <span class='ocrx_word' id='word_1_512' title='bbox 1062 3487 1136 3542; x_wconf 88' lang='lat' dir='ltr'>enim</span> <span class='ocrx_word' id='word_1_513' title='bbox 1155 3492 1197 3540; x_wconf 88' lang='lat' dir='ltr'>est</span> <span class='ocrx_word' id='word_1_514' title='bbox 1216 3484 1363 3538; x_wconf 88' lang='lat' dir='ltr'>thesaurus</span> <span class='ocrx_word' id='word_1_515' title='bbox 1384 3489 1465 3547; x_wconf 87' lang='lat' dir='ltr'>tuus,</span> <span class='ocrx_word' id='word_1_516' title='bbox 1482 3480 1519 3535; x_wconf 90' lang='lat' dir='ltr'>ibi</span> <span class='ocrx_word' id='word_1_517' title='bbox 1536 3489 1579 3535; x_wconf 91' lang='lat' dir='ltr'>est</span> <span class='ocrx_word' id='word_1_518' title='bbox 1601 3494 1650 3535; x_wconf 90' lang='lat' dir='ltr'>eor</span> <span class='ocrx_word' id='word_1_519' title='bbox 1673 3487 1752 3534; x_wconf 89' lang='lat' dir='ltr'>tuum</span> 
     </span>
     <span class='ocr_line' id='line_1_37' title="bbox 117 3569 1754 3650; baseline 0 -25"><span class='ocrx_word' id='word_1_520' title='bbox 117 3571 199 3637; x_wconf 86' lang='lat' dir='ltr'>tiam,</span> <span class='ocrx_word' id='word_1_521' title='bbox 217 3571 244 3625; x_wconf 93' lang='lat' dir='ltr'>in</span> <span class='ocrx_word' id='word_1_522' title='bbox 265 3572 350 3627; x_wconf 88' lang='lat' dir='ltr'>altero</span> <span class='ocrx_word' id='word_1_523' title='bbox 367 3571 477 3638; x_wconf 84' lang='lat' dir='ltr'>lamam,</span> <span class='ocrx_word' id='word_1_524' title='bbox 490 3587 552 3642; x_wconf 81' lang='lat' dir='ltr'>que</span> <span class='ocrx_word' id='word_1_525' title='bbox 565 3573 620 3628; x_wconf 91' lang='lat' dir='ltr'>duo</span> <span class='ocrx_word' id='word_1_526' title='bbox 639 3584 703 3629; x_wconf 92' lang='lat' dir='ltr'>sunt</span> <span class='ocrx_word' id='word_1_527' title='bbox 714 3575 817 3632; x_wconf 88' lang='lat' dir='ltr'>homini</span> <span class='ocrx_word' id='word_1_528' title='bbox 828 3577 911 3643; x_wconf 42' lang='lat' dir='ltr'>,ualde</span> <span class='ocrx_word' id='word_1_529' title='bbox 963 3579 1074 3650; x_wconf 75' lang='lat' dir='ltr'>(berth.</span> <span class='ocrx_word' id='word_1_530' title='bbox 1089 3576 1196 3646; x_wconf 64' lang='lat' dir='ltr'>scil).</span> <span class='ocrx_word' id='word_1_531' title='bbox 1213 3595 1223 3628; x_wconf 95' lang='grc' dir='ltr'>ι</span> <span class='ocrx_word' id='word_1_532' title='bbox 1240 3572 1319 3629; x_wconf 91' lang='lat' dir='ltr'>Unde</span> <span class='ocrx_word' id='word_1_533' title='bbox 1327 3571 1446 3642; x_wconf 90' lang='lat' dir='ltr'>amplius</span> <span class='ocrx_word' id='word_1_534' title='bbox 1458 3569 1583 3626; x_wconf 89' lang='lat' dir='ltr'>miranda</span> <span class='ocrx_word' id='word_1_535' title='bbox 1606 3577 1754 3625; x_wconf 88' lang='lat' dir='ltr'>csteorum</span> 
     </span>
     <span class='ocr_line' id='line_1_38' title="bbox 119 3661 1754 3740; baseline -0.004 -22"><span class='ocrx_word' id='word_1_536' title='bbox 119 3662 291 3727; x_wconf 82' lang='lat' dir='ltr'>neccssaria,</span> <span class='ocrx_word' id='word_1_537' title='bbox 307 3671 337 3718; x_wconf 91' lang='lat' dir='ltr'>ut</span> <span class='ocrx_word' id='word_1_538' title='bbox 349 3661 474 3735; x_wconf 82' lang='lat' dir='ltr'>videlicet</span> <span class='ocrx_word' id='word_1_539' title='bbox 487 3662 587 3717; x_wconf 86' lang='lat' dir='ltr'>bonnm</span> <span class='ocrx_word' id='word_1_540' title='bbox 602 3665 797 3721; x_wconf 87' lang='lat' dir='ltr'>conscientiam</span> <span class='ocrx_word' id='word_1_541' title='bbox 812 3667 912 3724; x_wconf 86' lang='lat' dir='ltr'>lrabeat</span> <span class='ocrx_word' id='word_1_542' title='bbox 963 3671 1082 3736; x_wconf 85' lang='lat' dir='ltr'>insania,</span> <span class='ocrx_word' id='word_1_543' title='bbox 1101 3684 1174 3740; x_wconf 85' lang='lat' dir='ltr'>qrrae,</span> <span class='ocrx_word' id='word_1_544' title='bbox 1196 3682 1259 3722; x_wconf 92' lang='lat' dir='ltr'>cum</span> <span class='ocrx_word' id='word_1_545' title='bbox 1282 3665 1318 3720; x_wconf 92' lang='lat' dir='ltr'>sit</span> <span class='ocrx_word' id='word_1_546' title='bbox 1332 3678 1381 3719; x_wconf 88' lang='lat' dir='ltr'>cor</span> <span class='ocrx_word' id='word_1_547' title='bbox 1404 3663 1433 3716; x_wconf 87' lang='lat' dir='ltr'>in</span> <span class='ocrx_word' id='word_1_548' title='bbox 1448 3675 1529 3728; x_wconf 86' lang='lat' dir='ltr'>terro,</span> <span class='ocrx_word' id='word_1_549' title='bbox 1545 3661 1640 3730; x_wconf 75' lang='lat' dir='ltr'>lirrpnn</span> <span class='ocrx_word' id='word_1_550' title='bbox 1661 3675 1754 3713; x_wconf 86' lang='lat' dir='ltr'>sorum</span> 
     </span>
     <span class='ocr_line' id='line_1_39' title="bbox 117 3752 1754 3829; baseline -0.001 -24"><span class='ocrx_word' id='word_1_551' title='bbox 117 3762 235 3823; x_wconf 86' lang='lat' dir='ltr'>propter</span> <span class='ocrx_word' id='word_1_552' title='bbox 253 3754 354 3809; x_wconf 91' lang='lat' dir='ltr'>suimet</span> <span class='ocrx_word' id='word_1_553' title='bbox 375 3755 503 3820; x_wconf 87' lang='lat' dir='ltr'>salutem,</span> <span class='ocrx_word' id='word_1_554' title='bbox 520 3764 548 3809; x_wconf 88' lang='lat' dir='ltr'>ct</span> <span class='ocrx_word' id='word_1_555' title='bbox 561 3753 661 3810; x_wconf 89' lang='lat' dir='ltr'>bonam</span> <span class='ocrx_word' id='word_1_556' title='bbox 686 3755 785 3813; x_wconf 85' lang='lat' dir='ltr'>tarnum</span> <span class='ocrx_word' id='word_1_557' title='bbox 802 3768 912 3829; x_wconf 90' lang='lat' dir='ltr'>propter</span> <span class='ocrx_word' id='word_1_558' title='bbox 964 3763 1061 3817; x_wconf 83' lang='lat' dir='ltr'>transit</span> <span class='ocrx_word' id='word_1_559' title='bbox 1082 3776 1098 3816; x_wconf 90' lang='lat' dir='ltr'>a</span> <span class='ocrx_word' id='word_1_560' title='bbox 1122 3757 1238 3815; x_wconf 87' lang='lat' dir='ltr'>terrenis</span> <span class='ocrx_word' id='word_1_561' title='bbox 1256 3757 1289 3812; x_wconf 88' lang='lat' dir='ltr'>ad</span> <span class='ocrx_word' id='word_1_562' title='bbox 1313 3754 1436 3811; x_wconf 85' lang='lat' dir='ltr'>eoelestia</span> <span class='ocrx_word' id='word_1_563' title='bbox 1458 3752 1640 3808; x_wconf 85' lang='lat' dir='ltr'>discutienda.</span> <span class='ocrx_word' id='word_1_564' title='bbox 1664 3752 1754 3821; x_wconf 78' lang='lat' dir='ltr'>Atque</span> 
     </span>
     <span class='ocr_line' id='line_1_40' title="bbox 118 3841 1755 3918; baseline -0.002 -18"><span class='ocrx_word' id='word_1_565' title='bbox 118 3845 465 3916; x_wconf 69' lang='lat' dir='ltr'>melibcationentproximi</span> <span class='ocrx_word' id='word_1_566' title='bbox 475 3861 557 3916; x_wconf 86' lang='lat' dir='ltr'>quem</span> <span class='ocrx_word' id='word_1_567' title='bbox 571 3846 594 3901; x_wconf 91' lang='lat' dir='ltr'>si</span> <span class='ocrx_word' id='word_1_568' title='bbox 606 3844 809 3917; x_wconf 74' lang='lat' dir='ltr'>diligitsicntse</span> <span class='ocrx_word' id='word_1_569' title='bbox 823 3849 912 3918; x_wconf 89' lang='lat' dir='ltr'>ipsum</span> <span class='ocrx_word' id='word_1_570' title='bbox 964 3853 1069 3908; x_wconf 88' lang='lat' dir='ltr'>utinam</span> <span class='ocrx_word' id='word_1_571' title='bbox 1083 3849 1166 3905; x_wconf 87' lang='lat' dir='ltr'>simul</span> <span class='ocrx_word' id='word_1_572' title='bbox 1183 3862 1246 3904; x_wconf 90' lang='lat' dir='ltr'>cum</span> <span class='ocrx_word' id='word_1_573' title='bbox 1259 3846 1353 3916; x_wconf 82' lang='lat' dir='ltr'>lispuo</span> <span class='ocrx_word' id='word_1_574' title='bbox 1366 3842 1496 3899; x_wconf 87' lang='lat' dir='ltr'>transiret</span> <span class='ocrx_word' id='word_1_575' title='bbox 1513 3842 1578 3896; x_wconf 90' lang='lat' dir='ltr'>illuc</span> <span class='ocrx_word' id='word_1_576' title='bbox 1598 3850 1626 3896; x_wconf 87' lang='lat' dir='ltr'>ct</span> <span class='ocrx_word' id='word_1_577' title='bbox 1637 3841 1703 3904; x_wconf 80' lang='lat' dir='ltr'>rita.</span> <span class='ocrx_word' id='word_1_578' title='bbox 1723 3848 1755 3896; x_wconf 94' lang='lat' dir='ltr'>ut</span> 
     </span>
     <span class='ocr_line' id='line_1_41' title="bbox 118 3932 1755 4010; baseline -0.003 -19"><span class='ocrx_word' id='word_1_579' title='bbox 118 3938 218 4010; x_wconf 84' lang='lat' dir='ltr'>procul</span> <span class='ocrx_word' id='word_1_580' title='bbox 239 3938 323 3995; x_wconf 88' lang='lat' dir='ltr'>dubio</span> <span class='ocrx_word' id='word_1_581' title='bbox 347 3946 425 3994; x_wconf 84' lang='lat' dir='ltr'>caret</span> <span class='ocrx_word' id='word_1_582' title='bbox 445 3953 479 3992; x_wconf 90' lang='lat' dir='ltr'>no</span> <span class='ocrx_word' id='word_1_583' title='bbox 502 3937 574 3992; x_wconf 84' lang='lat' dir='ltr'>niele</span> <span class='ocrx_word' id='word_1_584' title='bbox 599 3939 725 4008; x_wconf 80' lang='lat' dir='ltr'>exemplo</span> <span class='ocrx_word' id='word_1_585' title='bbox 747 3940 913 3996; x_wconf 85' lang='lat' dir='ltr'>scandalizet</span> <span class='ocrx_word' id='word_1_586' title='bbox 964 3958 1059 4001; x_wconf 91' lang='lat' dir='ltr'>eorum</span> <span class='ocrx_word' id='word_1_587' title='bbox 1075 3938 1334 3997; x_wconf 81' lang='lat' dir='ltr'>conuersatioesset</span> <span class='ocrx_word' id='word_1_588' title='bbox 1357 3935 1384 3989; x_wconf 91' lang='lat' dir='ltr'>in</span> <span class='ocrx_word' id='word_1_589' title='bbox 1404 3933 1551 4004; x_wconf 84' lang='lat' dir='ltr'>coelis,qui</span> <span class='ocrx_word' id='word_1_590' title='bbox 1565 3932 1707 4003; x_wconf 83' lang='lat' dir='ltr'>disputant</span> <span class='ocrx_word' id='word_1_591' title='bbox 1720 3932 1755 3987; x_wconf 84' lang='lat' dir='ltr'>da</span> 
     </span>
    </p>
   </div>
   <div class='ocr_carea' id='block_1_3' title="bbox 119 4035 1762 5761">
    <p class='ocr_par' dir='ltr' id='par_1_5' title="bbox 119 4035 1762 5761">
     <span class='ocr_line' id='line_1_42' title="bbox 119 4035 1062 4109; baseline -0.006 -16"><span class='ocrx_word' id='word_1_592' title='bbox 119 4038 211 4093; x_wconf 90' lang='lat' dir='ltr'>illurn.</span> <span class='ocrx_word' id='word_1_593' title='bbox 230 4037 257 4092; x_wconf 88' lang='lat' dir='ltr'>Si</span> <span class='ocrx_word' id='word_1_594' title='bbox 273 4046 362 4094; x_wconf 90' lang='lat' dir='ltr'>autem</span> <span class='ocrx_word' id='word_1_595' title='bbox 374 4040 550 4109; x_wconf 85' lang='lat' dir='ltr'>semetipsum</span> <span class='ocrx_word' id='word_1_596' title='bbox 565 4047 639 4092; x_wconf 91' lang='lat' dir='ltr'>recte</span> <span class='ocrx_word' id='word_1_597' title='bbox 657 4036 755 4109; x_wconf 81' lang='lat' dir='ltr'>diligit,</span> <span class='ocrx_word' id='word_1_598' title='bbox 770 4039 914 4095; x_wconf 87' lang='lat' dir='ltr'>conscicn·</span> <span class='ocrx_word' id='word_1_599' title='bbox 965 4035 1062 4091; x_wconf 87' lang='lat' dir='ltr'>coelisl</span> 
     </span>
     <span class='ocr_line' id='line_1_43' title="bbox 121 4115 1755 4189; baseline -0.01 -5"><span class='ocrx_word' id='word_1_600' title='bbox 121 4129 188 4185; x_wconf 90' lang='lat' dir='ltr'>tiam</span> <span class='ocrx_word' id='word_1_601' title='bbox 205 4144 283 4184; x_wconf 82' lang='lat' dir='ltr'>suain</span> <span class='ocrx_word' id='word_1_602' title='bbox 302 4127 358 4184; x_wconf 85' lang='lat' dir='ltr'>lieo</span> <span class='ocrx_word' id='word_1_603' title='bbox 369 4136 438 4185; x_wconf 86' lang='lat' dir='ltr'>teste</span> <span class='ocrx_word' id='word_1_604' title='bbox 453 4128 584 4183; x_wconf 89' lang='lat' dir='ltr'>mundam</span> <span class='ocrx_word' id='word_1_605' title='bbox 601 4141 711 4182; x_wconf 77' lang='lat' dir='ltr'>seruare</span> <span class='ocrx_word' id='word_1_606' title='bbox 724 4126 825 4182; x_wconf 90' lang='lat' dir='ltr'>studet.</span> <span class='ocrx_word' id='word_1_607' title='bbox 844 4126 914 4183; x_wconf 88' lang='lat' dir='ltr'>Num</span> <span class='ocrx_word' id='word_1_608' title='bbox 1000 4126 1107 4179; x_wconf 82' lang='lat' dir='ltr'>Aliter:</span> <span class='ocrx_word' id='word_1_609' title='bbox 1121 4122 1261 4177; x_wconf 77' lang='lat' dir='ltr'>Arbitretu</span> <span class='ocrx_word' id='word_1_610' title='bbox 1274 4135 1326 4175; x_wconf 90' lang='lat' dir='ltr'>suo</span> <span class='ocrx_word' id='word_1_611' title='bbox 1336 4120 1427 4189; x_wconf 73' lang='lat' dir='ltr'>linique</span> <span class='ocrx_word' id='word_1_612' title='bbox 1440 4134 1530 4172; x_wconf 89' lang='lat' dir='ltr'>eornm</span> <span class='ocrx_word' id='word_1_613' title='bbox 1544 4117 1668 4172; x_wconf 80' lang='lat' dir='ltr'>tranuntr</span> <span class='ocrx_word' id='word_1_614' title='bbox 1685 4115 1755 4169; x_wconf 87' lang='lat' dir='ltr'>nltrn</span> 
     </span>
     <span class='ocr_line' id='line_1_44' title="bbox 121 4208 1757 4304; baseline -0.011 -29"><span class='ocrx_word' id='word_1_615' title='bbox 121 4221 171 4292; x_wconf 77' lang='lat' dir='ltr'>spui</span> <span class='ocrx_word' id='word_1_616' title='bbox 193 4221 266 4275; x_wconf 89' lang='lat' dir='ltr'>mala</span> <span class='ocrx_word' id='word_1_617' title='bbox 286 4219 406 4275; x_wconf 91' lang='lat' dir='ltr'>intendit</span> <span class='ocrx_word' id='word_1_618' title='bbox 419 4220 478 4274; x_wconf 84' lang='lat' dir='ltr'>sole</span> <span class='ocrx_word' id='word_1_619' title='bbox 491 4217 651 4283; x_wconf 88' lang='lat' dir='ltr'>intentione,</span> <span class='ocrx_word' id='word_1_620' title='bbox 667 4216 755 4273; x_wconf 89' lang='lat' dir='ltr'>snlum</span> <span class='ocrx_word' id='word_1_621' title='bbox 773 4217 858 4273; x_wconf 86' lang='lat' dir='ltr'>Deum</span> <span class='ocrx_word' id='word_1_622' title='bbox 872 4219 914 4273; x_wconf 91' lang='lat' dir='ltr'>in·</span> <span class='ocrx_word' id='word_1_623' title='bbox 967 4224 1065 4270; x_wconf 85' lang='lat' dir='ltr'>terrem</span> <span class='ocrx_word' id='word_1_624' title='bbox 1081 4212 1160 4282; x_wconf 82' lang='lat' dir='ltr'>quusi</span> <span class='ocrx_word' id='word_1_625' title='bbox 1175 4212 1208 4265; x_wconf 90' lang='lat' dir='ltr'>ad</span> <span class='ocrx_word' id='word_1_626' title='bbox 1220 4210 1354 4273; x_wconf 73' lang='lat' dir='ltr'>caelestia,</span> <span class='ocrx_word' id='word_1_627' title='bbox 1372 4210 1419 4263; x_wconf 89' lang='lat' dir='ltr'>sed</span> <span class='ocrx_word' id='word_1_628' title='bbox 1432 4222 1526 4263; x_wconf 80' lang='lat' dir='ltr'>revera</span> <span class='ocrx_word' id='word_1_629' title='bbox 1540 4208 1567 4259; x_wconf 83' lang='lat' dir='ltr'>in</span> <span class='ocrx_word' id='word_1_630' title='bbox 1582 4216 1653 4304; x_wconf 69' lang='lat' dir='ltr'>terre</span> <span class='ocrx_word' id='word_1_631' title='bbox 1664 4212 1757 4302; x_wconf 28' lang='lat' dir='ltr'>ess-et</span> 
     </span>
     <span class='ocr_line' id='line_1_45' title="bbox 121 4291 1755 4396; baseline -0.012 -32"><span class='ocrx_word' id='word_1_632' title='bbox 121 4322 277 4384; x_wconf 83' lang='lat' dir='ltr'>spectnrenr</span> <span class='ocrx_word' id='word_1_633' title='bbox 288 4311 412 4368; x_wconf 88' lang='lat' dir='ltr'>cordium</span> <span class='ocrx_word' id='word_1_634' title='bbox 423 4310 552 4377; x_wconf 78' lang='lat' dir='ltr'>ostendis,</span> <span class='ocrx_word' id='word_1_635' title='bbox 565 4325 598 4366; x_wconf 75' lang='lat' dir='ltr'>ac</span> <span class='ocrx_word' id='word_1_636' title='bbox 611 4308 726 4379; x_wconf 72' lang='lat' dir='ltr'>proinde</span> <span class='ocrx_word' id='word_1_637' title='bbox 743 4324 855 4365; x_wconf 67' lang='lat' dir='ltr'>necesse</span> <span class='ocrx_word' id='word_1_638' title='bbox 865 4310 915 4364; x_wconf 61' lang='lat' dir='ltr'>ha.</span> <span class='ocrx_word' id='word_1_639' title='bbox 967 4302 1002 4359; x_wconf 91' lang='lat' dir='ltr'>de</span> <span class='ocrx_word' id='word_1_640' title='bbox 1016 4310 1088 4355; x_wconf 87' lang='lat' dir='ltr'>terra</span> <span class='ocrx_word' id='word_1_641' title='bbox 1097 4298 1218 4369; x_wconf 79' lang='lat' dir='ltr'>loquitur</span> <span class='ocrx_word' id='word_1_642' title='bbox 1230 4297 1310 4367; x_wconf 79' lang='lat' dir='ltr'>joma</span> <span class='ocrx_word' id='word_1_643' title='bbox 1322 4296 1387 4350; x_wconf 89' lang='lat' dir='ltr'>illud</span> <span class='ocrx_word' id='word_1_644' title='bbox 1401 4294 1497 4396; x_wconf 75' lang='lat' dir='ltr'>isaias:</span> <span class='ocrx_word' id='word_1_645' title='bbox 1523 4312 1532 4343; x_wconf 91' lang='grc' dir='ltr'>ι</span> <span class='ocrx_word' id='word_1_646' title='bbox 1549 4291 1755 4394; x_wconf 79' lang='lat' dir='ltr'>llunnbahcrrs,</span> 
     </span>
     <span class='ocr_line' id='line_1_46' title="bbox 122 4376 1756 4472; baseline -0.017 -12"><span class='ocrx_word' id='word_1_647' title='bbox 122 4406 169 4460; x_wconf 88' lang='lat' dir='ltr'>bet</span> <span class='ocrx_word' id='word_1_648' title='bbox 181 4406 274 4461; x_wconf 87' lang='lat' dir='ltr'>dicere</span> <span class='ocrx_word' id='word_1_649' title='bbox 286 4404 342 4459; x_wconf 83' lang='lat' dir='ltr'>lico</span> <span class='ocrx_word' id='word_1_650' title='bbox 360 4422 367 4459; x_wconf 72' lang='grc' dir='ltr'>ε</span> <span class='ocrx_word' id='word_1_651' title='bbox 390 4422 400 4455; x_wconf 94' lang='grc' dir='ltr'>ι</span> <span class='ocrx_word' id='word_1_652' title='bbox 418 4402 478 4457; x_wconf 84' lang='lat' dir='ltr'>Tibi</span> <span class='ocrx_word' id='word_1_653' title='bbox 493 4402 544 4457; x_wconf 90' lang='lat' dir='ltr'>soli</span> <span class='ocrx_word' id='word_1_654' title='bbox 563 4402 685 4472; x_wconf 80' lang='lat' dir='ltr'>peccari,</span> <span class='ocrx_word' id='word_1_655' title='bbox 700 4409 727 4456; x_wconf 91' lang='lat' dir='ltr'>et</span> <span class='ocrx_word' id='word_1_656' title='bbox 747 4400 851 4456; x_wconf 85' lang='lat' dir='ltr'>malum</span> <span class='ocrx_word' id='word_1_657' title='bbox 866 4416 915 4457; x_wconf 88' lang='lat' dir='ltr'>co·</span> <span class='ocrx_word' id='word_1_658' title='bbox 932 4376 1003 4450; x_wconf 64' lang='lat' dir='ltr'>I&#39;de</span> <span class='ocrx_word' id='word_1_659' title='bbox 1017 4401 1090 4447; x_wconf 86' lang='lat' dir='ltr'>tcrra</span> <span class='ocrx_word' id='word_1_660' title='bbox 1102 4389 1244 4460; x_wconf 86' lang='lat' dir='ltr'>loqueris:</span> <span class='ocrx_word' id='word_1_661' title='bbox 1262 4386 1294 4442; x_wconf 86' lang='lat' dir='ltr'>Et</span> <span class='ocrx_word' id='word_1_662' title='bbox 1317 4387 1369 4441; x_wconf 88' lang='lat' dir='ltr'>erit</span> <span class='ocrx_word' id='word_1_663' title='bbox 1383 4401 1463 4457; x_wconf 87' lang='lat' dir='ltr'>quasi</span> <span class='ocrx_word' id='word_1_664' title='bbox 1479 4384 1609 4456; x_wconf 82' lang='lat' dir='ltr'>pythonis</span> <span class='ocrx_word' id='word_1_665' title='bbox 1624 4396 1676 4437; x_wconf 81' lang='lat' dir='ltr'>unx</span> <span class='ocrx_word' id='word_1_666' title='bbox 1697 4390 1756 4444; x_wconf 84' lang='lat' dir='ltr'>tun,</span> 
     </span>
     <span class='ocr_line' id='line_1_47' title="bbox 121 4472 1755 4577; baseline -0.016 -26"><span class='ocrx_word' id='word_1_667' title='bbox 121 4511 183 4551; x_wconf 89' lang='lat' dir='ltr'>ram</span> <span class='ocrx_word' id='word_1_668' title='bbox 199 4505 227 4551; x_wconf 91' lang='lat' dir='ltr'>te</span> <span class='ocrx_word' id='word_1_669' title='bbox 241 4493 294 4551; x_wconf 89' lang='lat' dir='ltr'>leci</span> <span class='ocrx_word' id='word_1_670' title='bbox 309 4493 399 4563; x_wconf 79' lang='lat' dir='ltr'>(Psoi.</span> <span class='ocrx_word' id='word_1_671' title='bbox 422 4509 448 4559; x_wconf 85' lang='lat' dir='ltr'>n,</span> <span class='ocrx_word' id='word_1_672' title='bbox 464 4492 503 4561; x_wconf 85' lang='grc'>6).</span> <span class='ocrx_word' id='word_1_673' title='bbox 519 4511 529 4543; x_wconf 94' lang='grc' dir='ltr'>ι</span> <span class='ocrx_word' id='word_1_674' title='bbox 543 4491 595 4559; x_wconf 82' lang='lat' dir='ltr'>eri</span> <span class='ocrx_word' id='word_1_675' title='bbox 608 4501 699 4549; x_wconf 89' lang='lat' dir='ltr'>antem</span> <span class='ocrx_word' id='word_1_676' title='bbox 712 4492 851 4548; x_wconf 87' lang='lat' dir='ltr'>locutione</span> <span class='ocrx_word' id='word_1_677' title='bbox 866 4507 914 4548; x_wconf 91' lang='lat' dir='ltr'>seu</span> <span class='ocrx_word' id='word_1_678' title='bbox 967 4484 1039 4542; x_wconf 88' lang='lat' dir='ltr'>etde</span> <span class='ocrx_word' id='word_1_679' title='bbox 1052 4483 1138 4538; x_wconf 91' lang='lat' dir='ltr'>humo</span> <span class='ocrx_word' id='word_1_680' title='bbox 1156 4481 1297 4553; x_wconf 87' lang='lat' dir='ltr'>eloquium</span> <span class='ocrx_word' id='word_1_681' title='bbox 1312 4488 1390 4535; x_wconf 90' lang='lat' dir='ltr'>tuum</span> <span class='ocrx_word' id='word_1_682' title='bbox 1407 4475 1566 4533; x_wconf 89' lang='lat' dir='ltr'>mussitabit</span> <span class='ocrx_word' id='word_1_683' title='bbox 1578 4472 1651 4577; x_wconf 61' lang='lat' dir='ltr'>ileu.</span> <span class='ocrx_word' id='word_1_684' title='bbox 1677 4488 1755 4573; x_wconf 69' lang='lat' dir='ltr'>xxix.</span> 
     </span>
     <span class='ocr_line' id='line_1_48' title="bbox 122 4565 1757 4668; baseline -0.007 -26"><span class='ocrx_word' id='word_1_685' title='bbox 122 4594 152 4642; x_wconf 88' lang='lat' dir='ltr'>et</span> <span class='ocrx_word' id='word_1_686' title='bbox 163 4584 326 4658; x_wconf 90' lang='lat' dir='ltr'>operatione</span> <span class='ocrx_word' id='word_1_687' title='bbox 338 4585 410 4640; x_wconf 90' lang='lat' dir='ltr'>mala</span> <span class='ocrx_word' id='word_1_688' title='bbox 423 4582 539 4654; x_wconf 82' lang='lat' dir='ltr'>cogitata</span> <span class='ocrx_word' id='word_1_689' title='bbox 553 4582 760 4649; x_wconf 85' lang='lat' dir='ltr'>inrisostendit‚</span> <span class='ocrx_word' id='word_1_690' title='bbox 775 4583 916 4653; x_wconf 81' lang='lat' dir='ltr'>prosimos</span> <span class='ocrx_word' id='word_1_691' title='bbox 945 4622 950 4627; x_wconf 89' lang='lat'>.</span> <span class='ocrx_word' id='word_1_692' title='bbox 967 4575 1008 4646; x_wconf 75' lang='lat' dir='ltr'>dl.</span> <span class='ocrx_word' id='word_1_693' title='bbox 1023 4594 1032 4627; x_wconf 85' lang='grc' dir='ltr'>ι</span> <span class='ocrx_word' id='word_1_694' title='bbox 1053 4572 1121 4629; x_wconf 87' lang='lat' dir='ltr'>Nam</span> <span class='ocrx_word' id='word_1_695' title='bbox 1138 4572 1289 4644; x_wconf 78' lang='lat' dir='ltr'>spiritualis</span> <span class='ocrx_word' id='word_1_696' title='bbox 1313 4570 1413 4636; x_wconf 63' lang='lat' dir='ltr'>b0¹n⁰s</span> <span class='ocrx_word' id='word_1_697' title='bbox 1431 4568 1479 4639; x_wconf 88' lang='lat' dir='ltr'>qni</span> <span class='ocrx_word' id='word_1_698' title='bbox 1500 4565 1632 4668; x_wconf 48' lang='lat' dir='ltr'>dijudica!</span> <span class='ocrx_word' id='word_1_699' title='bbox 1652 4578 1757 4667; x_wconf 83' lang='lat' dir='ltr'>omnin,</span> 
     </span>
     <span class='ocr_line' id='line_1_49' title="bbox 124 4653 1758 4760; baseline -0.018 -23"><span class='ocrx_word' id='word_1_700' title='bbox 124 4682 184 4736; x_wconf 78' lang='lat' dir='ltr'>baec</span> <span class='ocrx_word' id='word_1_701' title='bbox 202 4678 346 4736; x_wconf 89' lang='lat' dir='ltr'>audientes</span> <span class='ocrx_word' id='word_1_702' title='bbox 367 4686 415 4733; x_wconf 85' lang='lat' dir='ltr'>aut</span> <span class='ocrx_word' id='word_1_703' title='bbox 434 4676 558 4734; x_wconf 85' lang='lat' dir='ltr'>videntes</span> <span class='ocrx_word' id='word_1_704' title='bbox 576 4671 690 4731; x_wconf 76' lang='lat' dir='ltr'>offendit</span> <span class='ocrx_word' id='word_1_705' title='bbox 707 4685 805 4732; x_wconf 88' lang='lat' dir='ltr'>contra</span> <span class='ocrx_word' id='word_1_706' title='bbox 824 4675 916 4730; x_wconf 87' lang='lat' dir='ltr'>illud:</span> <span class='ocrx_word' id='word_1_707' title='bbox 968 4675 996 4722; x_wconf 88' lang='lat' dir='ltr'>et</span> <span class='ocrx_word' id='word_1_708' title='bbox 1008 4667 1092 4736; x_wconf 80' lang='lat' dir='ltr'>ipses</span> <span class='ocrx_word' id='word_1_709' title='bbox 1110 4664 1220 4721; x_wconf 89' lang='lat' dir='ltr'>nemine</span> <span class='ocrx_word' id='word_1_710' title='bbox 1238 4662 1378 4733; x_wconf 83' lang='lat' dir='ltr'>judicatur</span> <span class='ocrx_word' id='word_1_711' title='bbox 1402 4659 1511 4730; x_wconf 89' lang='lat' dir='ltr'>quoties</span> <span class='ocrx_word' id='word_1_712' title='bbox 1527 4654 1687 4760; x_wconf 65' lang='lat' dir='ltr'>hujusmodi</span> <span class='ocrx_word' id='word_1_713' title='bbox 1704 4653 1758 4708; x_wconf 92' lang='lat' dir='ltr'>ho·</span> 
     </span>
     <span class='ocr_line' id='line_1_50' title="bbox 127 4747 1758 4853; baseline -0.014 -31"><span class='ocrx_word' id='word_1_714' title='bbox 127 4791 138 4822; x_wconf 83' lang='grc' dir='ltr'>ι</span> <span class='ocrx_word' id='word_1_715' title='bbox 156 4771 260 4827; x_wconf 88' lang='lat' dir='ltr'>nemini</span> <span class='ocrx_word' id='word_1_716' title='bbox 275 4770 372 4826; x_wconf 88' lang='lat' dir='ltr'>dautes</span> <span class='ocrx_word' id='word_1_717' title='bbox 383 4769 466 4824; x_wconf 89' lang='lat' dir='ltr'>ullam</span> <span class='ocrx_word' id='word_1_718' title='bbox 481 4765 658 4823; x_wconf 87' lang='lat' dir='ltr'>olierrsionem</span> <span class='ocrx_word' id='word_1_719' title='bbox 672 4763 715 4835; x_wconf 90' lang='lat' dir='ltr'>(ll</span> <span class='ocrx_word' id='word_1_720' title='bbox 728 4764 789 4820; x_wconf 85' lang='lat' dir='ltr'>Cor.</span> <span class='ocrx_word' id='word_1_721' title='bbox 804 4780 843 4831; x_wconf 87' lang='lat' dir='ltr'>rr,</span> <span class='ocrx_word' id='word_1_722' title='bbox 855 4764 915 4835; x_wconf 78' lang='lat' dir='ltr'>3).r</span> <span class='ocrx_word' id='word_1_723' title='bbox 968 4760 1075 4816; x_wconf 90' lang='lat' dir='ltr'>minum</span> <span class='ocrx_word' id='word_1_724' title='bbox 1091 4758 1221 4815; x_wconf 85' lang='lat' dir='ltr'>dictaret</span> <span class='ocrx_word' id='word_1_725' title='bbox 1241 4754 1340 4824; x_wconf 90' lang='lat' dir='ltr'>scripta</span> <span class='ocrx_word' id='word_1_726' title='bbox 1368 4750 1518 4810; x_wconf 84' lang='lat' dir='ltr'>examinat.</span> <span class='ocrx_word' id='word_1_727' title='bbox 1542 4763 1603 4853; x_wconf 78' lang='lat' dir='ltr'>quse</span> <span class='ocrx_word' id='word_1_728' title='bbox 1627 4747 1683 4802; x_wconf 88' lang='lat' dir='ltr'>rllre</span> <span class='ocrx_word' id='word_1_729' title='bbox 1708 4759 1758 4850; x_wconf 78' lang='lat' dir='ltr'>sus</span> 
     </span>
     <span class='ocr_line' id='line_1_51' title="bbox 120 4837 1759 4943; baseline -0.016 -25"><span class='ocrx_word' id='word_1_730' title='bbox 120 4862 244 4919; x_wconf 79' lang='lat' dir='ltr'>Proinde</span> <span class='ocrx_word' id='word_1_731' title='bbox 256 4863 358 4934; x_wconf 91' lang='lat' dir='ltr'>impius</span> <span class='ocrx_word' id='word_1_732' title='bbox 368 4862 395 4917; x_wconf 93' lang='lat' dir='ltr'>in</span> <span class='ocrx_word' id='word_1_733' title='bbox 410 4859 496 4916; x_wconf 84' lang='lat' dir='ltr'>neum</span> <span class='ocrx_word' id='word_1_734' title='bbox 510 4868 619 4931; x_wconf 91' lang='lat' dir='ltr'>propter</span> <span class='ocrx_word' id='word_1_735' title='bbox 629 4858 759 4929; x_wconf 90' lang='lat' dir='ltr'>pollutam</span> <span class='ocrx_word' id='word_1_736' title='bbox 776 4855 919 4912; x_wconf 83' lang='lat' dir='ltr'>conscien·</span> <span class='ocrx_word' id='word_1_737' title='bbox 969 4853 1050 4926; x_wconf 87' lang='lat' dir='ltr'>quasi</span> <span class='ocrx_word' id='word_1_738' title='bbox 1066 4853 1139 4907; x_wconf 87' lang='lat' dir='ltr'>lusto</span> <span class='ocrx_word' id='word_1_739' title='bbox 1154 4849 1243 4906; x_wconf 84' lang='lat' dir='ltr'>ablata</span> <span class='ocrx_word' id='word_1_740' title='bbox 1264 4845 1378 4911; x_wconf 80' lang='lat' dir='ltr'>inuenit,</span> <span class='ocrx_word' id='word_1_741' title='bbox 1390 4858 1422 4899; x_wconf 87' lang='lat' dir='ltr'>ca</span> <span class='ocrx_word' id='word_1_742' title='bbox 1434 4857 1554 4913; x_wconf 73' lang='lat' dir='ltr'>persaepe</span> <span class='ocrx_word' id='word_1_743' title='bbox 1566 4857 1594 4896; x_wconf 92' lang='lat' dir='ltr'>m</span> <span class='ocrx_word' id='word_1_744' title='bbox 1606 4855 1689 4897; x_wconf 87' lang='lat' dir='ltr'>usum</span> <span class='ocrx_word' id='word_1_745' title='bbox 1701 4837 1759 4943; x_wconf 72' lang='lat' dir='ltr'>dss-</span> 
     </span>
     <span class='ocr_line' id='line_1_52' title="bbox 125 4936 1757 5039; baseline -0.017 -27"><span class='ocrx_word' id='word_1_746' title='bbox 125 4958 205 5023; x_wconf 75' lang='lat' dir='ltr'>uam,</span> <span class='ocrx_word' id='word_1_747' title='bbox 231 4955 352 5012; x_wconf 88' lang='lat' dir='ltr'>crudelis</span> <span class='ocrx_word' id='word_1_748' title='bbox 369 4955 397 5009; x_wconf 92' lang='lat' dir='ltr'>in</span> <span class='ocrx_word' id='word_1_749' title='bbox 410 4952 568 5024; x_wconf 80' lang='lat' dir='ltr'>proximum</span> <span class='ocrx_word' id='word_1_750' title='bbox 584 4959 696 5022; x_wconf 88' lang='lat' dir='ltr'>propter</span> <span class='ocrx_word' id='word_1_751' title='bbox 710 4948 862 5020; x_wconf 72' lang='lat' dir='ltr'>neglectam</span> <span class='ocrx_word' id='word_1_752' title='bbox 878 4946 919 5003; x_wconf 85' lang='lat' dir='ltr'>la·</span> <span class='ocrx_word' id='word_1_753' title='bbox 970 4944 1079 5001; x_wconf 88' lang='lat' dir='ltr'>serendi</span> <span class='ocrx_word' id='word_1_754' title='bbox 1104 4940 1221 4999; x_wconf 88' lang='lat' dir='ltr'>assumit</span> <span class='ocrx_word' id='word_1_755' title='bbox 1236 4952 1317 5008; x_wconf 77' lang='lat' dir='ltr'>:quar</span> <span class='ocrx_word' id='word_1_756' title='bbox 1340 4950 1406 4992; x_wconf 84' lang='lat' dir='ltr'>nero</span> <span class='ocrx_word' id='word_1_757' title='bbox 1421 4936 1530 5039; x_wconf 74' lang='lat' dir='ltr'>illorum</span> <span class='ocrx_word' id='word_1_758' title='bbox 1556 4942 1620 4990; x_wconf 90' lang='lat' dir='ltr'>sunt</span> <span class='ocrx_word' id='word_1_759' title='bbox 1636 4945 1757 5034; x_wconf 79' lang='lat' dir='ltr'>propria,</span> 
     </span>
     <span class='ocr_line' id='line_1_53' title="bbox 124 5021 1758 5126; baseline -0.019 -22"><span class='ocrx_word' id='word_1_760' title='bbox 124 5065 214 5114; x_wconf 85' lang='lat' dir='ltr'>marn,</span> <span class='ocrx_word' id='word_1_761' title='bbox 228 5048 252 5103; x_wconf 88' lang='lat' dir='ltr'>si</span> <span class='ocrx_word' id='word_1_762' title='bbox 278 5046 416 5117; x_wconf 89' lang='lat' dir='ltr'>resipiscit</span> <span class='ocrx_word' id='word_1_763' title='bbox 430 5059 542 5101; x_wconf 87' lang='lat' dir='ltr'>necesse</span> <span class='ocrx_word' id='word_1_764' title='bbox 566 5042 648 5097; x_wconf 84' lang='lat' dir='ltr'>habet</span> <span class='ocrx_word' id='word_1_765' title='bbox 663 5030 755 5097; x_wconf 85' lang='lat' dir='ltr'>dicere</span> <span class='ocrx_word' id='word_1_766' title='bbox 778 5057 786 5094; x_wconf 71' lang='grc' dir='ltr'><strong><em>ε</em></strong></span> <span class='ocrx_word' id='word_1_767' title='bbox 814 5058 824 5091; x_wconf 93' lang='grc' dir='ltr'>ι</span> <span class='ocrx_word' id='word_1_768' title='bbox 838 5037 919 5093; x_wconf 85' lang='lat' dir='ltr'>Pater</span> <span class='ocrx_word' id='word_1_769' title='bbox 970 5037 1102 5108; x_wconf 83' lang='lat' dir='ltr'>quoniam</span> <span class='ocrx_word' id='word_1_770' title='bbox 1113 5031 1337 5101; x_wconf 88' lang='lat' dir='ltr'>cumloqnuntnr</span> <span class='ocrx_word' id='word_1_771' title='bbox 1354 5027 1526 5084; x_wconf 87' lang='lat' dir='ltr'>mendacrum</span> <span class='ocrx_word' id='word_1_772' title='bbox 1541 5021 1758 5126; x_wconf 27' lang='lat' dir='ltr'>erlprnprnslo·</span> 
     </span>
     <span class='ocr_line' id='line_1_54' title="bbox 124 5119 1759 5211; baseline -0.021 -16"><span class='ocrx_word' id='word_1_773' title='bbox 124 5140 238 5211; x_wconf 85' lang='lat' dir='ltr'>peccari</span> <span class='ocrx_word' id='word_1_774' title='bbox 252 5140 282 5193; x_wconf 94' lang='lat' dir='ltr'>in</span> <span class='ocrx_word' id='word_1_775' title='bbox 303 5139 416 5203; x_wconf 74' lang='lat' dir='ltr'>celum,</span> <span class='ocrx_word' id='word_1_776' title='bbox 431 5145 459 5192; x_wconf 92' lang='lat' dir='ltr'>ct</span> <span class='ocrx_word' id='word_1_777' title='bbox 472 5149 568 5192; x_wconf 91' lang='lat' dir='ltr'>coram</span> <span class='ocrx_word' id='word_1_778' title='bbox 590 5141 615 5189; x_wconf 90' lang='lat' dir='ltr'>te</span> <span class='ocrx_word' id='word_1_779' title='bbox 629 5131 707 5205; x_wconf 76' lang='lat' dir='ltr'>(Luc.</span> <span class='ocrx_word' id='word_1_780' title='bbox 719 5146 767 5197; x_wconf 80' lang='lat' dir='ltr'>sn,</span> <span class='ocrx_word' id='word_1_781' title='bbox 782 5128 836 5201; x_wconf 80' lang='lat' dir='ltr'>tt).</span> <span class='ocrx_word' id='word_1_782' title='bbox 856 5150 866 5181; x_wconf 94' lang='grc' dir='ltr'>ι</span> <span class='ocrx_word' id='word_1_783' title='bbox 889 5128 919 5185; x_wconf 92' lang='lat' dir='ltr'>ln</span> <span class='ocrx_word' id='word_1_784' title='bbox 970 5135 1104 5201; x_wconf 73' lang='lat' dir='ltr'>punietur,</span> <span class='ocrx_word' id='word_1_785' title='bbox 1119 5125 1179 5179; x_wconf 77' lang='lat' dir='ltr'>haec</span> <span class='ocrx_word' id='word_1_786' title='bbox 1195 5121 1327 5192; x_wconf 89' lang='lat' dir='ltr'>spiritalis</span> <span class='ocrx_word' id='word_1_787' title='bbox 1354 5119 1480 5190; x_wconf 89' lang='lat' dir='ltr'>repudiat</span> <span class='ocrx_word' id='word_1_788' title='bbox 1505 5125 1692 5186; x_wconf 78' lang='lat' dir='ltr'>quesitorem</span> <span class='ocrx_word' id='word_1_789' title='bbox 1711 5124 1759 5178; x_wconf 82' lang='lat' dir='ltr'>py-</span> 
     </span>
     <span class='ocr_line' id='line_1_55' title="bbox 124 5212 1666 5299; baseline -0.016 -9"><span class='ocrx_word' id='word_1_790' title='bbox 124 5234 240 5299; x_wconf 84' lang='lat' dir='ltr'>otelum‚</span> <span class='ocrx_word' id='word_1_791' title='bbox 256 5251 266 5284; x_wconf 86' lang='grc' dir='ltr'>ι</span> <span class='ocrx_word' id='word_1_792' title='bbox 285 5231 312 5287; x_wconf 91' lang='lat' dir='ltr'>id</span> <span class='ocrx_word' id='word_1_793' title='bbox 333 5237 376 5286; x_wconf 89' lang='lat' dir='ltr'>est</span> <span class='ocrx_word' id='word_1_794' title='bbox 401 5229 430 5285; x_wconf 89' lang='lat' dir='ltr'>in</span> <span class='ocrx_word' id='word_1_795' title='bbox 444 5236 566 5293; x_wconf 83' lang='lat' dir='ltr'>sanctos,</span> <span class='ocrx_word' id='word_1_796' title='bbox 579 5225 628 5296; x_wconf 84' lang='lat' dir='ltr'>qui</span> <span class='ocrx_word' id='word_1_797' title='bbox 650 5223 750 5280; x_wconf 85' lang='lat' dir='ltr'>coelum</span> <span class='ocrx_word' id='word_1_798' title='bbox 774 5230 849 5289; x_wconf 82' lang='lat' dir='ltr'>sunt,</span> <span class='ocrx_word' id='word_1_799' title='bbox 872 5220 920 5291; x_wconf 84' lang='lat' dir='ltr'>qui</span> <span class='ocrx_word' id='word_1_800' title='bbox 972 5217 1064 5275; x_wconf 91' lang='lat' dir='ltr'>thenis</span> <span class='ocrx_word' id='word_1_801' title='bbox 1081 5216 1199 5272; x_wconf 85' lang='lat' dir='ltr'>detersa</span> <span class='ocrx_word' id='word_1_802' title='bbox 1214 5212 1397 5269; x_wconf 85' lang='lat' dir='ltr'>mussitantis.</span> <span class='ocrx_word' id='word_1_803' title='bbox 1664 5260 1666 5265; x_wconf 91' lang='lat'>.</span> 
     </span>
     <span class='ocr_line' id='line_1_56' title="bbox 125 5289 1759 5401; baseline -0.026 -19"><span class='ocrx_word' id='word_1_804' title='bbox 125 5325 199 5382; x_wconf 86' lang='lat' dir='ltr'>meis</span> <span class='ocrx_word' id='word_1_805' title='bbox 213 5321 335 5396; x_wconf 86' lang='lat' dir='ltr'>pcccatis</span> <span class='ocrx_word' id='word_1_806' title='bbox 353 5319 420 5377; x_wconf 81' lang='lat' dir='ltr'>risis</span> <span class='ocrx_word' id='word_1_807' title='bbox 431 5318 473 5374; x_wconf 86' lang='lat' dir='ltr'>rel</span> <span class='ocrx_word' id='word_1_808' title='bbox 487 5315 590 5372; x_wconf 89' lang='lat' dir='ltr'>auditis</span> <span class='ocrx_word' id='word_1_809' title='bbox 605 5313 702 5368; x_wconf 87' lang='lat' dir='ltr'>ollensi</span> <span class='ocrx_word' id='word_1_810' title='bbox 718 5320 745 5367; x_wconf 93' lang='lat' dir='ltr'>ct</span> <span class='ocrx_word' id='word_1_811' title='bbox 765 5309 921 5367; x_wconf 87' lang='lat' dir='ltr'>contristati</span> <span class='ocrx_word' id='word_1_812' title='bbox 1007 5307 1080 5363; x_wconf 83' lang='lat' dir='ltr'>Prns</span> <span class='ocrx_word' id='word_1_813' title='bbox 1096 5322 1223 5363; x_wconf 80' lang='lat' dir='ltr'>secunus.</span> <span class='ocrx_word' id='word_1_814' title='bbox 1243 5303 1326 5360; x_wconf 78' lang='lat' dir='ltr'>Vens.</span> <span class='ocrx_word' id='word_1_815' title='bbox 1338 5301 1382 5357; x_wconf 85' lang='lat' dir='ltr'>ll).</span> <span class='ocrx_word' id='word_1_816' title='bbox 1400 5298 1464 5401; x_wconf 70' lang='lat' dir='ltr'>ideo</span> <span class='ocrx_word' id='word_1_817' title='bbox 1475 5303 1638 5400; x_wconf 64' lang='lat' dir='ltr'>concertetur</span> <span class='ocrx_word' id='word_1_818' title='bbox 1647 5289 1759 5390; x_wconf 74' lang='lat' dir='ltr'>populns</span> 
     </span>
     <span class='ocr_line' id='line_1_57' title="bbox 124 5378 1760 5487; baseline -0.027 -13"><span class='ocrx_word' id='word_1_819' title='bbox 124 5428 205 5475; x_wconf 81' lang='lat' dir='ltr'>suut.</span> <span class='ocrx_word' id='word_1_820' title='bbox 221 5435 231 5468; x_wconf 92' lang='grc' dir='ltr'>ι</span> <span class='ocrx_word' id='word_1_821' title='bbox 248 5413 349 5471; x_wconf 89' lang='lat' dir='ltr'>Coram</span> <span class='ocrx_word' id='word_1_822' title='bbox 364 5422 389 5468; x_wconf 93' lang='lat' dir='ltr'>te</span> <span class='ocrx_word' id='word_1_823' title='bbox 403 5431 412 5464; x_wconf 95' lang='grc' dir='ltr'>ι</span> <span class='ocrx_word' id='word_1_824' title='bbox 426 5412 500 5467; x_wconf 89' lang='lat' dir='ltr'>intus</span> <span class='ocrx_word' id='word_1_825' title='bbox 515 5409 543 5465; x_wconf 93' lang='lat' dir='ltr'>iu</span> <span class='ocrx_word' id='word_1_826' title='bbox 556 5405 638 5463; x_wconf 90' lang='lat' dir='ltr'>corde</span> <span class='ocrx_word' id='word_1_827' title='bbox 653 5403 752 5459; x_wconf 89' lang='lat' dir='ltr'>multas</span> <span class='ocrx_word' id='word_1_828' title='bbox 762 5403 923 5458; x_wconf 64' lang='lat' dir='ltr'>matasmae</span> <span class='ocrx_word' id='word_1_829' title='bbox 973 5397 1108 5454; x_wconf 75' lang='lat' dir='ltr'>neustrie.</span> <span class='ocrx_word' id='word_1_830' title='bbox 1126 5393 1303 5463; x_wconf 87' lang='lat' dir='ltr'>insuperiori</span> <span class='ocrx_word' id='word_1_831' title='bbox 1325 5397 1401 5461; x_wconf 85' lang='lat' dir='ltr'>parte</span> <span class='ocrx_word' id='word_1_832' title='bbox 1417 5398 1468 5442; x_wconf 84' lang='lat' dir='ltr'>tris</span> <span class='ocrx_word' id='word_1_833' title='bbox 1485 5385 1554 5441; x_wconf 85' lang='lat' dir='ltr'>drrrt</span> <span class='ocrx_word' id='word_1_834' title='bbox 1571 5381 1671 5483; x_wconf 79' lang='lat' dir='ltr'>Asopis.</span> <span class='ocrx_word' id='word_1_835' title='bbox 1686 5378 1760 5487; x_wconf 57' lang='lat' dir='ltr'>scih:</span> 
     </span>
     <span class='ocr_line' id='line_1_58' title="bbox 125 5471 1761 5581; baseline -0.027 -15"><span class='ocrx_word' id='word_1_836' title='bbox 125 5505 448 5578; x_wconf 74' lang='lat' dir='ltr'>chinanscogitationes,</span> <span class='ocrx_word' id='word_1_837' title='bbox 462 5511 488 5559; x_wconf 89' lang='lat' dir='ltr'>te</span> <span class='ocrx_word' id='word_1_838' title='bbox 501 5502 666 5571; x_wconf 83' lang='lat' dir='ltr'>inspectore.</span> <span class='ocrx_word' id='word_1_839' title='bbox 679 5494 863 5551; x_wconf 88' lang='lat' dir='ltr'>Sicdeberent</span> <span class='ocrx_word' id='word_1_840' title='bbox 877 5491 922 5546; x_wconf 87' lang='lat' dir='ltr'>isti</span> <span class='ocrx_word' id='word_1_841' title='bbox 973 5501 1123 5561; x_wconf 86' lang='lat' dir='ltr'>cetpaeem</span> <span class='ocrx_word' id='word_1_842' title='bbox 1145 5484 1292 5545; x_wconf 83' lang='lat' dir='ltr'>malorum,</span> <span class='ocrx_word' id='word_1_843' title='bbox 1308 5489 1410 5581; x_wconf 78' lang='lat' dir='ltr'>etqua</span> <span class='ocrx_word' id='word_1_844' title='bbox 1431 5474 1549 5578; x_wconf 72' lang='lat' dir='ltr'>malade</span> <span class='ocrx_word' id='word_1_845' title='bbox 1562 5471 1761 5574; x_wconf 80' lang='lat' dir='ltr'>pacerllacon·</span> 
     </span>
     <span class='ocr_line' id='line_1_59' title="bbox 126 5566 1762 5668; baseline -0.028 -7"><span class='ocrx_word' id='word_1_846' title='bbox 126 5600 257 5661; x_wconf 82' lang='lat' dir='ltr'>confiteri</span> <span class='ocrx_word' id='word_1_847' title='bbox 274 5613 306 5654; x_wconf 89' lang='lat' dir='ltr'>se</span> <span class='ocrx_word' id='word_1_848' title='bbox 318 5609 447 5668; x_wconf 88' lang='lat' dir='ltr'>peccasse</span> <span class='ocrx_word' id='word_1_849' title='bbox 461 5594 488 5649; x_wconf 93' lang='lat' dir='ltr'>in</span> <span class='ocrx_word' id='word_1_850' title='bbox 504 5592 615 5649; x_wconf 84' lang='lat' dir='ltr'>coelum.</span> <span class='ocrx_word' id='word_1_851' title='bbox 634 5588 668 5642; x_wconf 91' lang='lat' dir='ltr'>llt</span> <span class='ocrx_word' id='word_1_852' title='bbox 680 5587 719 5642; x_wconf 91' lang='lat' dir='ltr'>illi</span> <span class='ocrx_word' id='word_1_853' title='bbox 975 5583 1093 5653; x_wconf 78' lang='lat' dir='ltr'>tingunt,</span> <span class='ocrx_word' id='word_1_854' title='bbox 1105 5585 1133 5633; x_wconf 88' lang='lat' dir='ltr'>et</span> <span class='ocrx_word' id='word_1_855' title='bbox 1151 5573 1225 5647; x_wconf 82' lang='lat' dir='ltr'>quod</span> <span class='ocrx_word' id='word_1_856' title='bbox 1249 5573 1307 5627; x_wconf 87' lang='lat' dir='ltr'>zelo</span> <span class='ocrx_word' id='word_1_857' title='bbox 1331 5572 1415 5639; x_wconf 69' lang='lat' dir='ltr'>husus</span> <span class='ocrx_word' id='word_1_858' title='bbox 1427 5580 1502 5637; x_wconf 83' lang='lat' dir='ltr'>pacis</span> <span class='ocrx_word' id='word_1_859' title='bbox 1528 5572 1613 5667; x_wconf 37' lang='lat' dir='ltr'>coeprt·</span> <span class='ocrx_word' id='word_1_860' title='bbox 1626 5569 1722 5616; x_wconf 82' lang='lat' dir='ltr'>nutare</span> <span class='ocrx_word' id='word_1_861' title='bbox 1734 5566 1762 5615; x_wconf 85' lang='lat' dir='ltr'>et</span> 
     </span>
     <span class='ocr_line' id='line_1_60' title="bbox 168 5655 1762 5761; baseline -0.029 -12"><span class='ocrx_word' id='word_1_862' title='bbox 168 5692 254 5761; x_wconf 65' lang='lat' dir='ltr'>i‘essss</span> <span class='ocrx_word' id='word_1_863' title='bbox 273 5691 300 5747; x_wconf 83' lang='lat' dir='ltr'>b.</span> <span class='ocrx_word' id='word_1_864' title='bbox 318 5690 469 5753; x_wconf 80' lang='lat' dir='ltr'>Posusrnnt</span> <span class='ocrx_word' id='word_1_865' title='bbox 490 5687 516 5740; x_wconf 89' lang='lat' dir='ltr'>ln</span> <span class='ocrx_word' id='word_1_866' title='bbox 532 5685 625 5739; x_wconf 84' lang='lat' dir='ltr'>coehnn</span> <span class='ocrx_word' id='word_1_867' title='bbox 641 5699 668 5737; x_wconf 89' lang='lat' dir='ltr'>os</span> <span class='ocrx_word' id='word_1_868' title='bbox 687 5696 774 5744; x_wconf 84' lang='lat' dir='ltr'>srrrun,</span> <span class='ocrx_word' id='word_1_869' title='bbox 792 5686 816 5733; x_wconf 81' lang='lat' dir='ltr'>et</span> <span class='ocrx_word' id='word_1_870' title='bbox 832 5677 925 5746; x_wconf 72' lang='lat' dir='ltr'>linque</span> <span class='ocrx_word' id='word_1_871' title='bbox 977 5688 1080 5728; x_wconf 78' lang='lat' dir='ltr'>errare.</span> <span class='ocrx_word' id='word_1_872' title='bbox 1107 5669 1184 5725; x_wconf 86' lang='lat' dir='ltr'>Nunc</span> <span class='ocrx_word' id='word_1_873' title='bbox 1200 5669 1226 5725; x_wconf 92' lang='lat' dir='ltr'>in</span> <span class='ocrx_word' id='word_1_874' title='bbox 1241 5667 1292 5722; x_wconf 87' lang='lat' dir='ltr'>bac</span> <span class='ocrx_word' id='word_1_875' title='bbox 1305 5664 1424 5723; x_wconf 84' lang='lat' dir='ltr'>secunda</span> <span class='ocrx_word' id='word_1_876' title='bbox 1451 5668 1526 5732; x_wconf 85' lang='lat' dir='ltr'>parte</span> <span class='ocrx_word' id='word_1_877' title='bbox 1541 5655 1656 5729; x_wconf 81' lang='lat' dir='ltr'>qualiter</span> <span class='ocrx_word' id='word_1_878' title='bbox 1669 5663 1762 5715; x_wconf 76' lang='lat' dir='ltr'>errare</span> 
     </span>
    </p>
   </div>
   <div class='ocr_carea' id='block_1_4' title="bbox 0 0 1964 6067">
    <p class='ocr_par' dir='ltr' id='par_1_6' title="bbox 0 0 1964 6067">
     <span class='ocr_line' id='line_1_61' title="bbox 0 0 1964 6067; baseline 0 0"><span class='ocrx_word' id='word_1_879' title='bbox 0 0 1964 6067; x_wconf 95' lang='lat' dir='ltr'> </span> 
     </span>
    </p>
   </div>
  </div>
 </body>
</html>
