<?xml version="1.0" encoding="UTF-8"?>
<!DOCTYPE html PUBLIC "-//W3C//DTD XHTML 1.0 Transitional//EN"
    "http://www.w3.org/TR/xhtml1/DTD/xhtml1-transitional.dtd">
<html xmlns="http://www.w3.org/1999/xhtml" xml:lang="en" lang="en">
 <head>
  <title>
</title>
<meta http-equiv="Content-Type" content="text/html;charset=utf-8" />
  <meta name='ocr-system' content='tesseract 3.04.00' />
  <meta name='ocr-capabilities' content='ocr_page ocr_carea ocr_par ocr_line ocrx_word'/>
</head>
<body>
  <div class='ocr_page' id='page_1' title='image "./lta-11000/patrologiaecurs03berngoog/patrologiaecurs03berngoog_0455.png"; bbox 0 0 3892 6067; ppageno 0'>
   <div class='ocr_carea' id='block_1_1' title="bbox 170 151 1799 260">
    <p class='ocr_par' dir='ltr' id='par_1_1' title="bbox 170 151 1799 260">
     <span class='ocr_line' id='line_1_1' title="bbox 170 151 1799 260; baseline -0.024 1"><span class='ocrx_word' id='word_1_1' title='bbox 170 193 220 260; x_wconf 75' lang='grc' dir='ltr'><strong>ιιι</strong></span> <span class='ocrx_word' id='word_1_2' title='bbox 505 173 509 180; x_wconf 86' lang='grc'>’</span> <span class='ocrx_word' id='word_1_3' title='bbox 549 169 576 181; x_wconf 77' lang='grc'><strong>”</strong></span> <span class='ocrx_word' id='word_1_4' title='bbox 652 181 803 246; x_wconf 81' lang='lat' dir='ltr'><strong>nnnttotu</strong></span> <span class='ocrx_word' id='word_1_5' title='bbox 820 177 1015 241; x_wconf 79' lang='lat' dir='ltr'><strong>nnnmstn</strong></span> <span class='ocrx_word' id='word_1_6' title='bbox 1034 151 1308 236; x_wconf 76' lang='lat' dir='ltr'><strong>nstutt&#39;snsrnno.</strong></span> <span class='ocrx_word' id='word_1_7' title='bbox 1746 167 1799 223; x_wconf 81' lang='lat' dir='ltr'><strong>sss</strong></span> 
     </span>
    </p>
   </div>
   <div class='ocr_carea' id='block_1_2' title="bbox 142 282 1805 837">
    <p class='ocr_par' dir='ltr' id='par_1_2' title="bbox 142 282 1805 837">
     <span class='ocr_line' id='line_1_2' title="bbox 165 282 1800 383; baseline -0.022 -10"><span class='ocrx_word' id='word_1_8' title='bbox 165 315 271 373; x_wconf 86' lang='lat' dir='ltr'><strong>iructus</strong></span> <span class='ocrx_word' id='word_1_9' title='bbox 286 322 399 383; x_wconf 91' lang='lat' dir='ltr'><strong>operum</strong></span> <span class='ocrx_word' id='word_1_10' title='bbox 411 316 533 364; x_wconf 90' lang='lat' dir='ltr'><strong>tuorum.</strong></span> <span class='ocrx_word' id='word_1_11' title='bbox 554 302 595 360; x_wconf 64' lang='lat' dir='ltr'><strong>sel</strong></span> <span class='ocrx_word' id='word_1_12' title='bbox 609 302 681 374; x_wconf 72' lang='lat' dir='ltr'><strong>filius</strong></span> <span class='ocrx_word' id='word_1_13' title='bbox 692 302 812 371; x_wconf 73' lang='lat' dir='ltr'><strong>fitiorum</strong></span> <span class='ocrx_word' id='word_1_14' title='bbox 839 310 958 367; x_wconf 86' lang='lat' dir='ltr'><strong>tuorum,</strong></span> <span class='ocrx_word' id='word_1_15' title='bbox 975 309 1108 375; x_wconf 57' lang='lat' dir='ltr'><strong>potrum,</strong></span> <span class='ocrx_word' id='word_1_16' title='bbox 1125 292 1235 348; x_wconf 81' lang='lat' dir='ltr'><strong>soluens</strong></span> <span class='ocrx_word' id='word_1_17' title='bbox 1258 284 1432 345; x_wconf 90' lang='lat' dir='ltr'><strong>inimicitiam</strong></span> <span class='ocrx_word' id='word_1_18' title='bbox 1456 283 1527 340; x_wconf 91' lang='lat' dir='ltr'><strong>iuter</strong></span> <span class='ocrx_word' id='word_1_19' title='bbox 1545 282 1630 340; x_wconf 47' lang='lat' dir='ltr'><strong>buum</strong></span> <span class='ocrx_word' id='word_1_20' title='bbox 1657 292 1684 339; x_wconf 86' lang='lat' dir='ltr'><strong>et</strong></span> <span class='ocrx_word' id='word_1_21' title='bbox 1710 282 1800 338; x_wconf 86' lang='lat' dir='ltr'><strong>botui-</strong></span> 
     </span>
     <span class='ocr_line' id='line_1_3' title="bbox 166 375 1801 473; baseline -0.02 -10"><span class='ocrx_word' id='word_1_22' title='bbox 166 409 193 465; x_wconf 93' lang='lat' dir='ltr'><strong>id</strong></span> <span class='ocrx_word' id='word_1_23' title='bbox 208 416 250 464; x_wconf 84' lang='lat' dir='ltr'><strong>cst</strong></span> <span class='ocrx_word' id='word_1_24' title='bbox 259 403 365 473; x_wconf 83' lang='lat' dir='ltr'><strong>eosqui</strong></span> <span class='ocrx_word' id='word_1_25' title='bbox 376 417 409 457; x_wconf 83' lang='lat' dir='ltr'><strong>ex</strong></span> <span class='ocrx_word' id='word_1_26' title='bbox 423 397 548 455; x_wconf 88' lang='lat' dir='ltr'><strong>doctrina</strong></span> <span class='ocrx_word' id='word_1_27' title='bbox 569 405 615 451; x_wconf 90' lang='lat' dir='ltr'><strong>tua</strong></span> <span class='ocrx_word' id='word_1_28' title='bbox 629 392 808 452; x_wconf 85' lang='lat' dir='ltr'><strong>succedenter</strong></span> <span class='ocrx_word' id='word_1_29' title='bbox 820 406 955 463; x_wconf 83' lang='lat' dir='ltr'><strong>generan-</strong></span> <span class='ocrx_word' id='word_1_30' title='bbox 1012 396 1074 439; x_wconf 88' lang='lat' dir='ltr'><strong>nem</strong></span> <span class='ocrx_word' id='word_1_31' title='bbox 1086 383 1113 437; x_wconf 88' lang='lat' dir='ltr'><strong>itt</strong></span> <span class='ocrx_word' id='word_1_32' title='bbox 1128 396 1210 438; x_wconf 83' lang='lat' dir='ltr'><strong>cartre</strong></span> <span class='ocrx_word' id='word_1_33' title='bbox 1223 395 1284 436; x_wconf 92' lang='lat' dir='ltr'><strong>sna.</strong></span> <span class='ocrx_word' id='word_1_34' title='bbox 1297 376 1376 434; x_wconf 86' lang='lat' dir='ltr'><strong>llune</strong></span> <span class='ocrx_word' id='word_1_35' title='bbox 1386 376 1527 444; x_wconf 84' lang='lat' dir='ltr'><strong>uidens,et</strong></span> <span class='ocrx_word' id='word_1_36' title='bbox 1538 376 1591 431; x_wconf 88' lang='lat' dir='ltr'><strong>lruo</strong></span> <span class='ocrx_word' id='word_1_37' title='bbox 1603 375 1663 431; x_wconf 82' lang='lat' dir='ltr'><strong>riso</strong></span> <span class='ocrx_word' id='word_1_38' title='bbox 1671 375 1801 445; x_wconf 75' lang='lat' dir='ltr'><strong>gaudeas,</strong></span> 
     </span>
     <span class='ocr_line' id='line_1_4' title="bbox 142 465 1803 565; baseline -0.02 -10"><span class='ocrx_word' id='word_1_39' title='bbox 142 546 144 548; x_wconf 87' lang='lat'><strong>.</strong></span> <span class='ocrx_word' id='word_1_40' title='bbox 164 508 211 555; x_wconf 89' lang='lat' dir='ltr'><strong>tur</strong></span> <span class='ocrx_word' id='word_1_41' title='bbox 225 499 252 552; x_wconf 92' lang='lat' dir='ltr'><strong>in</strong></span> <span class='ocrx_word' id='word_1_42' title='bbox 270 494 443 565; x_wconf 89' lang='lat' dir='ltr'><strong>adoptionem</strong></span> <span class='ocrx_word' id='word_1_43' title='bbox 453 489 576 561; x_wconf 66' lang='lat' dir='ltr'><strong>filiorum</strong></span> <span class='ocrx_word' id='word_1_44' title='bbox 591 487 638 543; x_wconf 78' lang='lat' dir='ltr'><strong>lici</strong></span> <span class='ocrx_word' id='word_1_45' title='bbox 653 495 680 542; x_wconf 91' lang='lat' dir='ltr'><strong>et</strong></span> <span class='ocrx_word' id='word_1_46' title='bbox 691 496 818 540; x_wconf 89' lang='lat' dir='ltr'><strong>tuorum:</strong></span> <span class='ocrx_word' id='word_1_47' title='bbox 832 482 878 538; x_wconf 82' lang='lat' dir='ltr'><strong>bet</strong></span> <span class='ocrx_word' id='word_1_48' title='bbox 894 491 957 538; x_wconf 90' lang='lat' dir='ltr'><strong>tan·</strong></span> <span class='ocrx_word' id='word_1_49' title='bbox 1009 473 1149 547; x_wconf 86' lang='lat' dir='ltr'><strong>quomodo</strong></span> <span class='ocrx_word' id='word_1_50' title='bbox 1163 470 1249 545; x_wconf 71' lang='lat' dir='ltr'><strong>parisi</strong></span> <span class='ocrx_word' id='word_1_51' title='bbox 1262 478 1327 526; x_wconf 90' lang='lat' dir='ltr'><strong>sunt</strong></span> <span class='ocrx_word' id='word_1_52' title='bbox 1341 468 1480 541; x_wconf 90' lang='lat' dir='ltr'><strong>discipuli,</strong></span> <span class='ocrx_word' id='word_1_53' title='bbox 1493 468 1555 524; x_wconf 82' lang='lat' dir='ltr'><strong>viso</strong></span> <span class='ocrx_word' id='word_1_54' title='bbox 1580 465 1708 527; x_wconf 85' lang='lat' dir='ltr'><strong>bourino,</strong></span> <span class='ocrx_word' id='word_1_55' title='bbox 1735 480 1803 535; x_wconf 67' lang='lat' dir='ltr'><strong>qum</strong></span> 
     </span>
     <span class='ocr_line' id='line_1_5' title="bbox 164 558 1804 661; baseline -0.018 -19"><span class='ocrx_word' id='word_1_56' title='bbox 164 603 248 661; x_wconf 86' lang='lat' dir='ltr'><strong>qrrsm</strong></span> <span class='ocrx_word' id='word_1_57' title='bbox 263 584 353 642; x_wconf 83' lang='lat' dir='ltr'><strong>Patris</strong></span> <span class='ocrx_word' id='word_1_58' title='bbox 374 583 514 651; x_wconf 80' lang='lat' dir='ltr'><strong>altissimi,</strong></span> <span class='ocrx_word' id='word_1_59' title='bbox 528 598 560 638; x_wconf 84' lang='lat' dir='ltr'><strong>er</strong></span> <span class='ocrx_word' id='word_1_60' title='bbox 576 588 631 651; x_wconf 85' lang='lat' dir='ltr'><strong>quo</strong></span> <span class='ocrx_word' id='word_1_61' title='bbox 646 572 736 636; x_wconf 86' lang='lat' dir='ltr'><strong>omnis</strong></span> <span class='ocrx_word' id='word_1_62' title='bbox 752 564 903 648; x_wconf 83' lang='lat' dir='ltr'><strong>paternitas</strong></span> <span class='ocrx_word' id='word_1_63' title='bbox 928 574 955 632; x_wconf 93' lang='lat' dir='ltr'><strong>in</strong></span> <span class='ocrx_word' id='word_1_64' title='bbox 1009 566 1093 624; x_wconf 67' lang='lat' dir='ltr'><strong>modo</strong></span> <span class='ocrx_word' id='word_1_65' title='bbox 1106 564 1225 638; x_wconf 65' lang='lat' dir='ltr'><strong>student</strong></span> <span class='ocrx_word' id='word_1_66' title='bbox 1243 561 1332 635; x_wconf 69' lang='lat' dir='ltr'><strong>angeli</strong></span> <span class='ocrx_word' id='word_1_67' title='bbox 1343 561 1530 617; x_wconf 82' lang='lat' dir='ltr'><strong>desiderantes</strong></span> <span class='ocrx_word' id='word_1_68' title='bbox 1544 558 1571 613; x_wconf 83' lang='lat' dir='ltr'><strong>in</strong></span> <span class='ocrx_word' id='word_1_69' title='bbox 1585 574 1648 614; x_wconf 81' lang='lat' dir='ltr'><strong>eunt</strong></span> <span class='ocrx_word' id='word_1_70' title='bbox 1664 558 1804 628; x_wconf 84' lang='lat' dir='ltr'><strong>prospice-</strong></span> 
     </span>
     <span class='ocr_line' id='line_1_6' title="bbox 164 646 1804 739; baseline -0.018 -5"><span class='ocrx_word' id='word_1_71' title='bbox 164 678 234 734; x_wconf 81' lang='lat' dir='ltr'><strong>eoelo</strong></span> <span class='ocrx_word' id='word_1_72' title='bbox 245 685 273 732; x_wconf 90' lang='lat' dir='ltr'><strong>ct</strong></span> <span class='ocrx_word' id='word_1_73' title='bbox 290 676 318 731; x_wconf 92' lang='lat' dir='ltr'><strong>in</strong></span> <span class='ocrx_word' id='word_1_74' title='bbox 343 678 415 733; x_wconf 84' lang='lat' dir='ltr'><strong>lerna</strong></span> <span class='ocrx_word' id='word_1_75' title='bbox 429 673 603 739; x_wconf 60' lang='lat' dir='ltr'><strong>nominatum</strong></span> <span class='ocrx_word' id='word_1_76' title='bbox 619 681 737 737; x_wconf 83' lang='lat' dir='ltr'><strong>tuorum,</strong></span> <span class='ocrx_word' id='word_1_77' title='bbox 758 671 890 739; x_wconf 84' lang='lat' dir='ltr'><strong>tanquam</strong></span> <span class='ocrx_word' id='word_1_78' title='bbox 905 680 956 735; x_wconf 82' lang='lat' dir='ltr'><strong>pa·</strong></span> <span class='ocrx_word' id='word_1_79' title='bbox 1009 673 1050 724; x_wconf 84' lang='lat' dir='ltr'><strong>re,</strong></span> <span class='ocrx_word' id='word_1_80' title='bbox 1064 655 1201 730; x_wconf 79' lang='lat' dir='ltr'><strong>uttotnndo</strong></span> <span class='ocrx_word' id='word_1_81' title='bbox 1212 652 1313 726; x_wconf 79' lang='lat' dir='ltr'><strong>gaudet</strong></span> <span class='ocrx_word' id='word_1_82' title='bbox 1334 664 1416 708; x_wconf 85' lang='lat' dir='ltr'><strong>verus</strong></span> <span class='ocrx_word' id='word_1_83' title='bbox 1430 647 1526 717; x_wconf 83' lang='lat' dir='ltr'><strong>Israel,</strong></span> <span class='ocrx_word' id='word_1_84' title='bbox 1539 649 1582 704; x_wconf 84' lang='lat' dir='ltr'><strong>uir</strong></span> <span class='ocrx_word' id='word_1_85' title='bbox 1603 647 1703 703; x_wconf 83' lang='lat' dir='ltr'><strong>uidens</strong></span> <span class='ocrx_word' id='word_1_86' title='bbox 1717 646 1804 704; x_wconf 84' lang='lat' dir='ltr'><strong>ileum</strong></span> 
     </span>
     <span class='ocr_line' id='line_1_7' title="bbox 165 738 1805 837; baseline -0.017 -14"><span class='ocrx_word' id='word_1_87' title='bbox 165 777 243 824; x_wconf 88' lang='lat' dir='ltr'><strong>terna</strong></span> <span class='ocrx_word' id='word_1_88' title='bbox 254 766 399 837; x_wconf 76' lang='lat' dir='ltr'><strong>disciplina</strong></span> <span class='ocrx_word' id='word_1_89' title='bbox 412 781 460 822; x_wconf 89' lang='lat' dir='ltr'><strong>seu</strong></span> <span class='ocrx_word' id='word_1_90' title='bbox 477 772 600 819; x_wconf 87' lang='lat' dir='ltr'><strong>materna</strong></span> <span class='ocrx_word' id='word_1_91' title='bbox 612 761 723 817; x_wconf 90' lang='lat' dir='ltr'><strong>lenitate</strong></span> <span class='ocrx_word' id='word_1_92' title='bbox 739 773 754 813; x_wconf 92' lang='lat' dir='ltr'><strong>a</strong></span> <span class='ocrx_word' id='word_1_93' title='bbox 784 767 810 813; x_wconf 91' lang='lat' dir='ltr'><strong>te</strong></span> <span class='ocrx_word' id='word_1_94' title='bbox 835 755 956 812; x_wconf 83' lang='lat' dir='ltr'><strong>nutrito·</strong></span> <span class='ocrx_word' id='word_1_95' title='bbox 1009 753 1037 807; x_wconf 90' lang='lat' dir='ltr'><strong>el</strong></span> <span class='ocrx_word' id='word_1_96' title='bbox 1048 749 1158 806; x_wconf 87' lang='lat' dir='ltr'><strong>dicens:</strong></span> <span class='ocrx_word' id='word_1_97' title='bbox 1175 765 1185 799; x_wconf 86' lang='lat' dir='ltr'><strong>s</strong></span> <span class='ocrx_word' id='word_1_98' title='bbox 1203 744 1265 801; x_wconf 82' lang='lat' dir='ltr'><strong>Vidi</strong></span> <span class='ocrx_word' id='word_1_99' title='bbox 1276 743 1423 801; x_wconf 85' lang='lat' dir='ltr'><strong>Dominum</strong></span> <span class='ocrx_word' id='word_1_100' title='bbox 1439 740 1509 797; x_wconf 87' lang='lat' dir='ltr'><strong>laeie</strong></span> <span class='ocrx_word' id='word_1_101' title='bbox 1520 740 1553 797; x_wconf 84' lang='lat' dir='ltr'><strong>ad</strong></span> <span class='ocrx_word' id='word_1_102' title='bbox 1569 738 1679 808; x_wconf 74' lang='lat' dir='ltr'><strong>faeiem,</strong></span> <span class='ocrx_word' id='word_1_103' title='bbox 1691 740 1805 796; x_wconf 84' lang='lat' dir='ltr'><strong>etsaltta</strong></span> 
     </span>
    </p>
   </div>
   <div class='ocr_carea' id='block_1_3' title="bbox 164 831 1913 929">
    <p class='ocr_par' dir='ltr' id='par_1_3' title="bbox 164 831 1913 929">
     <span class='ocr_line' id='line_1_8' title="bbox 164 831 1913 929; baseline -0.018 -14"><span class='ocrx_word' id='word_1_104' title='bbox 164 864 238 915; x_wconf 88' lang='lat' dir='ltr'><strong>rdsu.</strong></span> <span class='ocrx_word' id='word_1_105' title='bbox 253 859 343 929; x_wconf 78' lang='lat' dir='ltr'><strong>Atque</strong></span> <span class='ocrx_word' id='word_1_106' title='bbox 354 867 383 913; x_wconf 94' lang='lat' dir='ltr'><strong>ut</strong></span> <span class='ocrx_word' id='word_1_107' title='bbox 395 855 471 913; x_wconf 80' lang='lat' dir='ltr'><strong>breui</strong></span> <span class='ocrx_word' id='word_1_108' title='bbox 482 852 648 911; x_wconf 75' lang='lat' dir='ltr'><strong>dictiuncula</strong></span> <span class='ocrx_word' id='word_1_109' title='bbox 664 849 757 907; x_wconf 83' lang='lat' dir='ltr'><strong>omnia</strong></span> <span class='ocrx_word' id='word_1_110' title='bbox 774 849 846 905; x_wconf 86' lang='lat' dir='ltr'><strong>bosra</strong></span> <span class='ocrx_word' id='word_1_111' title='bbox 869 855 897 903; x_wconf 91' lang='lat' dir='ltr'><strong>et</strong></span> <span class='ocrx_word' id='word_1_112' title='bbox 907 846 957 902; x_wconf 90' lang='lat' dir='ltr'><strong>de·</strong></span> <span class='ocrx_word' id='word_1_113' title='bbox 1011 841 1082 898; x_wconf 88' lang='lat' dir='ltr'><strong>lacta</strong></span> <span class='ocrx_word' id='word_1_114' title='bbox 1099 849 1142 897; x_wconf 89' lang='lat' dir='ltr'><strong>est</strong></span> <span class='ocrx_word' id='word_1_115' title='bbox 1155 840 1246 894; x_wconf 88' lang='lat' dir='ltr'><strong>anima</strong></span> <span class='ocrx_word' id='word_1_116' title='bbox 1267 853 1340 895; x_wconf 87' lang='lat' dir='ltr'><strong>nrca.</strong></span> <span class='ocrx_word' id='word_1_117' title='bbox 1356 835 1390 892; x_wconf 78' lang='lat' dir='ltr'><strong>Et</strong></span> <span class='ocrx_word' id='word_1_118' title='bbox 1401 834 1458 891; x_wconf 83' lang='lat' dir='ltr'><strong>disi</strong></span> <span class='ocrx_word' id='word_1_119' title='bbox 1468 833 1554 890; x_wconf 85' lang='lat' dir='ltr'><strong>milri:</strong></span> <span class='ocrx_word' id='word_1_120' title='bbox 1567 831 1750 905; x_wconf 72' lang='lat' dir='ltr'><strong>Nequaquam</strong></span> <span class='ocrx_word' id='word_1_121' title='bbox 1766 833 1809 887; x_wconf 90' lang='lat' dir='ltr'><strong>ul·</strong></span> <span class='ocrx_word' id='word_1_122' title='bbox 1912 854 1913 869; x_wconf 52' lang='lat' dir='ltr'><strong>r</strong></span> 
     </span>
    </p>
   </div>
   <div class='ocr_carea' id='block_1_4' title="bbox 166 924 1808 1113">
    <p class='ocr_par' dir='ltr' id='par_1_4' title="bbox 166 924 1808 1113">
     <span class='ocr_line' id='line_1_9' title="bbox 166 924 1808 1023; baseline -0.018 -14"><span class='ocrx_word' id='word_1_123' title='bbox 166 949 515 1009; x_wconf 76' lang='lat' dir='ltr'><strong>siderabiliaconcludam&#39;:</strong></span> <span class='ocrx_word' id='word_1_124' title='bbox 534 944 631 1023; x_wconf 74' lang='lat' dir='ltr'><strong>Videas</strong></span> <span class='ocrx_word' id='word_1_125' title='bbox 642 948 735 1015; x_wconf 84' lang='lat' dir='ltr'><strong>pacem</strong></span> <span class='ocrx_word' id='word_1_126' title='bbox 753 949 831 1012; x_wconf 84' lang='lat' dir='ltr'><strong>super</strong></span> <span class='ocrx_word' id='word_1_127' title='bbox 856 937 958 1005; x_wconf 70' lang='lat' dir='ltr'><strong>lsraelg</strong></span> <span class='ocrx_word' id='word_1_128' title='bbox 1012 943 1054 991; x_wconf 86' lang='lat' dir='ltr'><strong>tra</strong></span> <span class='ocrx_word' id='word_1_129' title='bbox 1079 933 1223 988; x_wconf 82' lang='lat' dir='ltr'><strong>vocaberis</strong></span> <span class='ocrx_word' id='word_1_130' title='bbox 1238 928 1333 988; x_wconf 78' lang='lat' dir='ltr'><strong>iacob.</strong></span> <span class='ocrx_word' id='word_1_131' title='bbox 1359 927 1408 984; x_wconf 87' lang='lat' dir='ltr'><strong>scd</strong></span> <span class='ocrx_word' id='word_1_132' title='bbox 1425 924 1510 983; x_wconf 85' lang='lat' dir='ltr'><strong>lsrael</strong></span> <span class='ocrx_word' id='word_1_133' title='bbox 1526 925 1581 981; x_wconf 89' lang='lat' dir='ltr'><strong>erit</strong></span> <span class='ocrx_word' id='word_1_134' title='bbox 1603 934 1704 981; x_wconf 89' lang='lat' dir='ltr'><strong>nomen</strong></span> <span class='ocrx_word' id='word_1_135' title='bbox 1726 932 1808 980; x_wconf 86' lang='lat' dir='ltr'><strong>tuum</strong></span> 
     </span>
     <span class='ocr_line' id='line_1_10' title="bbox 166 1021 1293 1113; baseline -0.02 -16"><span class='ocrx_word' id='word_1_136' title='bbox 166 1041 256 1097; x_wconf 79' lang='lat' dir='ltr'><strong>uidem</strong></span> <span class='ocrx_word' id='word_1_137' title='bbox 271 1042 422 1109; x_wconf 86' lang='lat' dir='ltr'><strong>Christum,</strong></span> <span class='ocrx_word' id='word_1_138' title='bbox 434 1040 482 1113; x_wconf 80' lang='lat' dir='ltr'><strong>qui</strong></span> <span class='ocrx_word' id='word_1_139' title='bbox 501 1047 543 1096; x_wconf 88' lang='lat' dir='ltr'><strong>cst</strong></span> <span class='ocrx_word' id='word_1_140' title='bbox 559 1052 613 1109; x_wconf 79' lang='lat' dir='ltr'><strong>pur</strong></span> <span class='ocrx_word' id='word_1_141' title='bbox 641 1043 706 1091; x_wconf 80' lang='lat' dir='ltr'><strong>sera</strong></span> <span class='ocrx_word' id='word_1_142' title='bbox 725 1031 828 1090; x_wconf 84' lang='lat' dir='ltr'><strong>iaciens</strong></span> <span class='ocrx_word' id='word_1_143' title='bbox 844 1039 960 1102; x_wconf 85' lang='lat' dir='ltr'><strong>utraque</strong></span> <span class='ocrx_word' id='word_1_144' title='bbox 1014 1025 1092 1099; x_wconf 81' lang='lat' dir='ltr'><strong>(Gen.</strong></span> <span class='ocrx_word' id='word_1_145' title='bbox 1105 1032 1193 1080; x_wconf 73' lang='lat' dir='ltr'><strong>sttrn.</strong></span> <span class='ocrx_word' id='word_1_146' title='bbox 1208 1021 1267 1078; x_wconf 76' lang='lat' dir='ltr'><strong>tot.</strong></span> <span class='ocrx_word' id='word_1_147' title='bbox 1283 1039 1293 1074; x_wconf 86' lang='lat' dir='ltr'><strong>s</strong></span> 
     </span>
    </p>
   </div>
   <div class='ocr_carea' id='block_1_5' title="bbox 166 1186 1811 1241">
    <p class='ocr_par' dir='ltr' id='par_1_5' title="bbox 166 1186 1811 1241">
     <span class='ocr_line' id='line_1_11' title="bbox 166 1186 1811 1241; baseline -0.003 -23"><span class='ocrx_word' id='word_1_148' title='bbox 166 1186 1811 1241; x_wconf 44' lang='lat' dir='ltr'><strong>‚W</strong></span> 
     </span>
    </p>
   </div>
   <div class='ocr_carea' id='block_1_6' title="bbox 703 1383 1272 1479">
    <p class='ocr_par' dir='ltr' id='par_1_6' title="bbox 703 1383 1272 1479">
     <span class='ocr_line' id='line_1_12' title="bbox 703 1383 1272 1479; baseline -0.012 -1"><span class='ocrx_word' id='word_1_149' title='bbox 703 1386 969 1479; x_wconf 79' lang='lat' dir='ltr'><strong>Pstlnds</strong></span> <span class='ocrx_word' id='word_1_150' title='bbox 1004 1383 1272 1478; x_wconf 80' lang='lat' dir='ltr'><strong>cxxvttt.</strong></span> 
     </span>
    </p>
   </div>
   <div class='ocr_carea' id='block_1_7' title="bbox 170 1743 1913 1920">
    <p class='ocr_par' dir='ltr' id='par_1_7' title="bbox 170 1743 1913 1920">
     <span class='ocr_line' id='line_1_13' title="bbox 205 1743 1913 1829; baseline -0.008 -13"><span class='ocrx_word' id='word_1_151' title='bbox 205 1751 289 1818; x_wconf 73' lang='lat' dir='ltr'><strong>l&#39;sns.</strong></span> <span class='ocrx_word' id='word_1_152' title='bbox 305 1762 332 1826; x_wconf 87' lang='lat' dir='ltr'><strong>l,</strong></span> <span class='ocrx_word' id='word_1_153' title='bbox 346 1760 374 1815; x_wconf 75' lang='lat'><strong>2.</strong></span> <span class='ocrx_word' id='word_1_154' title='bbox 392 1757 468 1828; x_wconf 79' lang='lat' dir='ltr'><strong>sepe</strong></span> <span class='ocrx_word' id='word_1_155' title='bbox 486 1762 702 1829; x_wconf 61' lang='lat' dir='ltr'><strong>expugnaverint</strong></span> <span class='ocrx_word' id='word_1_156' title='bbox 722 1768 763 1809; x_wconf 84' lang='lat' dir='ltr'><strong>ms</strong></span> <span class='ocrx_word' id='word_1_157' title='bbox 786 1766 802 1808; x_wconf 82' lang='lat' dir='ltr'><strong>s</strong></span> <span class='ocrx_word' id='word_1_158' title='bbox 823 1758 961 1824; x_wconf 72' lang='lat' dir='ltr'><strong>parentum</strong></span> <span class='ocrx_word' id='word_1_159' title='bbox 978 1752 1062 1824; x_wconf 74' lang='lat' dir='ltr'><strong>need</strong></span> <span class='ocrx_word' id='word_1_160' title='bbox 1076 1753 1187 1808; x_wconf 84' lang='lat' dir='ltr'><strong>ceruices</strong></span> <span class='ocrx_word' id='word_1_161' title='bbox 1209 1750 1305 1815; x_wconf 82' lang='lat' dir='ltr'><strong>dulas,</strong></span> <span class='ocrx_word' id='word_1_162' title='bbox 1325 1753 1395 1821; x_wconf 84' lang='lat' dir='ltr'><strong>ths</strong></span> <span class='ocrx_word' id='word_1_163' title='bbox 1418 1743 1528 1819; x_wconf 73' lang='lat' dir='ltr'><strong>erigunt</strong></span> <span class='ocrx_word' id='word_1_164' title='bbox 1549 1745 1576 1801; x_wconf 88' lang='lat' dir='ltr'><strong>itt</strong></span> <span class='ocrx_word' id='word_1_165' title='bbox 1601 1744 1687 1803; x_wconf 85' lang='lat' dir='ltr'><strong>allum</strong></span> <span class='ocrx_word' id='word_1_166' title='bbox 1710 1752 1810 1803; x_wconf 76' lang='lat' dir='ltr'><strong>eontra</strong></span> <span class='ocrx_word' id='word_1_167' title='bbox 1912 1800 1913 1815; x_wconf 51' lang='lat'><strong>,</strong></span> 
     </span>
     <span class='ocr_line' id='line_1_14' title="bbox 170 1836 1913 1920; baseline -0.01 -12"><span class='ocrx_word' id='word_1_168' title='bbox 170 1860 239 1920; x_wconf 80' lang='lat' dir='ltr'><strong>rttso,</strong></span> <span class='ocrx_word' id='word_1_169' title='bbox 255 1860 307 1907; x_wconf 85' lang='lat' dir='ltr'><strong>ete.</strong></span> <span class='ocrx_word' id='word_1_170' title='bbox 325 1849 353 1904; x_wconf 93' lang='lat' dir='ltr'><strong>ln</strong></span> <span class='ocrx_word' id='word_1_171' title='bbox 368 1849 422 1903; x_wconf 89' lang='lat' dir='ltr'><strong>isto</strong></span> <span class='ocrx_word' id='word_1_172' title='bbox 437 1846 547 1903; x_wconf 77' lang='lat' dir='ltr'><strong>candeo</strong></span> <span class='ocrx_word' id='word_1_173' title='bbox 562 1845 697 1918; x_wconf 71' lang='lat' dir='ltr'><strong>graduum</strong></span> <span class='ocrx_word' id='word_1_174' title='bbox 716 1858 798 1900; x_wconf 85' lang='lat' dir='ltr'><strong>roccs</strong></span> <span class='ocrx_word' id='word_1_175' title='bbox 812 1843 962 1899; x_wconf 90' lang='lat' dir='ltr'><strong>audiuntur</strong></span> <span class='ocrx_word' id='word_1_176' title='bbox 1013 1843 1160 1899; x_wconf 86' lang='lat' dir='ltr'><strong>llnmlndm</strong></span> <span class='ocrx_word' id='word_1_177' title='bbox 1176 1840 1369 1913; x_wconf 89' lang='lat' dir='ltr'><strong>superbiendo,</strong></span> <span class='ocrx_word' id='word_1_178' title='bbox 1391 1838 1441 1894; x_wconf 85' lang='lat' dir='ltr'><strong>iras</strong></span> <span class='ocrx_word' id='word_1_179' title='bbox 1461 1839 1519 1910; x_wconf 91' lang='lat' dir='ltr'><strong>lpse</strong></span> <span class='ocrx_word' id='word_1_180' title='bbox 1534 1836 1670 1894; x_wconf 78' lang='lat' dir='ltr'><strong>Dominus</strong></span> <span class='ocrx_word' id='word_1_181' title='bbox 1687 1838 1811 1894; x_wconf 80' lang='lat' dir='ltr'><strong>concidet</strong></span> <span class='ocrx_word' id='word_1_182' title='bbox 1912 1862 1913 1875; x_wconf 69' lang='lat'><strong>.</strong></span> 
     </span>
    </p>
   </div>
   <div class='ocr_carea' id='block_1_8' title="bbox 170 1928 1810 2012">
    <p class='ocr_par' dir='ltr' id='par_1_8' title="bbox 170 1928 1810 2012">
     <span class='ocr_line' id='line_1_15' title="bbox 170 1928 1810 2012; baseline -0.007 -13"><span class='ocrx_word' id='word_1_183' title='bbox 170 1951 226 2000; x_wconf 87' lang='lat' dir='ltr'><strong>nou</strong></span> <span class='ocrx_word' id='word_1_184' title='bbox 240 1942 298 2012; x_wconf 83' lang='lat' dir='ltr'><strong>jans</strong></span> <span class='ocrx_word' id='word_1_185' title='bbox 319 1939 412 1995; x_wconf 88' lang='lat' dir='ltr'><strong>timide</strong></span> <span class='ocrx_word' id='word_1_186' title='bbox 428 1937 588 2008; x_wconf 76' lang='lat' dir='ltr'><strong>pugnantis,</strong></span> <span class='ocrx_word' id='word_1_187' title='bbox 602 1935 648 1994; x_wconf 89' lang='lat' dir='ltr'><strong>sed</strong></span> <span class='ocrx_word' id='word_1_188' title='bbox 671 1934 778 1991; x_wconf 86' lang='lat' dir='ltr'><strong>lortitcr</strong></span> <span class='ocrx_word' id='word_1_189' title='bbox 800 1933 962 2006; x_wconf 75' lang='lat' dir='ltr'><strong>gratulantis</strong></span> <span class='ocrx_word' id='word_1_190' title='bbox 1013 1933 1183 1989; x_wconf 85' lang='lat' dir='ltr'><strong>humiliando</strong></span> <span class='ocrx_word' id='word_1_191' title='bbox 1197 1946 1245 1988; x_wconf 90' lang='lat' dir='ltr'><strong>eos</strong></span> <span class='ocrx_word' id='word_1_192' title='bbox 1257 1932 1299 1987; x_wconf 85' lang='lat' dir='ltr'><strong>sel</strong></span> <span class='ocrx_word' id='word_1_193' title='bbox 1316 1931 1350 1987; x_wconf 91' lang='lat' dir='ltr'><strong>ad</strong></span> <span class='ocrx_word' id='word_1_194' title='bbox 1362 1929 1548 2001; x_wconf 75' lang='lat' dir='ltr'><strong>penitentiam</strong></span> <span class='ocrx_word' id='word_1_195' title='bbox 1561 1929 1753 1987; x_wconf 76' lang='lat' dir='ltr'><strong>medicinalem</strong></span> <span class='ocrx_word' id='word_1_196' title='bbox 1765 1928 1810 1987; x_wconf 71' lang='lat' dir='ltr'><strong>sd</strong></span> 
     </span>
    </p>
   </div>
   <div class='ocr_carea' id='block_1_9' title="bbox 170 2024 1913 2103">
    <p class='ocr_par' dir='ltr' id='par_1_9' title="bbox 170 2024 1913 2103">
     <span class='ocr_line' id='line_1_16' title="bbox 170 2024 1913 2103; baseline -0.003 -16"><span class='ocrx_word' id='word_1_197' title='bbox 170 2032 316 2103; x_wconf 73' lang='lat' dir='ltr'><strong>veturium</strong></span> <span class='ocrx_word' id='word_1_198' title='bbox 340 2028 455 2086; x_wconf 82' lang='lat' dir='ltr'><strong>victoris</strong></span> <span class='ocrx_word' id='word_1_199' title='bbox 473 2036 604 2098; x_wconf 74' lang='lat' dir='ltr'><strong>terronam</strong></span> <span class='ocrx_word' id='word_1_200' title='bbox 623 2042 714 2098; x_wconf 75' lang='lat' dir='ltr'><strong>pugna</strong></span> <span class='ocrx_word' id='word_1_201' title='bbox 732 2034 854 2097; x_wconf 75' lang='lat' dir='ltr'><strong>perucia.</strong></span> <span class='ocrx_word' id='word_1_202' title='bbox 875 2024 961 2096; x_wconf 71' lang='lat' dir='ltr'><strong>steps,</strong></span> <span class='ocrx_word' id='word_1_203' title='bbox 1013 2036 1089 2083; x_wconf 88' lang='lat' dir='ltr'><strong>certe</strong></span> <span class='ocrx_word' id='word_1_204' title='bbox 1100 2025 1135 2082; x_wconf 92' lang='lat' dir='ltr'><strong>ad</strong></span> <span class='ocrx_word' id='word_1_205' title='bbox 1149 2041 1260 2098; x_wconf 88' lang='lat' dir='ltr'><strong>poenanr</strong></span> <span class='ocrx_word' id='word_1_206' title='bbox 1277 2025 1449 2093; x_wconf 78' lang='lat' dir='ltr'><strong>infernalem,</strong></span> <span class='ocrx_word' id='word_1_207' title='bbox 1465 2038 1583 2096; x_wconf 88' lang='lat' dir='ltr'><strong>quorum</strong></span> <span class='ocrx_word' id='word_1_208' title='bbox 1599 2026 1717 2083; x_wconf 87' lang='lat' dir='ltr'><strong>alterum</strong></span> <span class='ocrx_word' id='word_1_209' title='bbox 1730 2034 1809 2098; x_wconf 88' lang='lat' dir='ltr'><strong>peto,</strong></span> <span class='ocrx_word' id='word_1_210' title='bbox 1912 2066 1913 2081; x_wconf 69' lang='lat'><strong>.</strong></span> 
     </span>
    </p>
   </div>
   <div class='ocr_carea' id='block_1_10' title="bbox 171 2115 1809 2283">
    <p class='ocr_par' dir='ltr' id='par_1_10' title="bbox 171 2115 1809 2283">
     <span class='ocr_line' id='line_1_17' title="bbox 171 2115 1422 2194; baseline -0.006 -15"><span class='ocrx_word' id='word_1_211' title='bbox 171 2123 271 2194; x_wconf 83' lang='lat' dir='ltr'><strong>inquit,</strong></span> <span class='ocrx_word' id='word_1_212' title='bbox 285 2128 500 2193; x_wconf 74' lang='lat' dir='ltr'><strong>erpuprmoerurrt</strong></span> <span class='ocrx_word' id='word_1_213' title='bbox 509 2136 549 2174; x_wconf 87' lang='lat' dir='ltr'><strong>me</strong></span> <span class='ocrx_word' id='word_1_214' title='bbox 560 2136 577 2173; x_wconf 84' lang='lat' dir='ltr'><strong>a</strong></span> <span class='ocrx_word' id='word_1_215' title='bbox 583 2118 720 2189; x_wconf 75' lang='lat' dir='ltr'><strong>juventute</strong></span> <span class='ocrx_word' id='word_1_216' title='bbox 731 2135 797 2187; x_wconf 79' lang='lat' dir='ltr'><strong>ntea,</strong></span> <span class='ocrx_word' id='word_1_217' title='bbox 810 2118 881 2173; x_wconf 85' lang='lat' dir='ltr'><strong>dicat</strong></span> <span class='ocrx_word' id='word_1_218' title='bbox 893 2133 962 2174; x_wconf 82' lang='lat' dir='ltr'><strong>nurse</strong></span> <span class='ocrx_word' id='word_1_219' title='bbox 1013 2121 1131 2175; x_wconf 91' lang='lat' dir='ltr'><strong>alterum</strong></span> <span class='ocrx_word' id='word_1_220' title='bbox 1145 2117 1290 2188; x_wconf 85' lang='lat' dir='ltr'><strong>propheto,</strong></span> <span class='ocrx_word' id='word_1_221' title='bbox 1306 2115 1401 2173; x_wconf 84' lang='lat' dir='ltr'><strong>dicens</strong></span> <span class='ocrx_word' id='word_1_222' title='bbox 1414 2134 1422 2171; x_wconf 71' lang='grc' dir='ltr'><strong>ι</strong></span> 
     </span>
     <span class='ocr_line' id='line_1_18' title="bbox 172 2207 1809 2283; baseline -0.007 -12"><span class='ocrx_word' id='word_1_223' title='bbox 172 2212 270 2271; x_wconf 81' lang='lat' dir='ltr'><strong>lsrael.</strong></span> <span class='ocrx_word' id='word_1_224' title='bbox 286 2212 362 2283; x_wconf 79' lang='lat' dir='ltr'><strong>Sceps</strong></span> <span class='ocrx_word' id='word_1_225' title='bbox 375 2220 589 2283; x_wconf 72' lang='lat' dir='ltr'><strong>espupnersrnnt</strong></span> <span class='ocrx_word' id='word_1_226' title='bbox 604 2227 672 2265; x_wconf 86' lang='lat' dir='ltr'><strong>uteo</strong></span> <span class='ocrx_word' id='word_1_227' title='bbox 687 2211 825 2281; x_wconf 79' lang='lat' dir='ltr'><strong>juventute</strong></span> <span class='ocrx_word' id='word_1_228' title='bbox 840 2226 908 2278; x_wconf 83' lang='lat' dir='ltr'><strong>ntes,</strong></span> <span class='ocrx_word' id='word_1_229' title='bbox 923 2217 963 2264; x_wconf 92' lang='lat' dir='ltr'><strong>et·</strong></span> <span class='ocrx_word' id='word_1_230' title='bbox 1049 2207 1132 2267; x_wconf 76' lang='lat' dir='ltr'><strong>Vsus.</strong></span> <span class='ocrx_word' id='word_1_231' title='bbox 1148 2209 1175 2266; x_wconf 87' lang='grc'><strong>5.</strong></span> <span class='ocrx_word' id='word_1_232' title='bbox 1191 2208 1398 2279; x_wconf 70' lang='lat' dir='ltr'><strong>Confunduntur</strong></span> <span class='ocrx_word' id='word_1_233' title='bbox 1414 2216 1440 2263; x_wconf 87' lang='lat' dir='ltr'><strong>et</strong></span> <span class='ocrx_word' id='word_1_234' title='bbox 1461 2214 1648 2262; x_wconf 83' lang='lat' dir='ltr'><strong>emrtrrtuntur</strong></span> <span class='ocrx_word' id='word_1_235' title='bbox 1662 2217 1809 2262; x_wconf 69' lang='lat' dir='ltr'><strong>retrorsum</strong></span> 
     </span>
    </p>
   </div>
   <div class='ocr_carea' id='block_1_11' title="bbox 170 2297 1913 2386">
    <p class='ocr_par' dir='ltr' id='par_1_11' title="bbox 170 2297 1913 2386">
     <span class='ocr_line' id='line_1_19' title="bbox 170 2297 1913 2386; baseline -0.004 -25"><span class='ocrx_word' id='word_1_236' title='bbox 170 2309 241 2362; x_wconf 85' lang='lat' dir='ltr'><strong>enlm</strong></span> <span class='ocrx_word' id='word_1_237' title='bbox 252 2322 303 2360; x_wconf 85' lang='lat' dir='ltr'><strong>nors</strong></span> <span class='ocrx_word' id='word_1_238' title='bbox 319 2312 461 2376; x_wconf 83' lang='lat' dir='ltr'><strong>potnerunt</strong></span> <span class='ocrx_word' id='word_1_239' title='bbox 476 2302 552 2358; x_wconf 82' lang='lat' dir='ltr'><strong>mitri.</strong></span> <span class='ocrx_word' id='word_1_240' title='bbox 568 2301 669 2373; x_wconf 85' lang='lat' dir='ltr'><strong>Nempe</strong></span> <span class='ocrx_word' id='word_1_241' title='bbox 685 2302 807 2359; x_wconf 80' lang='lat' dir='ltr'><strong>victricis</strong></span> <span class='ocrx_word' id='word_1_242' title='bbox 820 2302 964 2358; x_wconf 85' lang='lat' dir='ltr'><strong>cntrseicn·</strong></span> <span class='ocrx_word' id='word_1_243' title='bbox 1013 2316 1102 2357; x_wconf 84' lang='lat' dir='ltr'><strong>onrnes</strong></span> <span class='ocrx_word' id='word_1_244' title='bbox 1116 2300 1162 2372; x_wconf 77' lang='lat' dir='ltr'><strong>qni</strong></span> <span class='ocrx_word' id='word_1_245' title='bbox 1187 2297 1388 2386; x_wconf 70' lang='lat' dir='ltr'><strong>oderuntdimr.</strong></span> <span class='ocrx_word' id='word_1_246' title='bbox 1403 2297 1610 2371; x_wconf 68' lang='lat' dir='ltr'><strong>contenduntur</strong></span> <span class='ocrx_word' id='word_1_247' title='bbox 1621 2298 1726 2357; x_wconf 88' lang='lat' dir='ltr'><strong>salubri</strong></span> <span class='ocrx_word' id='word_1_248' title='bbox 1740 2314 1809 2355; x_wconf 65' lang='lat' dir='ltr'><strong>con⁴</strong></span> <span class='ocrx_word' id='word_1_249' title='bbox 1912 2330 1913 2341; x_wconf 69' lang='lat'><strong>.</strong></span> 
     </span>
    </p>
   </div>
   <div class='ocr_carea' id='block_1_12' title="bbox 172 2390 1810 2464">
    <p class='ocr_par' dir='ltr' id='par_1_12' title="bbox 172 2390 1810 2464">
     <span class='ocr_line' id='line_1_20' title="bbox 172 2390 1810 2464; baseline -0.005 -10"><span class='ocrx_word' id='word_1_250' title='bbox 172 2399 268 2455; x_wconf 77' lang='lat' dir='ltr'><strong>tiaeest</strong></span> <span class='ocrx_word' id='word_1_251' title='bbox 285 2396 396 2453; x_wconf 83' lang='lat' dir='ltr'><strong>dicere:</strong></span> <span class='ocrx_word' id='word_1_252' title='bbox 415 2393 522 2450; x_wconf 81' lang='lat' dir='ltr'><strong>Etenim</strong></span> <span class='ocrx_word' id='word_1_253' title='bbox 538 2409 590 2449; x_wconf 89' lang='lat' dir='ltr'><strong>non</strong></span> <span class='ocrx_word' id='word_1_254' title='bbox 608 2399 749 2464; x_wconf 84' lang='lat' dir='ltr'><strong>potuerunt</strong></span> <span class='ocrx_word' id='word_1_255' title='bbox 767 2390 843 2459; x_wconf 82' lang='lat' dir='ltr'><strong>mili,</strong></span> <span class='ocrx_word' id='word_1_256' title='bbox 858 2392 963 2449; x_wconf 82' lang='lat' dir='ltr'><strong>subau-</strong></span> <span class='ocrx_word' id='word_1_257' title='bbox 1014 2390 1133 2460; x_wconf 84' lang='lat' dir='ltr'><strong>lusione,</strong></span> <span class='ocrx_word' id='word_1_258' title='bbox 1145 2399 1207 2462; x_wconf 80' lang='lat' dir='ltr'><strong>quse</strong></span> <span class='ocrx_word' id='word_1_259' title='bbox 1218 2390 1329 2447; x_wconf 88' lang='lat' dir='ltr'><strong>adducit</strong></span> <span class='ocrx_word' id='word_1_260' title='bbox 1339 2391 1464 2462; x_wconf 71' lang='lat' dir='ltr'><strong>gloriam,</strong></span> <span class='ocrx_word' id='word_1_261' title='bbox 1477 2391 1543 2447; x_wconf 90' lang='lat' dir='ltr'><strong>dum</strong></span> <span class='ocrx_word' id='word_1_262' title='bbox 1554 2391 1617 2462; x_wconf 85' lang='lat' dir='ltr'><strong>quis</strong></span> <span class='ocrx_word' id='word_1_263' title='bbox 1627 2390 1810 2447; x_wconf 79' lang='lat' dir='ltr'><strong>mntundtmr</strong></span> 
     </span>
    </p>
   </div>
   <div class='ocr_carea' id='block_1_13' title="bbox 172 2476 1913 2560">
    <p class='ocr_par' dir='ltr' id='par_1_13' title="bbox 172 2476 1913 2560">
     <span class='ocr_line' id='line_1_21' title="bbox 172 2476 1913 2560; baseline -0.005 -15"><span class='ocrx_word' id='word_1_264' title='bbox 172 2486 234 2545; x_wconf 86' lang='lat' dir='ltr'><strong>dis:</strong></span> <span class='ocrx_word' id='word_1_265' title='bbox 251 2487 408 2560; x_wconf 80' lang='lat' dir='ltr'><strong>praeralere.</strong></span> <span class='ocrx_word' id='word_1_266' title='bbox 426 2485 513 2541; x_wconf 84' lang='lat' dir='ltr'><strong>lsrael</strong></span> <span class='ocrx_word' id='word_1_267' title='bbox 523 2496 588 2558; x_wconf 77' lang='lat' dir='ltr'><strong>ergo</strong></span> <span class='ocrx_word' id='word_1_268' title='bbox 601 2485 656 2550; x_wconf 88' lang='lat' dir='ltr'><strong>ille,</strong></span> <span class='ocrx_word' id='word_1_269' title='bbox 672 2485 717 2541; x_wconf 88' lang='lat' dir='ltr'><strong>ctti</strong></span> <span class='ocrx_word' id='word_1_270' title='bbox 729 2484 867 2556; x_wconf 88' lang='lat' dir='ltr'><strong>superiori</strong></span> <span class='ocrx_word' id='word_1_271' title='bbox 877 2483 963 2556; x_wconf 76' lang='lat' dir='ltr'><strong>gradu</strong></span> <span class='ocrx_word' id='word_1_272' title='bbox 1014 2483 1173 2555; x_wconf 73' lang='lat' dir='ltr'><strong>poenitendo</strong></span> <span class='ocrx_word' id='word_1_273' title='bbox 1190 2490 1217 2538; x_wconf 89' lang='lat' dir='ltr'><strong>et</strong></span> <span class='ocrx_word' id='word_1_274' title='bbox 1229 2481 1273 2553; x_wconf 93' lang='lat' dir='ltr'><strong>pie</strong></span> <span class='ocrx_word' id='word_1_275' title='bbox 1287 2483 1443 2539; x_wconf 90' lang='lat' dir='ltr'><strong>coniitendo</strong></span> <span class='ocrx_word' id='word_1_276' title='bbox 1457 2491 1567 2554; x_wconf 84' lang='lat' dir='ltr'><strong>peecata</strong></span> <span class='ocrx_word' id='word_1_277' title='bbox 1583 2497 1644 2552; x_wconf 88' lang='lat' dir='ltr'><strong>sua,</strong></span> <span class='ocrx_word' id='word_1_278' title='bbox 1660 2481 1809 2553; x_wconf 87' lang='lat' dir='ltr'><strong>dequibus</strong></span> <span class='ocrx_word' id='word_1_279' title='bbox 1912 2476 1913 2501; x_wconf 65' lang='lat'>¹</span> 
     </span>
    </p>
   </div>
   <div class='ocr_carea' id='block_1_14' title="bbox 171 2572 1810 3377">
    <p class='ocr_par' dir='ltr' id='par_1_14' title="bbox 171 2572 1810 3377">
     <span class='ocr_line' id='line_1_22' title="bbox 172 2572 1806 2645; baseline -0.004 -10"><span class='ocrx_word' id='word_1_280' title='bbox 172 2580 326 2636; x_wconf 83' lang='lat' dir='ltr'><strong>benedictio</strong></span> <span class='ocrx_word' id='word_1_281' title='bbox 341 2578 524 2634; x_wconf 84' lang='lat' dir='ltr'><strong>thesaurizata</strong></span> <span class='ocrx_word' id='word_1_282' title='bbox 539 2585 582 2633; x_wconf 91' lang='lat' dir='ltr'><strong>est</strong></span> <span class='ocrx_word' id='word_1_283' title='bbox 599 2576 743 2633; x_wconf 89' lang='lat' dir='ltr'><strong>continens</strong></span> <span class='ocrx_word' id='word_1_284' title='bbox 757 2574 785 2630; x_wconf 93' lang='lat' dir='ltr'><strong>in</strong></span> <span class='ocrx_word' id='word_1_285' title='bbox 806 2574 859 2630; x_wconf 83' lang='lat' dir='ltr'><strong>llus</strong></span> <span class='ocrx_word' id='word_1_286' title='bbox 872 2587 964 2645; x_wconf 78' lang='lat' dir='ltr'><strong>putem</strong></span> <span class='ocrx_word' id='word_1_287' title='bbox 1014 2575 1153 2632; x_wconf 84' lang='lat' dir='ltr'><strong>erubescit</strong></span> <span class='ocrx_word' id='word_1_288' title='bbox 1162 2573 1302 2645; x_wconf 90' lang='lat' dir='ltr'><strong>productis</strong></span> <span class='ocrx_word' id='word_1_289' title='bbox 1315 2574 1349 2630; x_wconf 90' lang='lat' dir='ltr'><strong>ad</strong></span> <span class='ocrx_word' id='word_1_290' title='bbox 1364 2575 1451 2631; x_wconf 90' lang='lat' dir='ltr'><strong>lucem</strong></span> <span class='ocrx_word' id='word_1_291' title='bbox 1469 2574 1547 2644; x_wconf 79' lang='lat' dir='ltr'><strong>justa</strong></span> <span class='ocrx_word' id='word_1_292' title='bbox 1561 2573 1647 2630; x_wconf 79' lang='lat' dir='ltr'><strong>illudz</strong></span> <span class='ocrx_word' id='word_1_293' title='bbox 1664 2592 1674 2627; x_wconf 83' lang='lat' dir='ltr'><strong>r</strong></span> <span class='ocrx_word' id='word_1_294' title='bbox 1690 2572 1806 2640; x_wconf 83' lang='lat' dir='ltr'><strong>Lararc,</strong></span> 
     </span>
     <span class='ocr_line' id='line_1_23' title="bbox 172 2662 1809 2741; baseline -0.004 -16"><span class='ocrx_word' id='word_1_295' title='bbox 172 2687 250 2741; x_wconf 88' lang='lat' dir='ltr'><strong>super</strong></span> <span class='ocrx_word' id='word_1_296' title='bbox 265 2670 360 2735; x_wconf 85' lang='lat' dir='ltr'><strong>lsrael,</strong></span> <span class='ocrx_word' id='word_1_297' title='bbox 376 2670 431 2735; x_wconf 92' lang='lat' dir='ltr'><strong>ille,</strong></span> <span class='ocrx_word' id='word_1_298' title='bbox 454 2668 577 2740; x_wconf 80' lang='lat' dir='ltr'><strong>inquam,</strong></span> <span class='ocrx_word' id='word_1_299' title='bbox 599 2664 686 2723; x_wconf 83' lang='lat' dir='ltr'><strong>Israel</strong></span> <span class='ocrx_word' id='word_1_300' title='bbox 700 2675 800 2721; x_wconf 73' lang='lat' dir='ltr'><strong>rumor</strong></span> <span class='ocrx_word' id='word_1_301' title='bbox 810 2664 964 2735; x_wconf 78' lang='lat' dir='ltr'><strong>prseterito-</strong></span> <span class='ocrx_word' id='word_1_302' title='bbox 1014 2665 1076 2723; x_wconf 85' lang='lat' dir='ltr'><strong>vetti</strong></span> <span class='ocrx_word' id='word_1_303' title='bbox 1093 2663 1169 2721; x_wconf 79' lang='lat' dir='ltr'><strong>toras</strong></span> <span class='ocrx_word' id='word_1_304' title='bbox 1183 2662 1274 2736; x_wconf 79' lang='lat' dir='ltr'><strong>(leon.</strong></span> <span class='ocrx_word' id='word_1_305' title='bbox 1290 2680 1329 2733; x_wconf 81' lang='lat' dir='ltr'><strong>st,</strong></span> <span class='ocrx_word' id='word_1_306' title='bbox 1345 2665 1402 2736; x_wconf 74' lang='lat' dir='ltr'><strong>ld).</strong></span> <span class='ocrx_word' id='word_1_307' title='bbox 1419 2683 1429 2717; x_wconf 90' lang='lat' dir='ltr'><strong>r</strong></span> <span class='ocrx_word' id='word_1_308' title='bbox 1453 2663 1647 2721; x_wconf 80' lang='lat' dir='ltr'><strong>conuertuntur</strong></span> <span class='ocrx_word' id='word_1_309' title='bbox 1664 2665 1748 2721; x_wconf 87' lang='lat' dir='ltr'><strong>etiam</strong></span> <span class='ocrx_word' id='word_1_310' title='bbox 1764 2680 1809 2720; x_wconf 86' lang='lat' dir='ltr'><strong>re-</strong></span> 
     </span>
     <span class='ocr_line' id='line_1_24' title="bbox 172 2754 1809 2828; baseline -0.003 -12"><span class='ocrx_word' id='word_1_311' title='bbox 172 2767 234 2816; x_wconf 89' lang='lat' dir='ltr'><strong>rtnu</strong></span> <span class='ocrx_word' id='word_1_312' title='bbox 257 2760 438 2817; x_wconf 81' lang='lat' dir='ltr'><strong>certaminum</strong></span> <span class='ocrx_word' id='word_1_313' title='bbox 460 2758 533 2814; x_wconf 80' lang='lat' dir='ltr'><strong>dtcnt</strong></span> <span class='ocrx_word' id='word_1_314' title='bbox 557 2768 584 2815; x_wconf 90' lang='lat' dir='ltr'><strong>et</strong></span> <span class='ocrx_word' id='word_1_315' title='bbox 606 2770 656 2815; x_wconf 91' lang='lat' dir='ltr'><strong>sua</strong></span> <span class='ocrx_word' id='word_1_316' title='bbox 678 2764 706 2813; x_wconf 90' lang='lat' dir='ltr'><strong>et</strong></span> <span class='ocrx_word' id='word_1_317' title='bbox 730 2756 815 2813; x_wconf 89' lang='lat' dir='ltr'><strong>totius</strong></span> <span class='ocrx_word' id='word_1_318' title='bbox 835 2755 965 2812; x_wconf 83' lang='lat' dir='ltr'><strong>Ecclesiae</strong></span> <span class='ocrx_word' id='word_1_319' title='bbox 1016 2770 1132 2815; x_wconf 87' lang='lat' dir='ltr'><strong>trorsum</strong></span> <span class='ocrx_word' id='word_1_320' title='bbox 1146 2754 1236 2828; x_wconf 89' lang='lat' dir='ltr'><strong>parati</strong></span> <span class='ocrx_word' id='word_1_321' title='bbox 1255 2756 1399 2813; x_wconf 79' lang='lat' dir='ltr'><strong>veritatem</strong></span> <span class='ocrx_word' id='word_1_322' title='bbox 1417 2755 1506 2827; x_wconf 85' lang='lat' dir='ltr'><strong>seqtrl,</strong></span> <span class='ocrx_word' id='word_1_323' title='bbox 1521 2757 1566 2813; x_wconf 90' lang='lat' dir='ltr'><strong>cui</strong></span> <span class='ocrx_word' id='word_1_324' title='bbox 1585 2757 1662 2828; x_wconf 83' lang='lat' dir='ltr'><strong>prius</strong></span> <span class='ocrx_word' id='word_1_325' title='bbox 1677 2755 1809 2812; x_wconf 82' lang='lat' dir='ltr'><strong>adversa·</strong></span> 
     </span>
     <span class='ocr_line' id='line_1_25' title="bbox 171 2844 1810 2924; baseline -0.003 -18"><span class='ocrx_word' id='word_1_326' title='bbox 171 2864 239 2909; x_wconf 80' lang='lat' dir='ltr'><strong>soce</strong></span> <span class='ocrx_word' id='word_1_327' title='bbox 251 2853 353 2924; x_wconf 75' lang='lat' dir='ltr'><strong>gratias</strong></span> <span class='ocrx_word' id='word_1_328' title='bbox 365 2865 450 2923; x_wconf 79' lang='lat' dir='ltr'><strong>agens</strong></span> <span class='ocrx_word' id='word_1_329' title='bbox 465 2850 498 2906; x_wconf 92' lang='lat' dir='ltr'><strong>de</strong></span> <span class='ocrx_word' id='word_1_330' title='bbox 512 2849 646 2906; x_wconf 80' lang='lat' dir='ltr'><strong>uictoria:</strong></span> <span class='ocrx_word' id='word_1_331' title='bbox 661 2846 736 2918; x_wconf 86' lang='lat' dir='ltr'><strong>Ssrpe</strong></span> <span class='ocrx_word' id='word_1_332' title='bbox 749 2854 964 2919; x_wconf 74' lang='lat' dir='ltr'><strong>sspupnrrerunt</strong></span> <span class='ocrx_word' id='word_1_333' title='bbox 1019 2850 1131 2905; x_wconf 85' lang='lat' dir='ltr'><strong>bantur.</strong></span> <span class='ocrx_word' id='word_1_334' title='bbox 1143 2844 1258 2914; x_wconf 80' lang='lat' dir='ltr'><strong>Quodsi</strong></span> <span class='ocrx_word' id='word_1_335' title='bbox 1271 2845 1330 2902; x_wconf 74' lang='lat' dir='ltr'><strong>trec</strong></span> <span class='ocrx_word' id='word_1_336' title='bbox 1340 2845 1429 2902; x_wconf 76' lang='lat' dir='ltr'><strong>erratio</strong></span> <span class='ocrx_word' id='word_1_337' title='bbox 1442 2860 1502 2901; x_wconf 84' lang='lat' dir='ltr'><strong>ntea</strong></span> <span class='ocrx_word' id='word_1_338' title='bbox 1514 2857 1565 2917; x_wconf 89' lang='lat' dir='ltr'><strong>pro</strong></span> <span class='ocrx_word' id='word_1_339' title='bbox 1576 2844 1630 2903; x_wconf 90' lang='lat' dir='ltr'><strong>illis</strong></span> <span class='ocrx_word' id='word_1_340' title='bbox 1647 2845 1709 2902; x_wconf 89' lang='lat' dir='ltr'><strong>lusa</strong></span> <span class='ocrx_word' id='word_1_341' title='bbox 1721 2855 1810 2902; x_wconf 70' lang='lat' dir='ltr'><strong>exau⁴</strong></span> 
     </span>
     <span class='ocr_line' id='line_1_26' title="bbox 172 2934 1809 3011; baseline -0.002 -14"><span class='ocrx_word' id='word_1_342' title='bbox 172 2959 213 2997; x_wconf 83' lang='lat' dir='ltr'><strong>me</strong></span> <span class='ocrx_word' id='word_1_343' title='bbox 231 2941 361 2997; x_wconf 83' lang='lat' dir='ltr'><strong>lsraelem</strong></span> <span class='ocrx_word' id='word_1_344' title='bbox 375 2940 488 2997; x_wconf 86' lang='lat' dir='ltr'><strong>tratrem</strong></span> <span class='ocrx_word' id='word_1_345' title='bbox 502 2938 587 2996; x_wconf 80' lang='lat' dir='ltr'><strong>Edoni</strong></span> <span class='ocrx_word' id='word_1_346' title='bbox 603 2953 735 3011; x_wconf 81' lang='lat' dir='ltr'><strong>sequaces</strong></span> <span class='ocrx_word' id='word_1_347' title='bbox 751 2934 848 3004; x_wconf 80' lang='lat' dir='ltr'><strong>Edem,</strong></span> <span class='ocrx_word' id='word_1_348' title='bbox 864 2935 964 2993; x_wconf 88' lang='lat' dir='ltr'><strong>terreni</strong></span> <span class='ocrx_word' id='word_1_349' title='bbox 1015 2941 1068 2997; x_wconf 82' lang='lat' dir='ltr'><strong>diri</strong></span> <span class='ocrx_word' id='word_1_350' title='bbox 1082 2956 1136 2997; x_wconf 90' lang='lat' dir='ltr'><strong>non</strong></span> <span class='ocrx_word' id='word_1_351' title='bbox 1151 2947 1252 3011; x_wconf 86' lang='lat' dir='ltr'><strong>potest,</strong></span> <span class='ocrx_word' id='word_1_352' title='bbox 1274 2937 1397 3010; x_wconf 84' lang='lat' dir='ltr'><strong>eoquod</strong></span> <span class='ocrx_word' id='word_1_353' title='bbox 1417 2936 1550 3009; x_wconf 87' lang='lat' dir='ltr'><strong>illispost</strong></span> <span class='ocrx_word' id='word_1_354' title='bbox 1571 2945 1712 3009; x_wconf 80' lang='lat' dir='ltr'><strong>acceptam</strong></span> <span class='ocrx_word' id='word_1_355' title='bbox 1733 2938 1809 2993; x_wconf 89' lang='lat' dir='ltr'><strong>uoti·</strong></span> 
     </span>
     <span class='ocr_line' id='line_1_27' title="bbox 172 3025 1806 3102; baseline -0.001 -17"><span class='ocrx_word' id='word_1_356' title='bbox 172 3025 297 3088; x_wconf 83' lang='lat' dir='ltr'><strong>ridelicet</strong></span> <span class='ocrx_word' id='word_1_357' title='bbox 314 3046 347 3087; x_wconf 86' lang='lat' dir='ltr'><strong>ae</strong></span> <span class='ocrx_word' id='word_1_358' title='bbox 358 3030 566 3102; x_wconf 74' lang='lat' dir='ltr'><strong>enrtsanguinei,</strong></span> <span class='ocrx_word' id='word_1_359' title='bbox 581 3044 653 3102; x_wconf 84' lang='lat' dir='ltr'><strong>quos</strong></span> <span class='ocrx_word' id='word_1_360' title='bbox 666 3045 717 3102; x_wconf 74' lang='lat' dir='ltr'><strong>ego</strong></span> <span class='ocrx_word' id='word_1_361' title='bbox 737 3026 824 3083; x_wconf 87' lang='lat' dir='ltr'><strong>lsroet</strong></span> <span class='ocrx_word' id='word_1_362' title='bbox 843 3029 871 3083; x_wconf 91' lang='lat' dir='ltr'><strong>in</strong></span> <span class='ocrx_word' id='word_1_363' title='bbox 886 3036 964 3084; x_wconf 87' lang='lat' dir='ltr'><strong>utero</strong></span> <span class='ocrx_word' id='word_1_364' title='bbox 1015 3033 1082 3088; x_wconf 90' lang='lat' dir='ltr'><strong>tiam</strong></span> <span class='ocrx_word' id='word_1_365' title='bbox 1096 3029 1220 3088; x_wconf 80' lang='lat' dir='ltr'><strong>veritatis</strong></span> <span class='ocrx_word' id='word_1_366' title='bbox 1234 3029 1389 3086; x_wconf 77' lang='lat' dir='ltr'><strong>voluntarie</strong></span> <span class='ocrx_word' id='word_1_367' title='bbox 1401 3029 1581 3102; x_wconf 75' lang='lat' dir='ltr'><strong>peccantibus</strong></span> <span class='ocrx_word' id='word_1_368' title='bbox 1595 3046 1605 3082; x_wconf 90' lang='lat' dir='ltr'><strong>r</strong></span> <span class='ocrx_word' id='word_1_369' title='bbox 1618 3028 1678 3101; x_wconf 79' lang='lat' dir='ltr'><strong>jam</strong></span> <span class='ocrx_word' id='word_1_370' title='bbox 1690 3040 1746 3085; x_wconf 90' lang='lat' dir='ltr'><strong>non</strong></span> <span class='ocrx_word' id='word_1_371' title='bbox 1762 3043 1806 3083; x_wconf 87' lang='lat' dir='ltr'><strong>rc·</strong></span> 
     </span>
     <span class='ocr_line' id='line_1_28' title="bbox 172 3101 1808 3194; baseline -0.006 -8"><span class='ocrx_word' id='word_1_372' title='bbox 172 3112 603 3191; x_wconf 67' lang='lat' dir='ltr'><strong>metestaesupptanun,qartus</strong></span> <span class='ocrx_word' id='word_1_373' title='bbox 615 3117 867 3175; x_wconf 74' lang='lat' dir='ltr'><strong>essersentcumem</strong></span> <span class='ocrx_word' id='word_1_374' title='bbox 878 3101 999 3190; x_wconf 66' lang='lat' dir='ltr'><strong>natue</strong></span> <span class='ocrx_word' id='word_1_375' title='bbox 1017 3125 1158 3194; x_wconf 69' lang='lat' dir='ltr'><strong>tirrenum</strong></span> <span class='ocrx_word' id='word_1_376' title='bbox 1171 3137 1222 3194; x_wconf 86' lang='lat' dir='ltr'><strong>pro</strong></span> <span class='ocrx_word' id='word_1_377' title='bbox 1241 3123 1361 3193; x_wconf 77' lang='lat' dir='ltr'><strong>pereatis</strong></span> <span class='ocrx_word' id='word_1_378' title='bbox 1376 3121 1465 3179; x_wconf 79' lang='lat' dir='ltr'><strong>nostis</strong></span> <span class='ocrx_word' id='word_1_379' title='bbox 1479 3120 1576 3192; x_wconf 73' lang='lat' dir='ltr'><strong>(trem.</strong></span> <span class='ocrx_word' id='word_1_380' title='bbox 1593 3130 1622 3188; x_wconf 83' lang='lat' dir='ltr'><strong>s,</strong></span> <span class='ocrx_word' id='word_1_381' title='bbox 1633 3119 1690 3189; x_wconf 84' lang='lat' dir='ltr'><strong>ro),</strong></span> <span class='ocrx_word' id='word_1_382' title='bbox 1707 3136 1718 3174; x_wconf 78' lang='lat' dir='ltr'><strong>s</strong></span> <span class='ocrx_word' id='word_1_383' title='bbox 1736 3120 1808 3177; x_wconf 79' lang='lat' dir='ltr'><strong>stem</strong></span> 
     </span>
     <span class='ocr_line' id='line_1_29' title="bbox 173 3206 1807 3283; baseline 0 -19"><span class='ocrx_word' id='word_1_384' title='bbox 173 3209 310 3279; x_wconf 86' lang='lat' dir='ltr'><strong>superiori</strong></span> <span class='ocrx_word' id='word_1_385' title='bbox 325 3209 490 3279; x_wconf 83' lang='lat' dir='ltr'><strong>descriptam</strong></span> <span class='ocrx_word' id='word_1_386' title='bbox 510 3208 639 3280; x_wconf 74' lang='lat' dir='ltr'><strong>preripui</strong></span> <span class='ocrx_word' id='word_1_387' title='bbox 658 3208 775 3264; x_wconf 88' lang='lat' dir='ltr'><strong>consilio</strong></span> <span class='ocrx_word' id='word_1_388' title='bbox 792 3209 889 3265; x_wconf 89' lang='lat' dir='ltr'><strong>matris</strong></span> <span class='ocrx_word' id='word_1_389' title='bbox 902 3224 965 3279; x_wconf 79' lang='lat' dir='ltr'><strong>gra·</strong></span> <span class='ocrx_word' id='word_1_390' title='bbox 1016 3211 1164 3283; x_wconf 76' lang='lat' dir='ltr'><strong>Apostolus</strong></span> <span class='ocrx_word' id='word_1_391' title='bbox 1178 3206 1305 3277; x_wconf 78' lang='lat' dir='ltr'><strong>affirmat,</strong></span> <span class='ocrx_word' id='word_1_392' title='bbox 1326 3210 1471 3283; x_wconf 78' lang='lat' dir='ltr'><strong>propinetis</strong></span> <span class='ocrx_word' id='word_1_393' title='bbox 1493 3210 1591 3267; x_wconf 73' lang='lat' dir='ltr'><strong>saltem</strong></span> <span class='ocrx_word' id='word_1_394' title='bbox 1606 3210 1665 3266; x_wconf 81' lang='lat' dir='ltr'><strong>lnce</strong></span> <span class='ocrx_word' id='word_1_395' title='bbox 1678 3209 1735 3266; x_wconf 89' lang='lat' dir='ltr'><strong>cito</strong></span> <span class='ocrx_word' id='word_1_396' title='bbox 1749 3209 1807 3265; x_wconf 90' lang='lat' dir='ltr'><strong>im·</strong></span> 
     </span>
     <span class='ocr_line' id='line_1_30' title="bbox 173 3292 1806 3377; baseline 0.002 -24"><span class='ocrx_word' id='word_1_397' title='bbox 173 3292 228 3354; x_wconf 74' lang='lat' dir='ltr'><strong>tire.</strong></span> <span class='ocrx_word' id='word_1_398' title='bbox 244 3295 319 3368; x_wconf 78' lang='lat' dir='ltr'><strong>Serpe</strong></span> <span class='ocrx_word' id='word_1_399' title='bbox 330 3306 543 3368; x_wconf 80' lang='lat' dir='ltr'><strong>erpsptstrrerutrt</strong></span> <span class='ocrx_word' id='word_1_400' title='bbox 556 3313 598 3352; x_wconf 85' lang='lat' dir='ltr'><strong>me</strong></span> <span class='ocrx_word' id='word_1_401' title='bbox 611 3314 628 3350; x_wconf 84' lang='grc' dir='ltr'><em>α</em></span> <span class='ocrx_word' id='word_1_402' title='bbox 634 3297 774 3367; x_wconf 78' lang='lat' dir='ltr'><strong>juventute</strong></span> <span class='ocrx_word' id='word_1_403' title='bbox 783 3314 852 3364; x_wconf 70' lang='lat' dir='ltr'><strong>meu,</strong></span> <span class='ocrx_word' id='word_1_404' title='bbox 869 3305 899 3353; x_wconf 72' lang='lat'><strong>¹¹²</strong></span> <span class='ocrx_word' id='word_1_405' title='bbox 911 3297 965 3353; x_wconf 67' lang='grc' dir='ltr'><strong>ἰΙΙῑθ</strong></span> <span class='ocrx_word' id='word_1_406' title='bbox 1016 3304 1130 3377; x_wconf 89' lang='lat' dir='ltr'><strong>pleatur,</strong></span> <span class='ocrx_word' id='word_1_407' title='bbox 1148 3318 1203 3374; x_wconf 85' lang='lat' dir='ltr'><strong>qua</strong></span> <span class='ocrx_word' id='word_1_408' title='bbox 1225 3301 1280 3359; x_wconf 91' lang='lat' dir='ltr'><strong>illis</strong></span> <span class='ocrx_word' id='word_1_409' title='bbox 1295 3317 1349 3357; x_wconf 92' lang='lat' dir='ltr'><strong>nnn</strong></span> <span class='ocrx_word' id='word_1_410' title='bbox 1363 3316 1441 3374; x_wconf 76' lang='lat' dir='ltr'><strong>rogo,</strong></span> <span class='ocrx_word' id='word_1_411' title='bbox 1460 3301 1509 3359; x_wconf 91' lang='lat' dir='ltr'><strong>scd</strong></span> <span class='ocrx_word' id='word_1_412' title='bbox 1523 3302 1673 3373; x_wconf 88' lang='lat' dir='ltr'><strong>pronuntio</strong></span> <span class='ocrx_word' id='word_1_413' title='bbox 1687 3300 1806 3358; x_wconf 70' lang='lat' dir='ltr'><strong>dicensi</strong></span> 
     </span>
    </p>
   </div>
   <div class='ocr_carea' id='block_1_15' title="bbox 173 3388 1819 3465">
    <p class='ocr_par' dir='ltr' id='par_1_15' title="bbox 173 3388 1819 3465">
     <span class='ocr_line' id='line_1_31' title="bbox 173 3388 1819 3465; baseline 0.002 -21"><span class='ocrx_word' id='word_1_414' title='bbox 173 3388 399 3461; x_wconf 75' lang='lat' dir='ltr'><strong>impugnantibus</strong></span> <span class='ocrx_word' id='word_1_415' title='bbox 413 3398 549 3446; x_wconf 86' lang='lat' dir='ltr'><strong>cresceret</strong></span> <span class='ocrx_word' id='word_1_416' title='bbox 569 3390 699 3461; x_wconf 88' lang='lat' dir='ltr'><strong>patientia</strong></span> <span class='ocrx_word' id='word_1_417' title='bbox 713 3397 741 3446; x_wconf 92' lang='lat' dir='ltr'><strong>et</strong></span> <span class='ocrx_word' id='word_1_418' title='bbox 757 3390 902 3446; x_wconf 85' lang='lat' dir='ltr'><strong>tolerantia</strong></span> <span class='ocrx_word' id='word_1_419' title='bbox 922 3389 966 3446; x_wconf 85' lang='lat' dir='ltr'><strong>vel</strong></span> <span class='ocrx_word' id='word_1_420' title='bbox 1017 3392 1233 3465; x_wconf 74' lang='lat' dir='ltr'><strong>Contundontsr,</strong></span> <span class='ocrx_word' id='word_1_421' title='bbox 1248 3393 1332 3449; x_wconf 89' lang='lat' dir='ltr'><strong>itaut</strong></span> <span class='ocrx_word' id='word_1_422' title='bbox 1352 3393 1453 3450; x_wconf 89' lang='lat' dir='ltr'><strong>cadant</strong></span> <span class='ocrx_word' id='word_1_423' title='bbox 1467 3393 1495 3449; x_wconf 93' lang='lat' dir='ltr'><strong>in</strong></span> <span class='ocrx_word' id='word_1_424' title='bbox 1511 3392 1688 3464; x_wconf 83' lang='lat' dir='ltr'><strong>opprobrium</strong></span> <span class='ocrx_word' id='word_1_425' title='bbox 1704 3392 1819 3464; x_wconf 74' lang='lat' dir='ltr'><strong>sempl-‘</strong></span> 
     </span>
    </p>
   </div>
   <div class='ocr_carea' id='block_1_16' title="bbox 173 3474 1814 3739">
    <p class='ocr_par' dir='ltr' id='par_1_16' title="bbox 173 3474 1814 3739">
     <span class='ocr_line' id='line_1_32' title="bbox 173 3474 1814 3556; baseline 0.002 -21"><span class='ocrx_word' id='word_1_426' title='bbox 173 3479 241 3535; x_wconf 90' lang='lat' dir='ltr'><strong>mibi</strong></span> <span class='ocrx_word' id='word_1_427' title='bbox 258 3477 356 3534; x_wconf 82' lang='lat' dir='ltr'><strong>israeli</strong></span> <span class='ocrx_word' id='word_1_428' title='bbox 370 3480 411 3536; x_wconf 84' lang='lat' dir='ltr'><strong>rel</strong></span> <span class='ocrx_word' id='word_1_429' title='bbox 424 3481 492 3536; x_wconf 88' lang='lat' dir='ltr'><strong>milri</strong></span> <span class='ocrx_word' id='word_1_430' title='bbox 505 3481 554 3537; x_wconf 89' lang='lat' dir='ltr'><strong>toti</strong></span> <span class='ocrx_word' id='word_1_431' title='bbox 570 3479 709 3549; x_wconf 73' lang='lat' dir='ltr'><strong>Ecclesiae,</strong></span> <span class='ocrx_word' id='word_1_432' title='bbox 725 3482 790 3537; x_wconf 90' lang='lat' dir='ltr'><strong>dum</strong></span> <span class='ocrx_word' id='word_1_433' title='bbox 803 3494 872 3552; x_wconf 82' lang='lat' dir='ltr'><strong>steps</strong></span> <span class='ocrx_word' id='word_1_434' title='bbox 883 3494 966 3552; x_wconf 79' lang='lat' dir='ltr'><strong>erps-</strong></span> <span class='ocrx_word' id='word_1_435' title='bbox 1016 3495 1136 3542; x_wconf 82' lang='lat' dir='ltr'><strong>sernum.</strong></span> <span class='ocrx_word' id='word_1_436' title='bbox 1161 3484 1369 3556; x_wconf 68' lang='lat' dir='ltr'><strong>evertendarum</strong></span> <span class='ocrx_word' id='word_1_437' title='bbox 1389 3483 1466 3541; x_wconf 81' lang='lat' dir='ltr'><strong>illies</strong></span> <span class='ocrx_word' id='word_1_438' title='bbox 1489 3498 1544 3540; x_wconf 93' lang='lat' dir='ltr'><strong>non</strong></span> <span class='ocrx_word' id='word_1_439' title='bbox 1569 3482 1724 3541; x_wconf 79' lang='lat' dir='ltr'><strong>mniundar</strong></span> <span class='ocrx_word' id='word_1_440' title='bbox 1744 3474 1814 3555; x_wconf 74' lang='lat' dir='ltr'><strong>ego,</strong></span> 
     </span>
     <span class='ocr_line' id='line_1_33' title="bbox 174 3571 1807 3648; baseline 0.001 -21"><span class='ocrx_word' id='word_1_441' title='bbox 174 3582 319 3645; x_wconf 73' lang='lat' dir='ltr'><strong>posuerunt</strong></span> <span class='ocrx_word' id='word_1_442' title='bbox 336 3590 377 3628; x_wconf 88' lang='lat' dir='ltr'><strong>me</strong></span> <span class='ocrx_word' id='word_1_443' title='bbox 392 3571 547 3644; x_wconf 88' lang='lat' dir='ltr'><strong>incipiendo</strong></span> <span class='ocrx_word' id='word_1_444' title='bbox 560 3589 576 3629; x_wconf 93' lang='lat' dir='ltr'><strong>a</strong></span> <span class='ocrx_word' id='word_1_445' title='bbox 593 3575 726 3646; x_wconf 73' lang='lat' dir='ltr'><strong>sanguine</strong></span> <span class='ocrx_word' id='word_1_446' title='bbox 741 3573 808 3631; x_wconf 76' lang='lat' dir='ltr'><strong>tibet</strong></span> <span class='ocrx_word' id='word_1_447' title='bbox 820 3574 900 3646; x_wconf 81' lang='lat' dir='ltr'><strong>justi,</strong></span> <span class='ocrx_word' id='word_1_448' title='bbox 918 3575 966 3647; x_wconf 83' lang='lat' dir='ltr'><strong>qui</strong></span> <span class='ocrx_word' id='word_1_449' title='bbox 1017 3583 1133 3647; x_wconf 82' lang='lat' dir='ltr'><strong>paveant</strong></span> <span class='ocrx_word' id='word_1_450' title='bbox 1144 3575 1183 3630; x_wconf 94' lang='lat' dir='ltr'><strong>illi</strong></span> <span class='ocrx_word' id='word_1_451' title='bbox 1195 3583 1223 3631; x_wconf 91' lang='lat' dir='ltr'><strong>et</strong></span> <span class='ocrx_word' id='word_1_452' title='bbox 1236 3587 1292 3631; x_wconf 89' lang='lat' dir='ltr'><strong>nou</strong></span> <span class='ocrx_word' id='word_1_453' title='bbox 1306 3589 1420 3648; x_wconf 80' lang='lat' dir='ltr'><strong>paream</strong></span> <span class='ocrx_word' id='word_1_454' title='bbox 1437 3589 1499 3647; x_wconf 76' lang='lat' dir='ltr'><strong>ego.</strong></span> <span class='ocrx_word' id='word_1_455' title='bbox 1518 3574 1713 3632; x_wconf 78' lang='lat' dir='ltr'><strong>concertantes</strong></span> <span class='ocrx_word' id='word_1_456' title='bbox 1723 3575 1807 3631; x_wconf 89' lang='lat' dir='ltr'><strong>etiam</strong></span> 
     </span>
     <span class='ocr_line' id='line_1_34' title="bbox 173 3663 1808 3739; baseline 0.001 -18"><span class='ocrx_word' id='word_1_457' title='bbox 173 3672 217 3721; x_wconf 90' lang='lat' dir='ltr'><strong>est</strong></span> <span class='ocrx_word' id='word_1_458' title='bbox 230 3663 392 3721; x_wconf 85' lang='lat' dir='ltr'><strong>interiectus</strong></span> <span class='ocrx_word' id='word_1_459' title='bbox 405 3664 433 3719; x_wconf 91' lang='lat' dir='ltr'><strong>in</strong></span> <span class='ocrx_word' id='word_1_460' title='bbox 447 3679 557 3737; x_wconf 89' lang='lat' dir='ltr'><strong>campo,</strong></span> <span class='ocrx_word' id='word_1_461' title='bbox 577 3666 714 3738; x_wconf 87' lang='lat' dir='ltr'><strong>usquead</strong></span> <span class='ocrx_word' id='word_1_462' title='bbox 734 3664 895 3739; x_wconf 77' lang='lat' dir='ltr'><strong>sangninem</strong></span> <span class='ocrx_word' id='word_1_463' title='bbox 914 3665 966 3723; x_wconf 83' lang='lat' dir='ltr'><strong>Za·</strong></span> <span class='ocrx_word' id='word_1_464' title='bbox 1017 3678 1162 3724; x_wconf 76' lang='lat' dir='ltr'><strong>retrorsum</strong></span> <span class='ocrx_word' id='word_1_465' title='bbox 1180 3667 1304 3725; x_wconf 89' lang='lat' dir='ltr'><strong>cadendo</strong></span> <span class='ocrx_word' id='word_1_466' title='bbox 1325 3678 1469 3725; x_wconf 81' lang='lat' dir='ltr'><strong>retrorsum</strong></span> <span class='ocrx_word' id='word_1_467' title='bbox 1490 3667 1616 3739; x_wconf 83' lang='lat' dir='ltr'><strong>exemplo</strong></span> <span class='ocrx_word' id='word_1_468' title='bbox 1633 3681 1740 3735; x_wconf 89' lang='lat' dir='ltr'><strong>eornm,</strong></span> <span class='ocrx_word' id='word_1_469' title='bbox 1759 3665 1808 3737; x_wconf 79' lang='lat' dir='ltr'><strong>uui</strong></span> 
     </span>
    </p>
   </div>
   <div class='ocr_carea' id='block_1_17' title="bbox 174 3755 1808 3841">
    <p class='ocr_par' dir='ltr' id='par_1_17' title="bbox 174 3726 1913 3841">
     <span class='ocr_line' id='line_1_35' title="bbox 174 3755 1808 3841; baseline 0 -29"><span class='ocrx_word' id='word_1_470' title='bbox 174 3757 285 3822; x_wconf 81' lang='lat' dir='ltr'><strong>cbarire,</strong></span> <span class='ocrx_word' id='word_1_471' title='bbox 301 3772 381 3828; x_wconf 88' lang='lat' dir='ltr'><strong>quern</strong></span> <span class='ocrx_word' id='word_1_472' title='bbox 394 3757 631 3814; x_wconf 86' lang='lat' dir='ltr'><strong>occiderunlitrter</strong></span> <span class='ocrx_word' id='word_1_473' title='bbox 647 3757 810 3829; x_wconf 22' lang='lat' dir='ltr'><strong>templumffct</strong></span> <span class='ocrx_word' id='word_1_474' title='bbox 824 3758 920 3826; x_wconf 86' lang='lat' dir='ltr'><strong>altare,</strong></span> <span class='ocrx_word' id='word_1_475' title='bbox 936 3764 967 3814; x_wconf 88' lang='lat' dir='ltr'><strong>ut</strong></span> <span class='ocrx_word' id='word_1_476' title='bbox 1016 3768 1148 3818; x_wconf 69' lang='lat' dir='ltr'><strong>venerant</strong></span> <span class='ocrx_word' id='word_1_477' title='bbox 1167 3760 1399 3831; x_wconf 83' lang='lat' dir='ltr'><strong>comprehendere</strong></span> <span class='ocrx_word' id='word_1_478' title='bbox 1413 3757 1519 3824; x_wconf 82' lang='lat' dir='ltr'><strong>lesum,</strong></span> <span class='ocrx_word' id='word_1_479' title='bbox 1536 3755 1571 3814; x_wconf 93' lang='lat' dir='ltr'><strong>de</strong></span> <span class='ocrx_word' id='word_1_480' title='bbox 1584 3756 1684 3830; x_wconf 85' lang='lat' dir='ltr'><strong>quibus</strong></span> <span class='ocrx_word' id='word_1_481' title='bbox 1697 3755 1808 3841; x_wconf 71' lang='lat' dir='ltr'><strong>legitur,</strong></span> 
     </span>
    </p>
   </div>
   <div class='ocr_carea' id='block_1_18' title="bbox 174 3846 1813 4013">
    <p class='ocr_par' dir='ltr' id='par_1_18' title="bbox 174 3846 1813 4013">
     <span class='ocr_line' id='line_1_36' title="bbox 174 3846 1813 3923; baseline -0.001 -20"><span class='ocrx_word' id='word_1_482' title='bbox 174 3848 266 3904; x_wconf 83' lang='lat' dir='ltr'><strong>veniat</strong></span> <span class='ocrx_word' id='word_1_483' title='bbox 279 3849 731 3922; x_wconf 78' lang='lat' dir='ltr'><strong>snpereosomnissangulsjustus</strong></span> <span class='ocrx_word' id='word_1_484' title='bbox 741 3853 798 3907; x_wconf 84' lang='lat' dir='ltr'><strong>sire</strong></span> <span class='ocrx_word' id='word_1_485' title='bbox 812 3851 839 3907; x_wconf 91' lang='lat' dir='ltr'><strong>iu</strong></span> <span class='ocrx_word' id='word_1_486' title='bbox 851 3849 966 3906; x_wconf 90' lang='lat' dir='ltr'><strong>manile-</strong></span> <span class='ocrx_word' id='word_1_487' title='bbox 1016 3852 1082 3923; x_wconf 79' lang='lat' dir='ltr'><strong>quia</strong></span> <span class='ocrx_word' id='word_1_488' title='bbox 1095 3867 1158 3908; x_wconf 92' lang='lat' dir='ltr'><strong>cum</strong></span> <span class='ocrx_word' id='word_1_489' title='bbox 1179 3852 1295 3909; x_wconf 80' lang='lat' dir='ltr'><strong>dixisset</strong></span> <span class='ocrx_word' id='word_1_490' title='bbox 1313 3849 1413 3908; x_wconf 74' lang='lat' dir='ltr'><strong>lesus:</strong></span> <span class='ocrx_word' id='word_1_491' title='bbox 1431 3867 1441 3902; x_wconf 86' lang='lat' dir='ltr'><strong>s</strong></span> <span class='ocrx_word' id='word_1_492' title='bbox 1459 3846 1517 3920; x_wconf 75' lang='lat' dir='ltr'><strong>ligo</strong></span> <span class='ocrx_word' id='word_1_493' title='bbox 1535 3863 1608 3917; x_wconf 89' lang='lat' dir='ltr'><strong>sum,</strong></span> <span class='ocrx_word' id='word_1_494' title='bbox 1624 3846 1750 3903; x_wconf 87' lang='lat' dir='ltr'><strong>abierunt</strong></span> <span class='ocrx_word' id='word_1_495' title='bbox 1764 3860 1813 3902; x_wconf 59' lang='lat' dir='ltr'><strong>res</strong></span> 
     </span>
     <span class='ocr_line' id='line_1_37' title="bbox 174 3935 1809 4013; baseline -0.002 -18"><span class='ocrx_word' id='word_1_496' title='bbox 174 3940 218 3995; x_wconf 85' lang='lat' dir='ltr'><strong>sla</strong></span> <span class='ocrx_word' id='word_1_497' title='bbox 239 3939 297 3996; x_wconf 84' lang='lat' dir='ltr'><strong>site</strong></span> <span class='ocrx_word' id='word_1_498' title='bbox 320 3940 348 3995; x_wconf 92' lang='lat' dir='ltr'><strong>in</strong></span> <span class='ocrx_word' id='word_1_499' title='bbox 371 3940 480 3996; x_wconf 89' lang='lat' dir='ltr'><strong>occulto</strong></span> <span class='ocrx_word' id='word_1_500' title='bbox 501 3939 590 3997; x_wconf 85' lang='lat' dir='ltr'><strong>lusus.</strong></span> <span class='ocrx_word' id='word_1_501' title='bbox 614 3938 693 4008; x_wconf 81' lang='lat' dir='ltr'><strong>Quod</strong></span> <span class='ocrx_word' id='word_1_502' title='bbox 717 3949 808 3997; x_wconf 92' lang='lat' dir='ltr'><strong>antem</strong></span> <span class='ocrx_word' id='word_1_503' title='bbox 831 3940 894 3998; x_wconf 89' lang='lat' dir='ltr'><strong>dieo</strong></span> <span class='ocrx_word' id='word_1_504' title='bbox 914 3952 966 4013; x_wconf 77' lang='lat' dir='ltr'><strong>ego</strong></span> <span class='ocrx_word' id='word_1_505' title='bbox 1017 3940 1519 4010; x_wconf 87' lang='lat' dir='ltr'><strong>trorsum,cteecideruntinterram</strong></span> <span class='ocrx_word' id='word_1_506' title='bbox 1537 3935 1809 4011; x_wconf 80' lang='lat' dir='ltr'><strong>(lonn.1rttt,li),r</strong></span> 
     </span>
    </p>
   </div>
   <div class='ocr_carea' id='block_1_19' title="bbox 175 4028 1913 4104">
    <p class='ocr_par' dir='ltr' id='par_1_19' title="bbox 175 4028 1913 4104">
     <span class='ocr_line' id='line_1_38' title="bbox 175 4028 1913 4104; baseline 0 -20"><span class='ocrx_word' id='word_1_507' title='bbox 175 4028 272 4096; x_wconf 86' lang='lat' dir='ltr'><strong>lsrael,</strong></span> <span class='ocrx_word' id='word_1_508' title='bbox 285 4030 328 4086; x_wconf 87' lang='lat' dir='ltr'><strong>rel</strong></span> <span class='ocrx_word' id='word_1_509' title='bbox 342 4045 392 4103; x_wconf 72' lang='lat' dir='ltr'><strong>ego</strong></span> <span class='ocrx_word' id='word_1_510' title='bbox 407 4029 548 4088; x_wconf 80' lang='lat' dir='ltr'><strong>Ecclesia:</strong></span> <span class='ocrx_word' id='word_1_511' title='bbox 563 4041 790 4104; x_wconf 68' lang='lat' dir='ltr'><strong>comprimerent,</strong></span> <span class='ocrx_word' id='word_1_512' title='bbox 804 4042 854 4103; x_wconf 87' lang='lat' dir='ltr'><strong>pro</strong></span> <span class='ocrx_word' id='word_1_513' title='bbox 868 4048 965 4089; x_wconf 88' lang='lat' dir='ltr'><strong>eorum</strong></span> <span class='ocrx_word' id='word_1_514' title='bbox 1017 4034 1148 4091; x_wconf 87' lang='lat' dir='ltr'><strong>nimirum</strong></span> <span class='ocrx_word' id='word_1_515' title='bbox 1163 4033 1278 4091; x_wconf 78' lang='lat' dir='ltr'><strong>fulmine</strong></span> <span class='ocrx_word' id='word_1_516' title='bbox 1299 4032 1376 4090; x_wconf 83' lang='lat' dir='ltr'><strong>verbi</strong></span> <span class='ocrx_word' id='word_1_517' title='bbox 1398 4031 1589 4089; x_wconf 71' lang='lat' dir='ltr'><strong>diverberatum</strong></span> <span class='ocrx_word' id='word_1_518' title='bbox 1608 4029 1693 4087; x_wconf 84' lang='lat' dir='ltr'><strong>iacies</strong></span> <span class='ocrx_word' id='word_1_519' title='bbox 1710 4041 1807 4085; x_wconf 85' lang='lat' dir='ltr'><strong>eorum</strong></span> <span class='ocrx_word' id='word_1_520' title='bbox 1912 4070 1913 4079; x_wconf 56' lang='grc'>,</span> 
     </span>
    </p>
   </div>
   <div class='ocr_carea' id='block_1_20' title="bbox 174 4120 1809 4378">
    <p class='ocr_par' dir='ltr' id='par_1_20' title="bbox 174 4120 1809 4378">
     <span class='ocr_line' id='line_1_39' title="bbox 174 4120 1809 4197; baseline -0.001 -19"><span class='ocrx_word' id='word_1_521' title='bbox 174 4133 256 4178; x_wconf 87' lang='lat' dir='ltr'><strong>sensu</strong></span> <span class='ocrx_word' id='word_1_522' title='bbox 275 4122 348 4190; x_wconf 89' lang='lat' dir='ltr'><strong>dico,</strong></span> <span class='ocrx_word' id='word_1_523' title='bbox 374 4138 430 4177; x_wconf 94' lang='lat' dir='ltr'><strong>nou</strong></span> <span class='ocrx_word' id='word_1_524' title='bbox 451 4136 502 4193; x_wconf 91' lang='lat' dir='ltr'><strong>pro</strong></span> <span class='ocrx_word' id='word_1_525' title='bbox 520 4138 592 4190; x_wconf 86' lang='lat' dir='ltr'><strong>meo,</strong></span> <span class='ocrx_word' id='word_1_526' title='bbox 615 4123 679 4193; x_wconf 82' lang='lat' dir='ltr'><strong>quia</strong></span> <span class='ocrx_word' id='word_1_527' title='bbox 701 4123 766 4180; x_wconf 89' lang='lat' dir='ltr'><strong>licet</strong></span> <span class='ocrx_word' id='word_1_528' title='bbox 781 4122 964 4197; x_wconf 77' lang='lat' dir='ltr'><strong>impugnaret,</strong></span> <span class='ocrx_word' id='word_1_529' title='bbox 1017 4125 1144 4182; x_wconf 89' lang='lat' dir='ltr'><strong>abierunt</strong></span> <span class='ocrx_word' id='word_1_530' title='bbox 1155 4134 1310 4194; x_wconf 77' lang='lat' dir='ltr'><strong>retrorsum,</strong></span> <span class='ocrx_word' id='word_1_531' title='bbox 1324 4132 1352 4181; x_wconf 86' lang='lat' dir='ltr'><strong>et</strong></span> <span class='ocrx_word' id='word_1_532' title='bbox 1375 4123 1416 4182; x_wconf 86' lang='lat' dir='ltr'><strong>sic</strong></span> <span class='ocrx_word' id='word_1_533' title='bbox 1433 4122 1575 4191; x_wconf 90' lang='lat' dir='ltr'><strong>abeuntes,</strong></span> <span class='ocrx_word' id='word_1_534' title='bbox 1587 4136 1686 4194; x_wconf 81' lang='lat' dir='ltr'><strong>neque,</strong></span> <span class='ocrx_word' id='word_1_535' title='bbox 1701 4120 1748 4177; x_wconf 87' lang='lat' dir='ltr'><strong>nbi</strong></span> <span class='ocrx_word' id='word_1_536' title='bbox 1760 4134 1809 4191; x_wconf 72' lang='lat' dir='ltr'><strong>pc⁴</strong></span> 
     </span>
     <span class='ocr_line' id='line_1_40' title="bbox 174 4210 1807 4288; baseline -0.001 -19"><span class='ocrx_word' id='word_1_537' title='bbox 174 4222 265 4269; x_wconf 89' lang='lat' dir='ltr'><strong>tamen</strong></span> <span class='ocrx_word' id='word_1_538' title='bbox 280 4229 334 4269; x_wconf 89' lang='lat' dir='ltr'><strong>non</strong></span> <span class='ocrx_word' id='word_1_539' title='bbox 348 4214 531 4285; x_wconf 72' lang='lat' dir='ltr'><strong>expugnabat.</strong></span> <span class='ocrx_word' id='word_1_540' title='bbox 547 4212 655 4269; x_wconf 83' lang='lat' dir='ltr'><strong>Etenim</strong></span> <span class='ocrx_word' id='word_1_541' title='bbox 666 4231 718 4270; x_wconf 89' lang='lat' dir='ltr'><strong>non</strong></span> <span class='ocrx_word' id='word_1_542' title='bbox 728 4226 870 4286; x_wconf 83' lang='lat' dir='ltr'><strong>potuerunt</strong></span> <span class='ocrx_word' id='word_1_543' title='bbox 889 4217 964 4285; x_wconf 85' lang='lat' dir='ltr'><strong>milri,</strong></span> <span class='ocrx_word' id='word_1_544' title='bbox 1016 4218 1065 4275; x_wconf 89' lang='lat' dir='ltr'><strong>des</strong></span> <span class='ocrx_word' id='word_1_545' title='bbox 1079 4224 1222 4288; x_wconf 88' lang='lat' dir='ltr'><strong>ponerent,</strong></span> <span class='ocrx_word' id='word_1_546' title='bbox 1244 4217 1369 4274; x_wconf 81' lang='lat' dir='ltr'><strong>videntes</strong></span> <span class='ocrx_word' id='word_1_547' title='bbox 1389 4216 1547 4273; x_wconf 87' lang='lat' dir='ltr'><strong>ceciderunt</strong></span> <span class='ocrx_word' id='word_1_548' title='bbox 1565 4223 1720 4270; x_wconf 79' lang='lat' dir='ltr'><strong>retrorsum.</strong></span> <span class='ocrx_word' id='word_1_549' title='bbox 1748 4210 1807 4279; x_wconf 85' lang='lat' dir='ltr'><strong>Sic,</strong></span> 
     </span>
     <span class='ocr_line' id='line_1_41' title="bbox 174 4302 1808 4378; baseline 0 -16"><span class='ocrx_word' id='word_1_550' title='bbox 174 4302 329 4363; x_wconf 88' lang='lat' dir='ltr'><strong>subaudis:</strong></span> <span class='ocrx_word' id='word_1_551' title='bbox 355 4304 502 4377; x_wconf 72' lang='lat' dir='ltr'><strong>premiere</strong></span> <span class='ocrx_word' id='word_1_552' title='bbox 526 4313 630 4363; x_wconf 86' lang='lat' dir='ltr'><strong>stantes</strong></span> <span class='ocrx_word' id='word_1_553' title='bbox 646 4321 679 4363; x_wconf 86' lang='lat' dir='ltr'><strong>er</strong></span> <span class='ocrx_word' id='word_1_554' title='bbox 702 4308 828 4364; x_wconf 85' lang='lat' dir='ltr'><strong>aduerso.</strong></span> <span class='ocrx_word' id='word_1_555' title='bbox 850 4306 884 4362; x_wconf 84' lang='lat' dir='ltr'><strong>Et</strong></span> <span class='ocrx_word' id='word_1_556' title='bbox 904 4308 966 4364; x_wconf 91' lang='lat' dir='ltr'><strong>idco</strong></span> <span class='ocrx_word' id='word_1_557' title='bbox 1016 4311 1057 4368; x_wconf 87' lang='lat' dir='ltr'><strong>sic</strong></span> <span class='ocrx_word' id='word_1_558' title='bbox 1075 4308 1250 4365; x_wconf 78' lang='lat' dir='ltr'><strong>manifestato</strong></span> <span class='ocrx_word' id='word_1_559' title='bbox 1270 4308 1373 4366; x_wconf 90' lang='lat' dir='ltr'><strong>lumine</strong></span> <span class='ocrx_word' id='word_1_560' title='bbox 1387 4310 1511 4368; x_wconf 84' lang='lat' dir='ltr'><strong>veritatis</strong></span> <span class='ocrx_word' id='word_1_561' title='bbox 1533 4310 1642 4378; x_wconf 88' lang='lat' dir='ltr'><strong>abeant,</strong></span> <span class='ocrx_word' id='word_1_562' title='bbox 1655 4310 1682 4364; x_wconf 87' lang='lat' dir='ltr'><strong>rt</strong></span> <span class='ocrx_word' id='word_1_563' title='bbox 1698 4319 1808 4362; x_wconf 78' lang='lat' dir='ltr'><strong>eomer·</strong></span> 
     </span>
    </p>
   </div>
   <div class='ocr_carea' id='block_1_21' title="bbox 174 4378 1913 4564">
    <p class='ocr_par' dir='ltr' id='par_1_21' title="bbox 174 4378 1913 4564">
     <span class='ocr_line' id='line_1_42' title="bbox 174 4378 1913 4489; baseline 0.001 -37"><span class='ocrx_word' id='word_1_564' title='bbox 174 4398 336 4455; x_wconf 86' lang='lat' dir='ltr'><strong>insidiantes</strong></span> <span class='ocrx_word' id='word_1_565' title='bbox 349 4404 411 4465; x_wconf 90' lang='lat' dir='ltr'><strong>post</strong></span> <span class='ocrx_word' id='word_1_566' title='bbox 426 4402 542 4470; x_wconf 80' lang='lat' dir='ltr'><strong>tergum,</strong></span> <span class='ocrx_word' id='word_1_567' title='bbox 980 4410 1110 4489; x_wconf 60' lang='lat' dir='ltr'><strong>„stratur</strong></span> <span class='ocrx_word' id='word_1_568' title='bbox 1122 4409 1278 4469; x_wconf 86' lang='lat' dir='ltr'><strong>retrorsum,</strong></span> <span class='ocrx_word' id='word_1_569' title='bbox 1293 4401 1446 4472; x_wconf 87' lang='lat' dir='ltr'><strong>cadantque</strong></span> <span class='ocrx_word' id='word_1_570' title='bbox 1466 4399 1493 4457; x_wconf 93' lang='lat' dir='ltr'><strong>in</strong></span> <span class='ocrx_word' id='word_1_571' title='bbox 1512 4409 1612 4457; x_wconf 85' lang='lat' dir='ltr'><strong>terram</strong></span> <span class='ocrx_word' id='word_1_572' title='bbox 1634 4398 1808 4455; x_wconf 83' lang='lat' dir='ltr'><strong>tenebrosam</strong></span> <span class='ocrx_word' id='word_1_573' title='bbox 1912 4378 1913 4391; x_wconf 47' lang='lat'>³</span> 
     </span>
     <span class='ocr_line' id='line_1_43' title="bbox 212 4484 1913 4564; baseline -0.001 -19"><span class='ocrx_word' id='word_1_574' title='bbox 212 4489 295 4547; x_wconf 78' lang='lat' dir='ltr'><strong>l&#39;ens.</strong></span> <span class='ocrx_word' id='word_1_575' title='bbox 311 4490 338 4546; x_wconf 78' lang='lat'><strong>3.</strong></span> <span class='ocrx_word' id='word_1_576' title='bbox 356 4488 443 4561; x_wconf 87' lang='lat' dir='ltr'><strong>Snpre</strong></span> <span class='ocrx_word' id='word_1_577' title='bbox 455 4490 565 4546; x_wconf 84' lang='lat' dir='ltr'><strong>dorsum</strong></span> <span class='ocrx_word' id='word_1_578' title='bbox 583 4504 669 4543; x_wconf 81' lang='lat' dir='ltr'><strong>utrum</strong></span> <span class='ocrx_word' id='word_1_579' title='bbox 689 4486 885 4557; x_wconf 63' lang='lat' dir='ltr'><strong>permenserunt</strong></span> <span class='ocrx_word' id='word_1_580' title='bbox 903 4506 964 4561; x_wconf 87' lang='lat' dir='ltr'><strong>pec·</strong></span> <span class='ocrx_word' id='word_1_581' title='bbox 1017 4502 1045 4550; x_wconf 90' lang='lat' dir='ltr'><strong>et</strong></span> <span class='ocrx_word' id='word_1_582' title='bbox 1062 4498 1184 4562; x_wconf 86' lang='lat' dir='ltr'><strong>opertam</strong></span> <span class='ocrx_word' id='word_1_583' title='bbox 1197 4490 1295 4548; x_wconf 87' lang='lat' dir='ltr'><strong>mortis</strong></span> <span class='ocrx_word' id='word_1_584' title='bbox 1309 4491 1426 4564; x_wconf 68' lang='lat' dir='ltr'><strong>callgine</strong></span> <span class='ocrx_word' id='word_1_585' title='bbox 1449 4502 1546 4547; x_wconf 87' lang='lat' dir='ltr'><strong>omnes</strong></span> <span class='ocrx_word' id='word_1_586' title='bbox 1565 4488 1671 4547; x_wconf 88' lang='lat' dir='ltr'><strong>inimici</strong></span> <span class='ocrx_word' id='word_1_587' title='bbox 1690 4484 1765 4555; x_wconf 81' lang='lat' dir='ltr'><strong>Sion,</strong></span> <span class='ocrx_word' id='word_1_588' title='bbox 1778 4494 1818 4543; x_wconf 72' lang='lat' dir='ltr'><strong>et¹</strong></span> <span class='ocrx_word' id='word_1_589' title='bbox 1912 4552 1913 4557; x_wconf 7' lang='grc' dir='ltr'>ἵ</span> 
     </span>
    </p>
   </div>
   <div class='ocr_carea' id='block_1_22' title="bbox 173 4579 1808 4838">
    <p class='ocr_par' dir='ltr' id='par_1_22' title="bbox 173 4579 1808 4838">
     <span class='ocr_line' id='line_1_44' title="bbox 174 4579 1808 4658; baseline -0.001 -20"><span class='ocrx_word' id='word_1_590' title='bbox 174 4595 288 4650; x_wconf 85' lang='lat' dir='ltr'><strong>setores,</strong></span> <span class='ocrx_word' id='word_1_591' title='bbox 300 4583 352 4654; x_wconf 90' lang='lat' dir='ltr'><strong>ipsi</strong></span> <span class='ocrx_word' id='word_1_592' title='bbox 367 4581 535 4639; x_wconf 87' lang='lat' dir='ltr'><strong>dctralrendo</strong></span> <span class='ocrx_word' id='word_1_593' title='bbox 551 4590 577 4637; x_wconf 89' lang='lat' dir='ltr'><strong>et</strong></span> <span class='ocrx_word' id='word_1_594' title='bbox 588 4579 782 4637; x_wconf 86' lang='lat' dir='ltr'><strong>calumniando</strong></span> <span class='ocrx_word' id='word_1_595' title='bbox 789 4580 863 4636; x_wconf 86' lang='lat' dir='ltr'><strong>uelut</strong></span> <span class='ocrx_word' id='word_1_596' title='bbox 878 4580 905 4636; x_wconf 93' lang='lat' dir='ltr'><strong>in</strong></span> <span class='ocrx_word' id='word_1_597' title='bbox 917 4596 965 4637; x_wconf 88' lang='lat' dir='ltr'><strong>oe·</strong></span> <span class='ocrx_word' id='word_1_598' title='bbox 1017 4584 1056 4640; x_wconf 92' lang='lat' dir='ltr'><strong>illi</strong></span> <span class='ocrx_word' id='word_1_599' title='bbox 1078 4584 1125 4656; x_wconf 87' lang='lat' dir='ltr'><strong>qui</strong></span> <span class='ocrx_word' id='word_1_600' title='bbox 1140 4582 1285 4641; x_wconf 81' lang='lat' dir='ltr'><strong>manifeste</strong></span> <span class='ocrx_word' id='word_1_601' title='bbox 1299 4585 1461 4658; x_wconf 74' lang='lat' dir='ltr'><strong>impugnant</strong></span> <span class='ocrx_word' id='word_1_602' title='bbox 1476 4582 1552 4651; x_wconf 86' lang='lat' dir='ltr'><strong>Sion,</strong></span> <span class='ocrx_word' id='word_1_603' title='bbox 1569 4590 1597 4641; x_wconf 90' lang='lat' dir='ltr'><strong>et</strong></span> <span class='ocrx_word' id='word_1_604' title='bbox 1611 4582 1650 4639; x_wconf 89' lang='lat' dir='ltr'><strong>illi</strong></span> <span class='ocrx_word' id='word_1_605' title='bbox 1678 4582 1724 4653; x_wconf 79' lang='lat' dir='ltr'><strong>qai</strong></span> <span class='ocrx_word' id='word_1_606' title='bbox 1743 4595 1808 4637; x_wconf 89' lang='lat' dir='ltr'><strong>cnm</strong></span> 
     </span>
     <span class='ocr_line' id='line_1_45' title="bbox 173 4666 1807 4745; baseline -0.001 -16"><span class='ocrx_word' id='word_1_607' title='bbox 173 4675 258 4730; x_wconf 89' lang='lat' dir='ltr'><strong>culto.</strong></span> <span class='ocrx_word' id='word_1_608' title='bbox 274 4667 361 4744; x_wconf 80' lang='lat' dir='ltr'><strong>Supra</strong></span> <span class='ocrx_word' id='word_1_609' title='bbox 377 4668 485 4728; x_wconf 86' lang='lat' dir='ltr'><strong>dorsum</strong></span> <span class='ocrx_word' id='word_1_610' title='bbox 507 4666 580 4740; x_wconf 90' lang='lat' dir='ltr'><strong>dico,</strong></span> <span class='ocrx_word' id='word_1_611' title='bbox 598 4671 664 4742; x_wconf 86' lang='lat' dir='ltr'><strong>qdia</strong></span> <span class='ocrx_word' id='word_1_612' title='bbox 681 4669 759 4725; x_wconf 89' lang='lat' dir='ltr'><strong>multi</strong></span> <span class='ocrx_word' id='word_1_613' title='bbox 774 4680 809 4725; x_wconf 81' lang='lat' dir='ltr'><strong>et</strong></span> <span class='ocrx_word' id='word_1_614' title='bbox 826 4671 868 4727; x_wconf 82' lang='lat' dir='ltr'><strong>cis</strong></span> <span class='ocrx_word' id='word_1_615' title='bbox 884 4681 965 4727; x_wconf 89' lang='lat' dir='ltr'><strong>erant</strong></span> <span class='ocrx_word' id='word_1_616' title='bbox 1016 4676 1143 4733; x_wconf 88' lang='lat' dir='ltr'><strong>dicantur</strong></span> <span class='ocrx_word' id='word_1_617' title='bbox 1154 4675 1246 4745; x_wconf 87' lang='lat' dir='ltr'><strong>amici,</strong></span> <span class='ocrx_word' id='word_1_618' title='bbox 1259 4676 1367 4735; x_wconf 87' lang='lat' dir='ltr'><strong>occulte</strong></span> <span class='ocrx_word' id='word_1_619' title='bbox 1379 4677 1492 4733; x_wconf 80' lang='lat' dir='ltr'><strong>oderunt</strong></span> <span class='ocrx_word' id='word_1_620' title='bbox 1509 4673 1584 4744; x_wconf 84' lang='lat' dir='ltr'><strong>Sion,</strong></span> <span class='ocrx_word' id='word_1_621' title='bbox 1597 4675 1725 4733; x_wconf 82' lang='lat' dir='ltr'><strong>uidelicet</strong></span> <span class='ocrx_word' id='word_1_622' title='bbox 1741 4688 1807 4730; x_wconf 87' lang='lat' dir='ltr'><strong>san·</strong></span> 
     </span>
     <span class='ocr_line' id='line_1_46' title="bbox 174 4763 1265 4838; baseline 0.003 -17"><span class='ocrx_word' id='word_1_623' title='bbox 174 4781 219 4821; x_wconf 82' lang='lat' dir='ltr'><strong>ure</strong></span> <span class='ocrx_word' id='word_1_624' title='bbox 231 4765 351 4837; x_wconf 79' lang='lat' dir='ltr'><strong>maiores</strong></span> <span class='ocrx_word' id='word_1_625' title='bbox 368 4774 395 4820; x_wconf 89' lang='lat' dir='ltr'><strong>et</strong></span> <span class='ocrx_word' id='word_1_626' title='bbox 409 4765 436 4819; x_wconf 89' lang='lat' dir='ltr'><strong>in</strong></span> <span class='ocrx_word' id='word_1_627' title='bbox 450 4765 505 4823; x_wconf 86' lang='lat' dir='ltr'><strong>lroc</strong></span> <span class='ocrx_word' id='word_1_628' title='bbox 522 4766 624 4822; x_wconf 73' lang='lat' dir='ltr'><strong>sarculo</strong></span> <span class='ocrx_word' id='word_1_629' title='bbox 638 4763 806 4836; x_wconf 80' lang='lat' dir='ltr'><strong>superiores,</strong></span> <span class='ocrx_word' id='word_1_630' title='bbox 823 4765 870 4838; x_wconf 84' lang='lat' dir='ltr'><strong>qui</strong></span> <span class='ocrx_word' id='word_1_631' title='bbox 885 4766 964 4822; x_wconf 86' lang='lat' dir='ltr'><strong>esai·</strong></span> <span class='ocrx_word' id='word_1_632' title='bbox 1017 4779 1089 4826; x_wconf 89' lang='lat' dir='ltr'><strong>ctam</strong></span> <span class='ocrx_word' id='word_1_633' title='bbox 1102 4767 1265 4825; x_wconf 84' lang='lat' dir='ltr'><strong>Ecclesiam.</strong></span> 
     </span>
    </p>
   </div>
   <div class='ocr_carea' id='block_1_23' title="bbox 175 4844 1913 4935">
    <p class='ocr_par' dir='ltr' id='par_1_23' title="bbox 175 4844 1913 4935">
     <span class='ocr_line' id='line_1_47' title="bbox 175 4844 1913 4935; baseline 0.001 -23"><span class='ocrx_word' id='word_1_634' title='bbox 175 4857 223 4935; x_wconf 82' lang='lat' dir='ltr'><strong>lati</strong></span> <span class='ocrx_word' id='word_1_635' title='bbox 240 4864 322 4925; x_wconf 86' lang='lat' dir='ltr'><strong>snper</strong></span> <span class='ocrx_word' id='word_1_636' title='bbox 333 4871 377 4912; x_wconf 87' lang='lat' dir='ltr'><strong>nte</strong></span> <span class='ocrx_word' id='word_1_637' title='bbox 391 4868 472 4927; x_wconf 82' lang='lat' dir='ltr'><strong>supro</strong></span> <span class='ocrx_word' id='word_1_638' title='bbox 481 4853 590 4914; x_wconf 78' lang='lat' dir='ltr'><strong>dorsum</strong></span> <span class='ocrx_word' id='word_1_639' title='bbox 602 4874 689 4913; x_wconf 83' lang='lat' dir='ltr'><strong>rreum</strong></span> <span class='ocrx_word' id='word_1_640' title='bbox 700 4856 896 4931; x_wconf 71' lang='lat' dir='ltr'><strong>fabricaverunt</strong></span> <span class='ocrx_word' id='word_1_641' title='bbox 908 4867 966 4931; x_wconf 82' lang='lat' dir='ltr'><strong>pec·</strong></span> <span class='ocrx_word' id='word_1_642' title='bbox 1052 4860 1163 4916; x_wconf 85' lang='lat' dir='ltr'><strong>interitu</strong></span> <span class='ocrx_word' id='word_1_643' title='bbox 1190 4875 1275 4924; x_wconf 85' lang='lat' dir='ltr'><strong>vcro,</strong></span> <span class='ocrx_word' id='word_1_644' title='bbox 1306 4860 1371 4915; x_wconf 86' lang='lat' dir='ltr'><strong>dunt</strong></span> <span class='ocrx_word' id='word_1_645' title='bbox 1400 4859 1427 4914; x_wconf 88' lang='lat' dir='ltr'><strong>ln</strong></span> <span class='ocrx_word' id='word_1_646' title='bbox 1447 4871 1530 4915; x_wconf 82' lang='lat' dir='ltr'><strong>carne</strong></span> <span class='ocrx_word' id='word_1_647' title='bbox 1556 4858 1669 4922; x_wconf 77' lang='lat' dir='ltr'><strong>vivunt,</strong></span> <span class='ocrx_word' id='word_1_648' title='bbox 1694 4857 1807 4913; x_wconf 81' lang='lat' dir='ltr'><strong>omnino</strong></span> <span class='ocrx_word' id='word_1_649' title='bbox 1912 4844 1913 4847; x_wconf 21' lang='lat'>¹</span> 
     </span>
    </p>
   </div>
   <div class='ocr_carea' id='block_1_24' title="bbox 174 4942 1807 5114">
    <p class='ocr_par' dir='ltr' id='par_1_24' title="bbox 174 4942 1807 5114">
     <span class='ocr_line' id='line_1_48' title="bbox 174 4942 1807 5021; baseline 0.004 -23"><span class='ocrx_word' id='word_1_650' title='bbox 174 4954 286 5000; x_wconf 84' lang='lat' dir='ltr'><strong>catores.</strong></span> <span class='ocrx_word' id='word_1_651' title='bbox 313 4942 347 4999; x_wconf 82' lang='lat' dir='ltr'><strong>Et</strong></span> <span class='ocrx_word' id='word_1_652' title='bbox 371 4945 423 5000; x_wconf 88' lang='lat' dir='ltr'><strong>lroe</strong></span> <span class='ocrx_word' id='word_1_653' title='bbox 445 4943 570 5002; x_wconf 85' lang='lat' dir='ltr'><strong>iaciendo</strong></span> <span class='ocrx_word' id='word_1_654' title='bbox 593 4944 627 5002; x_wconf 90' lang='lat' dir='ltr'><strong>ad</strong></span> <span class='ocrx_word' id='word_1_655' title='bbox 651 4946 740 5004; x_wconf 87' lang='lat' dir='ltr'><strong>instar</strong></span> <span class='ocrx_word' id='word_1_656' title='bbox 762 4947 833 5005; x_wconf 88' lang='lat' dir='ltr'><strong>labri</strong></span> <span class='ocrx_word' id='word_1_657' title='bbox 861 4949 964 5006; x_wconf 81' lang='lat' dir='ltr'><strong>terrum</strong></span> <span class='ocrx_word' id='word_1_658' title='bbox 1018 4947 1073 5010; x_wconf 90' lang='lat' dir='ltr'><strong>sint</strong></span> <span class='ocrx_word' id='word_1_659' title='bbox 1094 4950 1216 5019; x_wconf 74' lang='lat' dir='ltr'><strong>invalidi,</strong></span> <span class='ocrx_word' id='word_1_660' title='bbox 1232 4967 1288 5007; x_wconf 92' lang='lat' dir='ltr'><strong>non</strong></span> <span class='ocrx_word' id='word_1_661' title='bbox 1310 4951 1415 5007; x_wconf 88' lang='lat' dir='ltr'><strong>robusti</strong></span> <span class='ocrx_word' id='word_1_662' title='bbox 1437 4960 1467 5007; x_wconf 93' lang='lat' dir='ltr'><strong>ut</strong></span> <span class='ocrx_word' id='word_1_663' title='bbox 1488 4949 1613 5017; x_wconf 85' lang='lat' dir='ltr'><strong>arbores,</strong></span> <span class='ocrx_word' id='word_1_664' title='bbox 1631 4950 1679 5006; x_wconf 85' lang='lat' dir='ltr'><strong>scd</strong></span> <span class='ocrx_word' id='word_1_665' title='bbox 1699 4947 1807 5021; x_wconf 71' lang='lat' dir='ltr'><strong>fragiles</strong></span> 
     </span>
     <span class='ocr_line' id='line_1_49' title="bbox 174 5035 1048 5114; baseline 0.011 -23"><span class='ocrx_word' id='word_1_666' title='bbox 174 5036 257 5093; x_wconf 80' lang='lat' dir='ltr'><strong>breve</strong></span> <span class='ocrx_word' id='word_1_667' title='bbox 279 5051 362 5108; x_wconf 83' lang='lat' dir='ltr'><strong>super</strong></span> <span class='ocrx_word' id='word_1_668' title='bbox 385 5035 512 5091; x_wconf 87' lang='lat' dir='ltr'><strong>incudem</strong></span> <span class='ocrx_word' id='word_1_669' title='bbox 536 5036 726 5110; x_wconf 78' lang='lat' dir='ltr'><strong>prolongantis</strong></span> <span class='ocrx_word' id='word_1_670' title='bbox 743 5040 966 5114; x_wconf 67' lang='lat' dir='ltr'><strong>pretermiserunt</strong></span> <span class='ocrx_word' id='word_1_671' title='bbox 1016 5053 1048 5101; x_wconf 87' lang='lat' dir='ltr'><strong>ut</strong></span> 
     </span>
    </p>
   </div>
   <div class='ocr_carea' id='block_1_25' title="bbox 173 5125 1804 5304">
    <p class='ocr_par' dir='ltr' id='par_1_25' title="bbox 173 5125 1804 5304">
     <span class='ocr_line' id='line_1_50' title="bbox 174 5125 1804 5205; baseline 0.002 -24"><span class='ocrx_word' id='word_1_672' title='bbox 174 5125 415 5198; x_wconf 81' lang='lat' dir='ltr'><strong>irripuitsterrrsilri,</strong></span> <span class='ocrx_word' id='word_1_673' title='bbox 429 5141 483 5181; x_wconf 94' lang='lat' dir='ltr'><strong>non</strong></span> <span class='ocrx_word' id='word_1_674' title='bbox 497 5125 565 5183; x_wconf 89' lang='lat' dir='ltr'><strong>milri</strong></span> <span class='ocrx_word' id='word_1_675' title='bbox 578 5127 744 5198; x_wconf 84' lang='lat' dir='ltr'><strong>nocituram,</strong></span> <span class='ocrx_word' id='word_1_676' title='bbox 759 5140 817 5188; x_wconf 70' lang='lat' dir='ltr'><strong>suar</strong></span> <span class='ocrx_word' id='word_1_677' title='bbox 827 5133 965 5204; x_wconf 76' lang='lat' dir='ltr'><strong>nequitie,</strong></span> <span class='ocrx_word' id='word_1_678' title='bbox 1053 5134 1136 5193; x_wconf 77' lang='lat' dir='ltr'><strong>Vsus.</strong></span> <span class='ocrx_word' id='word_1_679' title='bbox 1151 5136 1178 5191; x_wconf 83' lang='lat' dir='ltr'><strong>d.</strong></span> <span class='ocrx_word' id='word_1_680' title='bbox 1200 5133 1301 5191; x_wconf 80' lang='lat' dir='ltr'><strong>Ferrum</strong></span> <span class='ocrx_word' id='word_1_681' title='bbox 1307 5152 1317 5201; x_wconf 91' lang='lat'><strong>,·</strong></span> <span class='ocrx_word' id='word_1_682' title='bbox 1337 5134 1427 5205; x_wconf 78' lang='lat' dir='ltr'><strong>[enum</strong></span> <span class='ocrx_word' id='word_1_683' title='bbox 1442 5133 1515 5202; x_wconf 89' lang='lat' dir='ltr'><strong>dico,</strong></span> <span class='ocrx_word' id='word_1_684' title='bbox 1534 5146 1589 5189; x_wconf 88' lang='lat' dir='ltr'><strong>non</strong></span> <span class='ocrx_word' id='word_1_685' title='bbox 1607 5132 1804 5204; x_wconf 74' lang='lat' dir='ltr'><strong>qualecunque,</strong></span> 
     </span>
     <span class='ocr_line' id='line_1_51' title="bbox 173 5219 1803 5304; baseline 0.009 -32"><span class='ocrx_word' id='word_1_686' title='bbox 173 5233 229 5273; x_wconf 91' lang='lat' dir='ltr'><strong>non</strong></span> <span class='ocrx_word' id='word_1_687' title='bbox 244 5234 312 5275; x_wconf 79' lang='lat' dir='ltr'><strong>mcae</strong></span> <span class='ocrx_word' id='word_1_688' title='bbox 327 5219 687 5289; x_wconf 80' lang='lat' dir='ltr'><strong>tolerantie-imputandam,</strong></span> <span class='ocrx_word' id='word_1_689' title='bbox 702 5223 749 5278; x_wconf 90' lang='lat' dir='ltr'><strong>scd</strong></span> <span class='ocrx_word' id='word_1_690' title='bbox 767 5234 857 5295; x_wconf 83' lang='lat' dir='ltr'><strong>neque</strong></span> <span class='ocrx_word' id='word_1_691' title='bbox 869 5231 899 5279; x_wconf 92' lang='lat' dir='ltr'><strong>ut</strong></span> <span class='ocrx_word' id='word_1_692' title='bbox 914 5223 966 5294; x_wconf 92' lang='lat' dir='ltr'><strong>ipsi</strong></span> <span class='ocrx_word' id='word_1_693' title='bbox 1018 5232 1066 5290; x_wconf 74' lang='lat' dir='ltr'><strong>sed</strong></span> <span class='ocrx_word' id='word_1_694' title='bbox 1082 5241 1113 5288; x_wconf 84' lang='lat' dir='ltr'><strong>ut</strong></span> <span class='ocrx_word' id='word_1_695' title='bbox 1126 5229 1215 5303; x_wconf 68' lang='lat' dir='ltr'><strong>senem</strong></span> <span class='ocrx_word' id='word_1_696' title='bbox 1238 5240 1378 5299; x_wconf 81' lang='lat' dir='ltr'><strong>sessorum,</strong></span> <span class='ocrx_word' id='word_1_697' title='bbox 1402 5232 1481 5304; x_wconf 78' lang='lat' dir='ltr'><strong>quod,</strong></span> <span class='ocrx_word' id='word_1_698' title='bbox 1503 5232 1657 5302; x_wconf 80' lang='lat' dir='ltr'><strong>priusquam</strong></span> <span class='ocrx_word' id='word_1_699' title='bbox 1669 5228 1803 5295; x_wconf 77' lang='lat' dir='ltr'><strong>stellatur,</strong></span> 
     </span>
    </p>
   </div>
   <div class='ocr_carea' id='block_1_26' title="bbox 65 5309 1801 5396">
    <p class='ocr_par' dir='ltr' id='par_1_26' title="bbox 65 5309 1801 5396">
     <span class='ocr_line' id='line_1_52' title="bbox 65 5309 1801 5396; baseline 0.013 -33"><span class='ocrx_word' id='word_1_700' title='bbox 65 5335 70 5345; x_wconf 88' lang='lat'><strong>·</strong></span> <span class='ocrx_word' id='word_1_701' title='bbox 174 5311 312 5365; x_wconf 79' lang='lat' dir='ltr'><strong>aestimant</strong></span> <span class='ocrx_word' id='word_1_702' title='bbox 326 5310 408 5367; x_wconf 88' lang='lat' dir='ltr'><strong>nimis</strong></span> <span class='ocrx_word' id='word_1_703' title='bbox 422 5309 649 5383; x_wconf 74' lang='lat' dir='ltr'><strong>prolongandam.</strong></span> <span class='ocrx_word' id='word_1_704' title='bbox 665 5309 735 5368; x_wconf 79' lang='lat' dir='ltr'><strong>Nam</strong></span> <span class='ocrx_word' id='word_1_705' title='bbox 1017 5316 1134 5391; x_wconf 75' lang='lat' dir='ltr'><strong>exeruit,</strong></span> <span class='ocrx_word' id='word_1_706' title='bbox 1149 5332 1244 5396; x_wconf 87' lang='lat' dir='ltr'><strong>utpote</strong></span> <span class='ocrx_word' id='word_1_707' title='bbox 1258 5323 1363 5380; x_wconf 89' lang='lat' dir='ltr'><strong>radices</strong></span> <span class='ocrx_word' id='word_1_708' title='bbox 1376 5338 1431 5380; x_wconf 91' lang='lat' dir='ltr'><strong>non</strong></span> <span class='ocrx_word' id='word_1_709' title='bbox 1450 5322 1554 5380; x_wconf 84' lang='lat' dir='ltr'><strong>itabens</strong></span> <span class='ocrx_word' id='word_1_710' title='bbox 1565 5324 1593 5379; x_wconf 92' lang='lat' dir='ltr'><strong>in</strong></span> <span class='ocrx_word' id='word_1_711' title='bbox 1608 5333 1680 5380; x_wconf 89' lang='lat' dir='ltr'><strong>terra</strong></span> <span class='ocrx_word' id='word_1_712' title='bbox 1692 5321 1801 5385; x_wconf 78' lang='lat' dir='ltr'><strong>denras.</strong></span> 
     </span>
    </p>
   </div>
   <div class='ocr_carea' id='block_1_27' title="bbox 175 5395 1803 5672">
    <p class='ocr_par' dir='ltr' id='par_1_27' title="bbox 175 5395 1803 5672">
     <span class='ocr_line' id='line_1_53' title="bbox 210 5395 1803 5486; baseline 0.009 -33"><span class='ocrx_word' id='word_1_713' title='bbox 210 5395 293 5456; x_wconf 75' lang='lat' dir='ltr'><strong>Vens.</strong></span> <span class='ocrx_word' id='word_1_714' title='bbox 307 5401 334 5456; x_wconf 83' lang='lat' dir='ltr'><strong>l.</strong></span> <span class='ocrx_word' id='word_1_715' title='bbox 348 5400 477 5457; x_wconf 75' lang='lat' dir='ltr'><strong>deminus</strong></span> <span class='ocrx_word' id='word_1_716' title='bbox 483 5400 576 5471; x_wconf 78' lang='lat' dir='ltr'><strong>iustus</strong></span> <span class='ocrx_word' id='word_1_717' title='bbox 593 5402 710 5458; x_wconf 80' lang='lat' dir='ltr'><strong>conridet</strong></span> <span class='ocrx_word' id='word_1_718' title='bbox 724 5405 836 5460; x_wconf 85' lang='lat' dir='ltr'><strong>ceruices</strong></span> <span class='ocrx_word' id='word_1_719' title='bbox 846 5414 967 5476; x_wconf 78' lang='lat' dir='ltr'><strong>peccato·</strong></span> <span class='ocrx_word' id='word_1_720' title='bbox 1015 5415 1063 5471; x_wconf 64' lang='lat' dir='ltr'><strong>sed</strong></span> <span class='ocrx_word' id='word_1_721' title='bbox 1081 5423 1158 5472; x_wconf 70' lang='lat' dir='ltr'><strong>stans</strong></span> <span class='ocrx_word' id='word_1_722' title='bbox 1169 5415 1196 5470; x_wconf 73' lang='lat' dir='ltr'><strong>tn</strong></span> <span class='ocrx_word' id='word_1_723' title='bbox 1210 5415 1331 5472; x_wconf 72' lang='lat' dir='ltr'><strong>culmine</strong></span> <span class='ocrx_word' id='word_1_724' title='bbox 1343 5415 1448 5486; x_wconf 79' lang='lat' dir='ltr'><strong>absque</strong></span> <span class='ocrx_word' id='word_1_725' title='bbox 1460 5415 1569 5471; x_wconf 81' lang='lat' dir='ltr'><strong>interne</strong></span> <span class='ocrx_word' id='word_1_726' title='bbox 1582 5415 1708 5470; x_wconf 84' lang='lat' dir='ltr'><strong>trumnre.</strong></span> <span class='ocrx_word' id='word_1_727' title='bbox 1722 5411 1766 5467; x_wconf 81' lang='lat' dir='ltr'><strong>ste</strong></span> <span class='ocrx_word' id='word_1_728' title='bbox 1775 5417 1803 5467; x_wconf 83' lang='lat' dir='ltr'><strong>cl</strong></span> 
     </span>
     <span class='ocr_line' id='line_1_54' title="bbox 176 5489 1802 5575; baseline 0.008 -32"><span class='ocrx_word' id='word_1_729' title='bbox 176 5506 246 5545; x_wconf 91' lang='lat' dir='ltr'><strong>rum.</strong></span> <span class='ocrx_word' id='word_1_730' title='bbox 271 5489 331 5547; x_wconf 80' lang='lat' dir='ltr'><strong>tlon</strong></span> <span class='ocrx_word' id='word_1_731' title='bbox 345 5493 409 5549; x_wconf 87' lang='lat' dir='ltr'><strong>dicu</strong></span> <span class='ocrx_word' id='word_1_732' title='bbox 430 5508 537 5561; x_wconf 82' lang='lat' dir='ltr'><strong>marrus,</strong></span> <span class='ocrx_word' id='word_1_733' title='bbox 556 5493 657 5563; x_wconf 87' lang='lat' dir='ltr'><strong>quibus</strong></span> <span class='ocrx_word' id='word_1_734' title='bbox 678 5505 828 5566; x_wconf 87' lang='lat' dir='ltr'><strong>operantur</strong></span> <span class='ocrx_word' id='word_1_735' title='bbox 852 5497 966 5566; x_wconf 83' lang='lat' dir='ltr'><strong>malunt,</strong></span> <span class='ocrx_word' id='word_1_736' title='bbox 1017 5505 1062 5561; x_wconf 76' lang='lat' dir='ltr'><strong>isti</strong></span> <span class='ocrx_word' id='word_1_737' title='bbox 1078 5514 1181 5562; x_wconf 73' lang='lat' dir='ltr'><strong>stantes</strong></span> <span class='ocrx_word' id='word_1_738' title='bbox 1196 5505 1222 5561; x_wconf 83' lang='lat' dir='ltr'><strong>in</strong></span> <span class='ocrx_word' id='word_1_739' title='bbox 1236 5504 1356 5562; x_wconf 73' lang='lat' dir='ltr'><strong>culmine</strong></span> <span class='ocrx_word' id='word_1_740' title='bbox 1370 5501 1563 5562; x_wconf 63' lang='lat' dir='ltr'><strong>mortariensi</strong></span> <span class='ocrx_word' id='word_1_741' title='bbox 1575 5503 1659 5561; x_wconf 82' lang='lat' dir='ltr'><strong>etiarn</strong></span> <span class='ocrx_word' id='word_1_742' title='bbox 1675 5500 1802 5575; x_wconf 79' lang='lat' dir='ltr'><strong>spiritalis</strong></span> 
     </span>
     <span class='ocr_line' id='line_1_55' title="bbox 175 5580 1802 5672; baseline 0.012 -42"><span class='ocrx_word' id='word_1_743' title='bbox 175 5580 218 5633; x_wconf 82' lang='lat' dir='ltr'><strong>rel</strong></span> <span class='ocrx_word' id='word_1_744' title='bbox 233 5582 320 5643; x_wconf 80' lang='lat' dir='ltr'><strong>order.</strong></span> <span class='ocrx_word' id='word_1_745' title='bbox 335 5584 435 5641; x_wconf 88' lang='lat' dir='ltr'><strong>unibus</strong></span> <span class='ocrx_word' id='word_1_746' title='bbox 448 5592 563 5639; x_wconf 89' lang='lat' dir='ltr'><strong>curmnt</strong></span> <span class='ocrx_word' id='word_1_747' title='bbox 581 5584 615 5641; x_wconf 87' lang='lat' dir='ltr'><strong>ad</strong></span> <span class='ocrx_word' id='word_1_748' title='bbox 634 5586 736 5642; x_wconf 90' lang='lat' dir='ltr'><strong>malurn</strong></span> <span class='ocrx_word' id='word_1_749' title='bbox 760 5587 967 5671; x_wconf 59' lang='lat' dir='ltr'><strong>fabricandum,</strong></span> <span class='ocrx_word' id='word_1_750' title='bbox 1018 5597 1371 5671; x_wconf 79' lang='lat' dir='ltr'><strong>escclleutirr,prinsquam</strong></span> <span class='ocrx_word' id='word_1_751' title='bbox 1382 5598 1487 5672; x_wconf 77' lang='lat' dir='ltr'><strong>justicio</strong></span> <span class='ocrx_word' id='word_1_752' title='bbox 1499 5597 1541 5654; x_wconf 83' lang='lat' dir='ltr'><strong>vel</strong></span> <span class='ocrx_word' id='word_1_753' title='bbox 1559 5580 1656 5654; x_wconf 88' lang='lat' dir='ltr'><strong>mortis</strong></span> <span class='ocrx_word' id='word_1_754' title='bbox 1670 5595 1712 5652; x_wconf 83' lang='lat' dir='ltr'><strong>rel</strong></span> <span class='ocrx_word' id='word_1_755' title='bbox 1723 5593 1802 5665; x_wconf 75' lang='lat' dir='ltr'><strong>depo</strong></span> 
     </span>
    </p>
   </div>
   <div class='ocr_carea' id='block_1_28' title="bbox 0 0 1956 6067">
    <p class='ocr_par' dir='ltr' id='par_1_28' title="bbox 0 0 1956 6067">
     <span class='ocr_line' id='line_1_56' title="bbox 0 0 1956 6067; baseline 0 0"><span class='ocrx_word' id='word_1_756' title='bbox 0 0 1956 6067; x_wconf 95' lang='lat' dir='ltr'><strong> </strong></span> 
     </span>
    </p>
   </div>
  </div>
 </body>
</html>
