3892 6067
190 207 242 266 'lii
669 199 822 260 tenltotlt
841 200 1036 260 enmrostrt
1055 201 1331 264 bunnensibus.
1760 209 1822 267 tas

93 395 99 400 ⁴
188 325 346 394 intuendo,
377 329 405 382 ει
432 320 568 392 iustitiam
593 319 640 377 Dei
665 321 847 393 reprobando,
860 321 978 389 litteram
993 326 1017 384 ,t
1030 322 1110 392 mine,
1126 322 1362 394 ieneprmpemre,
1375 321 1402 378 id
1424 331 1467 380 cst
1487 337 1647 395 prosperum
1673 323 1717 382 lac
1745 321 1822 384 illnd

188 418 333 488 erigentes,
348 413 517 485 spiritualem
539 427 650 470 sensum
676 413 864 485 reprobantes.
886 411 973 471 tonet
1026 417 1155 489 itemquo
1175 418 1208 473 ad
1222 427 1247 473 tc
1260 433 1308 488 pcr
1331 418 1431 473 multos
1453 416 1560 474 huores
1582 426 1755 486 rerertor,te
1774 420 1822 474 ita

188 522 298 566 ntorum
311 505 462 577 iniqnitatis
472 506 508 562 ab
518 506 603 561 Adam
615 506 764 576 inceptum,
779 509 977 578 transgressio·
1025 509 1158 566 eoalltens
1175 509 1247 582 (llilz

188 611 251 652 nem
264 596 333 667 legis
346 595 522 660 aedideantes,
535 595 675 652 Christum
692 596 842 668 pretiosum
860 597 976 669 lapidem
1062 599 1220 655 Benedictus
1235 599 1357 671 prriuenit
1374 599 1400 652 in
1416 599 1519 654 nominee
1533 596 1652 655 Domini.
1678 598 1737 657 lloc
1758 609 1820 669 est,

189 691 362 758 invenerunt,
376 703 457 761 quem
470 697 613 761 postquam
629 706 754 763 parrum,
773 691 802 747 ld
830 700 873 748 est
886 691 977 747 huml-
1026 692 1091 764 qnia
1107 707 1182 748 nnnc
1196 701 1238 747 εει
1251 690 1430 758 diessalutis,
1453 690 1555 747 sulcum
1578 707 1619 746 me
1644 695 1688 763 loc
1712 691 1741 746 in
1762 691 1823 748 irae

189 783 242 838 lem
255 781 509 848 emerentianam
525 781 706 847 olicndornnt,
723 785 788 855 qnia
803 797 866 839 enm
884 782 980 853 despe·
1026 785 1082 851 die,
1096 784 1142 855 qni
1159 783 1256 840 venisti
1272 784 1398 855 genitibus
1415 783 1673 849 benediceremus
1695 786 1822 855 promis·

189 879 340 939 xerunt,et
357 871 443 928 ideoa
458 885 509 928 suo
537 870 653 927 adiecto
677 873 899 942 reprobaverunt,
911 874 977 928 dnm
1028 890 1088 932 snm
1104 873 1282 939 estnnrsnae,
1307 874 1340 928 ad
1361 873 1477 944 gloriam
1503 873 1624 931 nominis
1652 872 1772 930 Deillel
1787 882 1823 929 ut

190 978 254 1019 enm
266 962 481 1033 flagellaverunt,
495 968 597 1017 etcum
614 960 767 1018 latronibus
779 961 980 1019 condemnare·
1028 965 1081 1020 alia
1096 963 1238 1019 translatio
1257 964 1354 1019 lrabct:
1370 963 1538 1031 Benedictus,
1548 965 1594 1036 qni
1606 975 1728 1020 contuens
1744 982 1772 1022 cs
1789 968 1821 1020 in

190 1062 266 1111 rtrnt.
281 1053 333 1108 Hic
346 1054 433 1125 {nctus
446 1054 525 1109 estin
544 1062 623 1124 coptu
641 1053 742 1125 onnnli,
756 1054 782 1109 id
796 1063 839 1110 est
856 1053 883 1110 in
897 1059 980 1123 eaput
1028 1057 1132 1110 nonrirc
1145 1055 1262 1121 Domini,
1278 1063 1318 1122 tu,
1329 1055 1400 1123 dico,
1417 1054 1479 1110 bene
1488 1067 1651 1126 prosperare,
1667 1064 1698 1110 nt
1711 1056 1825 1123 nenias,

191 1144 332 1215 uectore,
345 1152 510 1201 connectens
538 1154 685 1215 utrumque
706 1144 847 1215 parietem,
875 1144 980 1199 seilicet
1028 1155 1057 1203 et
1068 1147 1160 1202 salros
1173 1161 1223 1204 nos
1235 1146 1329 1203 iacias.
1341 1147 1469 1204 Clnristns
1480 1149 1552 1203 cernit
1562 1148 1592 1203 in
1604 1148 1713 1204 nomine
1725 1147 1826 1205 Patris

192 1235 354 1293 consocians
368 1235 395 1291 ln
407 1250 489 1291 ttnam
500 1234 580 1291 iidem
594 1244 740 1306 uirumque
753 1235 895 1305 populum,
908 1235 981 1291 etde
1030 1240 1084 1303 sni,
1101 1248 1128 1294 ct
1140 1240 1289 1294 noluerunt
1306 1254 1369 1295 eom
1387 1241 1523 1309 recipere,
1551 1239 1736 1297 Antichristus
1750 1256 1823 1295 seu·

192 1325 402 1386 circumcisione
414 1335 442 1382 ει
456 1328 597 1398 preputio.
610 1327 738 1385 Clnistns
749 1327 800 1383 init
812 1328 840 1384 in
852 1328 981 1399 passione
1030 1340 1108 1387 torus
1119 1332 1201 1388 estin
1219 1332 1331 1388 norrtlne
1354 1347 1415 1400 sno,
1432 1331 1508 1388 illurn
1532 1332 1673 1404 recipient.
1695 1331 1825 1404 snbjun-

192 1419 263 1490 lapis
271 1418 469 1475 obmisionlset
486 1419 624 1485 seandali;
640 1420 666 1473 in
679 1419 879 1475 resurrectione
892 1420 981 1489 [mens
1031 1424 1103 1494 gitur
1116 1439 1170 1478 vox
1183 1424 1381 1494 apostolormn.
1401 1421 1427 1479 0
1448 1439 1498 1480 ros
1521 1422 1608 1480 lsrael
1631 1433 1659 1480 et
1680 1437 1698 1481 ο
1720 1425 1831 1482 domus

191 1520 230 1567 est
242 1513 269 1566 in
279 1511 471 1583 euputuopuli.
488 1510 645 1569 Similitudo
662 1520 747 1570 tracta
774 1521 816 1569 εει
836 1511 873 1568 ab
894 1510 981 1568 sedili·
1031 1516 1135 1582 Aaron,
1150 1525 1177 1571 et
1190 1516 1237 1586 qni
1252 1516 1352 1572 timetis
1364 1513 1460 1572 Ιιεεηι.
1804 1509 1807 1514 ’

192 1603 320 1660 cantibus
332 1605 429 1660 turrim
445 1602 538 1660 Dabel.
1068 1606 1150 1664 Vens.
1165 1608 1211 1664 26.
1227 1607 1493 1664 Benedlrimusuolis
1503 1609 1537 1663 dc
1554 1609 1632 1664 domo
1660 1607 1778 1680 Domini,
1792 1611 1825 1668 id

230 1694 312 1754 Vsus.
326 1696 407 1753 idai
423 1696 538 1753 Domino
552 1697 654 1767 fuctum
678 1703 718 1753 est
735 1695 819 1763 istud,
831 1710 888 1752 non
902 1709 919 1752 a
934 1668 1019 1752 ln·B
1036 1708 1079 1755 cst
1092 1698 1298 1770 praedicavimus
1310 1698 1388 1754 robis
1400 1699 1614 1755 benedictionem
1628 1698 1725 1765 Patris,
1741 1702 1768 1757 id
1778 1699 1825 1757 εει
1900 1763 1907 1770 ,

190 1788 271 1853 dreis,
286 1795 375 1860 ntper
388 1788 461 1845 herne
482 1788 599 1857 lapidem
616 1787 767 1858 erigeretur
783 1787 919 1857 collapsus
938 1801 987 1859 pa·
1036 1790 1176 1848 Christum
1201 1791 1230 1847 in
1256 1790 1471 1847 benedictionem
1499 1791 1620 1862 gentinus
1642 1793 1757 1849 missum
1786 1794 1831 1849 tie

194 1878 251 1936 ries
263 1876 363 1934 domus
377 1875 487 1932 Domini
503 1877 530 1933 in
546 1877 635 1934 ecelis.
647 1875 707 1933 lion
734 1875 808 1934 eninr
824 1892 855 1935 er
871 1876 987 1944 iudeis,
1037 1883 1310 1942 onustiiemsslem.

193 1968 338 2026 sedaDeo
348 1967 482 2039 processit
492 1969 648 2036 consilinm,
662 1982 693 2026 nt
705 1968 832 2027 Christus
844 1985 897 2042 pro
908 1984 987 2041 repa.
1073 1972 1155 2030 Vens.
1181 1973 1227 2030 tt.
1249 1973 1321 2029 Deus
1348 1973 1488 2044 Dominus,
1511 1974 1657 2032 sinuandis:
1685 1975 1828 2032 benedixit

192 2063 299 2119 ratione
312 2060 425 2117 hnmani
440 2060 548 2129 ceneris
558 2071 725 2117 moreretur.
741 2059 799 2119 lloc
809 2070 849 2117 est
864 2061 987 2117 mirabile
1036 2065 1127 2133 nobis,
1141 2076 1166 2122 ct
1180 2065 1375 2133 illusit-nolis,
1387 2065 1414 2122 id
1424 2076 1466 2123 est
1476 2067 1620 2124 manifeste
1633 2068 1759 2139 apparuit
1773 2084 1828 2123 no-

192 2157 220 2211 in
232 2153 316 2209 oeulis
329 2154 438 2220 nostris,
452 2152 526 2224 qnod
545 2152 617 2210 Deus
629 2153 729 2211 Filium
756 2170 838 2211 snrrrn
862 2153 987 2226 unigeni·
1036 2157 1088 2224 bis,
1109 2166 1254 2230 postquam
1273 2160 1422 2216 resurrexit
1444 2175 1459 2214 a
1487 2161 1611 2216 rnortnis.
1636 2159 1699 2217 ldeo
1726 2169 1827 2215 nostro

194 2254 253 2299 tum
268 2242 339 2300 mori
356 2241 442 2298 noluit
459 2257 509 2313 pro
528 2242 628 2314 impiis.
652 2242 701 2299 Vel
718 2244 874 2301 mirandum
899 2252 942 2301 est
956 2245 985 2300 in
1036 2247 1160 2319 exemplo
1174 2248 1324 2303 constituite
1335 2248 1405 2304 diem
1419 2248 1561 2304 solcmrrem
1578 2250 1607 2304 in
1624 2249 1760 2304 modernis
1775 2266 1828 2318 rrsf

194 2337 389 2394 oculiseordis
404 2336 588 2407 nnstctqnod
602 2351 652 2408 pcr
680 2336 820 2393 bominem
845 2349 985 2393 mortuum
1035 2338 1228 2411 pucodcornr
1240 2339 1345 2396 suoru.
1361 2339 1530 2412 Praeceptum
1553 2350 1613 2397 erat
1628 2340 1654 2395 in
1667 2341 1735 2411 lege,
1749 2348 1779 2394 ut
1794 2339 1829 2394 in

193 2425 360 2483 riritlcatnm
371 2433 413 2481 est
427 2440 513 2496 genus
526 2423 748 2484 humanurn.Vel
760 2425 889 2483 ltorrilrilc
902 2435 945 2483 εει
957 2427 986 2482 in
1036 2431 1141 2489 Pascha
1153 2432 1195 2487 rel
1212 2431 1373 2489 Pentecoste
1384 2431 1455 2490 diem
1469 2433 1618 2489 solemnem
1633 2432 1823 2494 observarent,
1931 2477 1932 2482 ,

195 2518 413 2575 consideratione
431 2518 626 2589 nostrumnon
643 2518 727 2590 impia
752 2534 818 2587 pens
839 2517 985 2574 Dominum
1037 2523 1160 2581 aserrili
1173 2538 1255 2594 opere
1270 2531 1409 2578 uacarent.
1421 2523 1548 2580 uictimas
1561 2524 1744 2578 immolesrent.
1762 2521 1828 2589 Qus

195 2610 289 2681 plor-ite
304 2611 451 2677 crucilirit,
466 2612 513 2683 qui
531 2611 670 2668 ltonrlncm
691 2611 725 2666 dc
738 2611 860 2668 cruciatu
887 2612 985 2668 mortis
1037 2615 1152 2672 solemni
1167 2615 1221 2681 die,
1234 2629 1296 2672 cerm
1308 2613 1400 2684 populi
1412 2599 1598 2680 convenirent,
1613 2614 1745 2685 templum
1768 2613 1824 2667 Do⁴

197 2702 322 2772 redemit,
333 2712 361 2759 et
374 2704 457 2759 sitam
469 2713 599 2761 eternam
612 2702 738 2759 reddidit.
1037 2705 1104 2763 mini
1118 2705 1239 2777 alaonis
1254 2719 1341 2775 usqne
1359 2704 1392 2760 nd
1408 2704 1494 2760 altare
1518 2704 1708 2774 impleverunt.
1725 2702 1757 2759 Et
1772 2703 1825 2760 noc

232 2790 315 2850 Vens.
329 2793 376 2861 22,
394 2792 458 2849 llos
471 2794 538 2863 dier,
556 2809 611 2866 qna
638 2793 691 2850 hee
716 2793 839 2864 contigit,
854 2803 897 2851 cst
914 2793 984 2860 dies,
1036 2806 1089 2863 est,
1103 2789 1269 2868 qttoddieit:
1290 2793 1324 2849 ln
1346 2794 1495 2850 condensis.
1526 2793 1629 2850 Domus
1651 2792 1760 2850 Domini
1781 2804 1826 2850 est

195 2902 275 2957 nuum
295 2887 359 2957 fecit
374 2883 514 2954 Dorticum,
530 2886 557 2941 inl
572 2897 615 2943 est
632 2902 715 2957 qnam
735 2887 914 2944 sanctificarit
930 2903 987 2958 prae
1036 2888 1170 2945 catholica
1188 2886 1319 2954 Ecclesia,
1331 2885 1358 2942 in
1372 2900 1426 2956 ntra
1440 2885 1527 2942 altare
1539 2893 1582 2941 cst
1595 2882 1732 2951 cbristus,
1744 2884 1824 2955 cujus

196 2980 335 3036 omnibus.
347 2977 416 3035 Cum
433 2995 541 3035 omnnem
555 2980 627 3036 diem
639 2978 748 3036 lecisset
758 2967 902 3046 Dominus,
913 2978 1020 3057 broce
1037 2978 1132 3035 altaris
1142 2994 1229 3036 cornu
1241 2987 1282 3034 est
1297 2987 1391 3034 sancta
1411 2991 1490 3033 crux.
1502 2974 1531 3031 ln
1546 2976 1597 3032 lrac
1608 2991 1673 3049 crgo
1686 2976 1778 3041 donno,
1788 2973 1825 3029 do

195 3071 280 3138 diem,
294 3070 398 3128 scilieet
412 3071 623 3128 resurrectionis
648 3072 866 3130 antonomastice
884 3071 986 3130 dicitnr
1037 3086 1091 3142 qua
1105 3070 1183 3126 tobis
1196 3069 1394 3135 miserrimus,
1409 3068 1562 3124 constituite
1586 3067 1655 3121 diem
1670 3066 1823 3132 solemnem,

198 3159 307 3228 iecisse,
322 3177 376 3233 qna
392 3162 481 3234 major
495 3162 583 3229 pratis
606 3163 835 3235 sacramencum
853 3164 881 3221 in
894 3166 986 3222 onmi-
1037 3160 1065 3217 id
1078 3169 1121 3218 est
1132 3169 1256 3218 vacatea
1273 3161 1353 3217 malis
1366 3160 1505 3231 operibus,
1522 3175 1584 3231 quae
1606 3157 1708 3214 iaciunt
1729 3173 1824 3214 munos
1931 3161 1932 3168 ’

198 3251 250 3307 bus
270 3251 332 3307 aliis
348 3251 455 3307 dicbus.
472 3251 642 3307 &saltemus
662 3252 897 3318 llde,etltetemur
918 3255 987 3312 dile-
1037 3252 1372 3324 percati;immolateros
1391 3252 1507 3309 bostiam
1525 3250 1686 3307 nitacho
1711 3250 1823 3322 placen·
1931 3283 1932 3302 n

196 3342 287 3398 ctione
298 3342 326 3395 in
336 3358 368 3396 eo
377 3341 432 3408 die,
443 3341 470 3397 ld
481 3351 522 3398 cst
534 3344 561 3398 in
573 3343 791 3399 consideratione
802 3345 896 3415 gratim
907 3346 987 3403 nobis
1038 3352 1108 3411 tcm;
1123 3355 1150 3401 ει
1165 3343 1218 3399 Ιιοε
1228 3345 1255 3398 ln
1267 3346 1415 3413 coementis,
1429 3345 1456 3400 id
1467 3353 1510 3402 est
1521 3345 1547 3399 in
1560 3343 1652 3399 multis
1664 3341 1822 3404 virtutibus,

203 3435 309 3491 collatae
324 3434 351 3490 in
364 3434 409 3490 illa
423 3435 535 3492 dielcl
558 3437 603 3492 bie
621 3436 690 3506 lapis
716 3439 855 3504 angularis
871 3447 913 3495 est
931 3438 987 3494 icccc
1037 3452 1120 3507 usquc
1132 3436 1168 3490 nd
1178 3451 1259 3489 cornu
1273 3434 1381 3504 ultoris,
1391 3435 1423 3490 inl
1439 3445 1481 3492 est
1493 3450 1581 3505 nsque
1593 3434 1626 3489 ad
1643 3433 1823 3488 imitationem

197 3526 255 3583 dics
271 3525 379 3594 salutis,
397 3526 501 3584 scilieet
517 3527 655 3596 Claristus,
669 3544 748 3600 quum
771 3529 833 3599 fecit
856 3530 988 3586 Dominus
1037 3529 1175 3601 passionis
1191 3529 1282 3586 erneis
1294 3527 1409 3585 Christi.
1428 3525 1473 3584 lol
1490 3529 1583 3584 tnndin
1600 3528 1661 3584 sitis
1674 3529 1702 3582 in
1712 3529 1825 3583 corrdrn·

197 3613 288 3682 Pater,
303 3617 368 3674 dnm
381 3625 513 3675 ueternum
525 3618 597 3675 diem
617 3619 721 3676 mundo
745 3620 863 3690 induxit,
876 3608 1002 3694 qnarrdo'
1037 3623 1084 3685 tit,
1098 3623 1185 3677 dorrcc
1194 3621 1310 3677 veniatis
1321 3621 1354 3676 ad
1367 3620 1516 3686 Clnistum,
1531 3621 1578 3692 qni
1594 3630 1635 3676 cst
1653 3637 1735 3676 cornu
1751 3620 1822 3674 ulto-

199 3704 372 3777 SolJnstitiae
393 3715 455 3779 post
475 3723 604 3765 oceasum
627 3709 726 3767 mortis
745 3712 838 3769 oriens
864 3712 988 3771 lidclibrrs
1038 3715 1088 3779 ris,
1104 3714 1186 3769 idest
1204 3711 1334 3769 lortitndo
1353 3714 1451 3768 neentis
1467 3721 1576 3776 cesten,
1596 3713 1623 3767 in
1643 3727 1696 3782 qna
1721 3710 1826 3766 debetis

199 3797 299 3855 illuxit.
319 3797 487 3855 desultorius
506 3809 531 3855 et
549 3799 670 3857 detentor
682 3816 777 3859 omnes
799 3802 944 3859 illuminati
959 3804 987 3860 in
1038 3805 1136 3861 offerre
1148 3804 1204 3861 Deo
1226 3805 1296 3860 borna
1312 3820 1404 3875 opera.
1417 3803 1465 3859 l'cl
1481 3820 1562 3875 usqne
1576 3804 1611 3857 ud
1625 3821 1706 3858 cornu
1720 3802 1826 3867 ultori,

197 3890 259 3962 ejtm
270 3890 340 3955 luce,
354 3892 419 3962 qnia
432 3908 494 3948 enm
506 3892 553 3948 illo
566 3908 582 3947 a
595 3902 681 3950 morte
694 3894 906 3960 resurreximus,
918 3905 946 3951 et
959 3895 987 3951 in
1040 3895 1067 3952 id
1079 3905 1121 3953 est
1133 3913 1221 3968 nsqtte
1236 3895 1269 3952 ad
1284 3897 1455 3952 nnsnttcstam
1470 3896 1605 3950 visionem
1628 3894 1753 3961 Deitatis,
1765 3908 1828 3965 que

198 3980 303 4037 lumine
316 3981 376 4051 ejus
391 3981 544 4038 videbimus
558 3981 659 4039 lnmen.
682 3983 747 4040 iltec
770 3986 827 4040 dies
842 3985 948 4050 salutis,
961 3985 988 4040 id
1038 3997 1189 4055 estcnrnn,
1205 3987 1231 4043 id
1256 3996 1299 4044 est
1320 3988 1474 4043 sublimitas
1502 3985 1682 4041 brrnranitnlis
1712 3983 1826 4050 Christi,

198 4081 243 4128 εει
256 4080 363 4143 tempus
379 4073 472 4145 gratiae
486 4074 569 4145 erepit
584 4091 600 4130 a
613 4075 657 4131 die
680 4071 893 4132 ⁴resurrectionis
907 4074 989 4131 curi·
1039 4093 1101 4150 qum
1113 4078 1291 4135 humanitatis
1302 4088 1343 4133 est
1359 4085 1484 4132 nostrum
1509 4077 1604 4141 altare,
1629 4075 1694 4146 onio
1720 4074 1747 4129 in
1774 4074 1824 4130 inde

199 4161 247 4228 sti,
257 4168 286 4217 ει
299 4170 455 4232 perseverat
469 4179 557 4234 nsque
572 4164 599 4219 in
615 4166 695 4220 linem
708 4165 812 4222 nrnrrdi.
829 4164 868 4222 Dc
885 4166 937 4223 liae
947 4165 989 4221 di·
1040 4171 1195 4243 eiusopcra
1224 4179 1316 4225 nostra
1342 4168 1398 4224 Deo
1419 4167 1570 4224 offerimus.
1601 4166 1661 4221 Alia
1686 4165 1826 4221 translatio

199 4254 271 4314 eilnr
283 4255 426 4328 quotidie:
444 4254 564 4313 ilodictl
579 4273 665 4313 rocem
676 4259 733 4328 ejus
747 4259 902 4324 audieritis:
920 4266 949 4314 ει
960 4257 988 4313 in
1040 4262 1138 4317 inaltet:
1158 4259 1316 4316 Cotrstr'tuitc
1326 4260 1396 4313 diem
1411 4256 1553 4313 solemnem
1572 4259 1600 4311 in
1625 4257 1826 4327 confrequente-

199 4349 253 4403 lrae
268 4347 313 4404 die
328 4348 451 4419 qnotidie
465 4348 565 4404 mortui
577 4349 605 4404 in
616 4350 707 4404 anima
726 4364 775 4422 per
799 4350 987 4419 pterritenliam
1004 4325 1027 4380 ⁰
1041 4348 1166 4415 tionibus,
1178 4347 1205 4404 id
1216 4356 1257 4405 εει
1272 4348 1299 4402 in
1318 4348 1421 4404 crebris
1445 4347 1757 4418 processionibusque
1779 4361 1826 4416 po-

198 4449 357 4510 resnrpnnt
370 4441 397 4495 in
413 4440 465 4495 lrac
476 4454 558 4495 earne
577 4440 726 4504 morientes
747 4439 868 4510 quotidie
882 4441 916 4496 ad
931 4456 988 4497 eoe-
1040 4441 1097 4512 puli
1110 4440 1189 4497 turba
1201 4438 1361 4505 condensat,
1376 4447 1405 4495 et
1423 4439 1510 4494 cecidit
1522 4439 1642 4495 celebres
1661 4435 1758 4492 lessius
1780 4437 1825 4491 dc-

199 4532 436 4589 lcstiaseandnnt.
462 4529 526 4586 llaec
558 4530 617 4586 dies
637 4531 847 4586 resurrectionis
873 4530 990 4600 pleniter
1041 4533 1169 4589 votione:
1184 4545 1266 4602 respue
1277 4529 1312 4583 ud
1333 4545 1415 4584 cornu
1434 4528 1540 4593 ultoris,
1564 4527 1591 4582 id
1615 4536 1657 4582 est
1682 4524 1825 4594 usquead

200 4624 305 4692 sanctis
318 4623 468 4690 illucescet,
480 4630 624 4694 postquam
637 4637 692 4678 nor
703 4621 785 4692 bojas
796 4622 887 4677 soeculi
897 4630 989 4678 trans·
1043 4623 1193 4680 solemnem
1215 4622 1416 4693 susceptionem
1432 4620 1555 4690 corporis
1568 4627 1597 4674 ct
1608 4617 1751 4689 sansguinis
1775 4615 1826 4671 Do-

201 4714 274 4779 ierit,
288 4722 316 4769 et
334 4701 452 4776 eternus
471 4714 518 4772 Sol
540 4712 720 4778 elltrlserit,ct
741 4711 863 4783 angelica
877 4710 989 4768 claritas
1042 4714 1120 4772 mirri.
1134 4712 1221 4786 Super
1234 4713 1307 4784 qnod
1326 4712 1411 4769 altare
1436 4719 1586 4783 martyrum
1608 4710 1709 4766 chorus
1724 4707 1826 4764 sacrill·

203 4808 333 4875 illuxerit,
348 4824 411 4864 cum
423 4810 475 4881 ipsi
487 4812 568 4868 nlsol
583 4810 734 4882 fulgebant,
750 4816 777 4863 et
791 4809 910 4880 mortales
935 4822 987 4863 att·
1040 4817 1086 4867 cat
1101 4809 1218 4865 hostiam
1229 4801 1329 4872 landis,
1342 4805 1479 4878 jubilans:

202 4899 271 4973 pelis
284 4908 375 4957 erent.
390 4898 455 4957 lices
469 4908 569 4959 reterm
587 4902 702 4960 Deitatis
729 4902 849 4963 claritas,
864 4908 891 4956 ct
905 4915 989 4972 ange·
1076 4898 1159 4955 Vens.
1172 4898 1217 4954 28.
1233 4896 1302 4953 Deus
1315 4913 1388 4952 mens
1414 4912 1441 4952 ct
1471 4905 1511 4961 tu,
1526 4892 1590 4951 lesu
1614 4892 1732 4957 Christe.
1745 4908 1823 4964 qoem

204 4994 256 5050 bea
267 4992 384 5050 societas
391 5002 433 5050 εει
444 4994 490 5049 illa
502 4994 567 5061 dies,
575 5010 655 5064 quom
668 4994 730 5064 feeit
744 4992 891 5058 Dominns;
902 4992 929 5048 ln
942 4992 988 5049 illa
1040 4997 1068 5050 in
1081 4993 1210 5065 passione
1224 4992 1367 5049 conlessns
1380 5005 1453 5057 sunt,
1466 4997 1493 5044 et
1518 5004 1594 5043 nnnc
1608 4986 1750 5055 confiteber
1767 4987 1823 5049 ciii,

203 5085 343 5142 ersnltant
356 5098 481 5155 corpore,
491 5083 617 5141 letantur
628 5085 730 5142 aalma.
745 5084 866 5157 Populus
886 5095 988 5156 marty-
1042 5084 1069 5142 id
1083 5094 1125 5141 εει
1134 5083 1252 5139 larudabo
1262 5091 1299 5148 le,
1313 5081 1384 5136 Dens
1398 5096 1481 5145 neus,
1495 5094 1576 5150 quem
1588 5078 1615 5132 in
1639 5076 1725 5148 gloria
1739 5074 1825 5130 Patris

204 5191 266 5233 rum
277 5176 368 5233 adlrnc
380 5177 407 5232 in
418 5174 516 5233 castris
528 5174 677 5241 desudans,
688 5183 716 5231 ει
729 5174 762 5231 ad
781 5173 852 5231 bane
874 5173 988 5246 gloriam
1042 5174 1124 5230 niodo
1135 5173 1216 5230 rideo
1228 5192 1236 5227 ε
1248 5181 1273 5227 et
1283 5170 1406 5227 ecoltoio
1421 5180 1456 5235 te,
1469 5169 1520 5225 bec
1531 5173 1583 5234 est,
1599 5165 1634 5222 ab
1646 5164 1824 5221 humilitates

203 5268 299 5325 renirc
312 5268 473 5325 desiderans
484 5267 600 5323 clamat:
677 5245 687 5257 ’
1042 5276 1069 5322 ιε
1080 5266 1217 5322 exsitenus
1232 5262 1355 5334 glorifico
1369 5269 1397 5318 tc
1415 5260 1575 5317 exaltatum.
1593 5255 1745 5327 confitebor
1767 5255 1823 5319 tibi,

241 5357 324 5420 tens.
339 5358 555 5426 25.DDomine,
570 5360 673 5416 tolonm
683 5377 723 5416 me
747 5360 989 5432 foc,hoccst‚op·
1041 5355 1133 5424 idest,
1149 5353 1403 5413 sinelinclandalto
1419 5359 1454 5417 te,
1481 5349 1605 5421 omnium
1634 5345 1769 5403 ermini
1787 5360 1825 5398 mr

206 5459 245 5517 to,
257 5451 381 5518 bonnm,
393 5460 423 5506 ut
437 5453 526 5508 salves
552 5468 595 5508 me
621 5454 656 5511 tle
676 5453 867 5524 passionibus:
889 5447 911 5505 n
937 5448 991 5504 Do·
1043 5449 1214 5504 inroenntem
1234 5455 1259 5502 te
1273 5444 1533 5512 intribttlationc,et
1563 5442 1650 5516 {oms
1672 5457 1699 5498 es
1719 5438 1783 5494 nrilri
1797 5438 1822 5492 ln

241 5603 298 5675 (SD)
309 5601 375 5658 con.
393 5606 566 5674 confitentem,
