3892 6067
93 303 164 362 lidi
273 288 279 302 ’
521 310 615 366 l'lTAE
638 311 835 369 etuthcbttt
854 310 899 368 ET
919 311 1119 370 tt'ttttttottts
1137 314 1304 372 hllllhlllll
1656 322 1726 381 llll

91 422 154 488 dus,
179 431 207 479 et
238 420 428 483 iraudulentus
458 442 509 498 pre
539 428 622 485 rebus
643 430 794 500 phtrpcrum
821 426 883 484 usui
899 429 1365 501 Agregetn,ouisedihcatttsuper
1383 429 1728 499 aretiam,hronhabeetcs

92 514 247 580 destinetis,
270 516 518 574 artatheetetizetes
533 535 596 575 cem
612 519 670 575 suis
691 517 883 589 cotriplieihus,
936 521 964 576 in
981 520 1160 578 laudamento
1176 531 1293 593 petram,
1310 522 1375 593 quio
1395 538 1485 594 neque
1502 538 1566 580 cum
1581 523 1634 581 lob
1653 536 1728 587 reete

91 622 149 663 sue
178 607 314 678 inieniteti
339 609 579 681 participantibus,
608 621 742 684 atquem
765 612 883 668 breuiter
936 614 1086 687 conjugati,
1114 629 1204 686 neque
1225 630 1289 671 cum
1313 614 1425 671 llaniele
1446 615 1526 684 casti,
1549 631 1638 688 tueque
1662 633 1726 676 eum

90 698 265 767 corrcledam,
281 715 366 771 supra
380 710 501 757 montem
518 701 596 769 Sion,
610 719 691 774 super
703 703 881 774 apostolicam
935 704 994 763 lloe
1015 716 1137 764 rectores
1156 706 1224 777 justi
1240 707 1480 778 comprobantem
1498 716 1580 779 atque
1594 707 1656 764 ideo
1672 708 1726 767 arisi

7 802 8 817 ³
90 793 195 850 scilieet
209 793 305 858 vitam,
317 809 333 847 e
345 804 438 850 ntoetc
451 794 517 849 Sion
530 794 698 862 inchoatam,
709 803 763 853 sert
775 797 881 866 Agrius,
934 797 1034 871 dignes
1052 800 1219 870 penitentie
1242 798 1350 855 fructus
1372 799 1458 855 relint
1474 814 1566 870 ogere,
1582 814 1636 855 eon
1652 807 1727 871 pote-

89 892 192 941 etcum
206 899 240 940 co
261 893 371 942 centum
390 885 706 960 quadragintaquatuor
721 888 815 954 cirillia,
834 888 881 960 qul
935 890 1054 948 suntad
1081 891 1165 947 uitem
1188 891 1300 955 intrare.
1324 888 1491 947 Poenitercnt
1511 900 1601 947 attmm
1629 907 1662 947 ex
1685 891 1726 949 cis

88 976 174 1048 empti
190 985 255 1032 serit
267 976 300 1032 de
314 985 403 1045 terra;
416 977 489 1048 jacet
501 992 565 1034 vcro
580 976 608 1033 in
624 993 708 1035 arene
722 980 767 1036 illa
781 980 881 1049 bestia,
935 981 1016 1038 nreltl
1030 981 1135 1053 absque
1149 980 1244 1050 dubio,
1257 981 1281 1040 si
1297 981 1425 1037 audirent
1438 981 1504 1038 illud
1521 980 1595 1038 Petri
1614 981 1649 1038 ab
1666 982 1725 1052 ejus

88 1068 187 1139 tlequu
198 1067 264 1124 dicit
275 1067 395 1126 lestines
405 1067 456 1124 :lit
467 1067 521 1124 uidi
535 1069 656 1135 bestiam,
668 1069 701 1125 de
712 1072 781 1125 reteri
790 1088 882 1127 esceu·
936 1074 1062 1131 ricarlo:
1080 1072 1229 1131 Saluatttiui
1246 1075 1455 1147 decurtatione
1478 1075 1532 1131 ista
1549 1091 1632 1147 praua
1653 1074 1724 1145 (dot.

86 1159 193 1216 dentem
214 1161 309 1233 (Aper.
332 1178 393 1229 xm,
409 1162 447 1233 l),
475 1177 536 1233 quac
556 1162 639 1218 habet
663 1178 756 1219 secum
784 1180 880 1220 corum
935 1182 966 1234 rr,
984 1165 1042 1237 tu).

89 1327 1726 1362 w

340 1510 628 1606 llIONl'l'Uhl
667 1510 731 1602 lN
768 1507 1132 1605 OPUSGULUM
1170 1508 1460 1617 SEQUENS.

539 1702 584 1760 tn,
601 1702 632 1758 ll.
648 1701 758 1771 Perias,
776 1704 852 1774 prael.
862 1703 896 1758 sd
910 1710 931 1759 t.
946 1701 957 1757 l
970 1703 1112 1770 decedat,
1125 1716 1153 1775 p.
1166 1703 1279 1775 cxxxv.)

122 2031 330 2103 Perpaeciseui
354 2037 382 2088 tn
405 2031 547 2089 beatorum
564 2030 665 2086 cheres
683 2029 785 2100 recepti
804 2040 885 2096 sunt,
909 2046 941 2087 ea
966 2045 1029 2088 sors
1047 2028 1146 2101 obtigit
1168 2038 1199 2085 ut
1219 2028 1288 2084 adeo
1312 2029 1423 2091 doctum
1447 2038 1475 2086 et
1500 2028 1636 2086 celebrem
1662 2031 1727 2089 rlte

88 2105 251 2172 scriptorem
266 2104 503 2168 nanciscerentur,
520 2100 631 2170 attalem
643 2100 716 2155 beati
731 2099 901 2173 berengerus
913 2110 941 2157 et
953 2100 1075 2166 Wirnto,
1089 2099 1183 2171 inclyti
1201 2100 1235 2154 ιιιι
1249 2097 1356 2155 OEeum
1370 2100 1490 2156 coenobii
1513 2098 1726 2159 Formhacensis

88 2174 151 2228 orel.
170 2170 200 2229 S.
215 2170 317 2228 Bened.
332 2172 446 2228 abbates
462 2171 535 2226 nacti
549 2179 625 2226 sum.
642 2169 669 2226 ls
682 2179 725 2227 cst
740 2186 856 2238 magnus
871 2173 917 2227 ille
932 2170 1085 2237 Cerberus,
1101 2170 1267 2241 praepesitus
1286 2169 1565 2241 lleicberspcrgensis
1578 2172 1639 2227 ord.
1654 2170 1722 2227 Gan.

87 2241 154 2325 lieg.
170 2242 200 2298 S.
214 2243 370 2313 Augustini.
385 2242 472 2312 Cujus
486 2250 577 2297 tamen
592 2256 663 2310 epus
682 2242 729 2296 diu
745 2240 873 2308 delituit,
891 2241 1027 2312 hodieque
1042 2240 1181 2296 ueteribus
1196 2239 1367 2296 membranis
1390 2241 1544 2296 inuolutum
1566 2241 1627 2297 sine
1641 2240 1726 2299 dubie

87 2313 270 2377 delitesceret,
287 2314 339 2369 nisi
359 2313 434 2368 adm.
451 2311 485 2368 ll.
501 2319 529 2366 et
543 2311 723 2367 eruditissimi
743 2309 772 2366 P.
786 2310 860 2367 Clari
883 2310 1045 2372 Fasmanni,
1071 2308 1286 2366 Fornrhacensis
1298 2311 1400 2380 prieris
1424 2310 1560 2366 industria
1574 2319 1602 2366 et
1627 2310 1727 2367 bume-

89 2384 175 2438 uitate
190 2383 329 2454 quoddam
346 2384 422 2440 illius
436 2382 626 2454 apographum
640 2382 674 2438 ad
689 2395 790 2437 manus
804 2390 915 2438 nostras
931 2383 1112 2451 pervenisset.
1127 2379 1155 2434 ld
1168 2379 1334 2435 adornatum
1351 2389 1394 2437 est
1408 2380 1443 2435 ad
1458 2380 1540 2435 tidem
1556 2380 1726 2438 membranei

89 2454 204 2520 codicis,
220 2453 247 2507 in
264 2454 377 2510 archivo
392 2451 590 2509 Formbaceesi
604 2452 750 2518 asservati,
766 2453 812 2524 qui
839 2451 1055 2523 quadringentos
1080 2464 1170 2505 annos
1195 2450 1327 2506 excedere
1351 2450 1431 2507 uehis
1454 2451 1635 2532 presentibus
1649 2451 1726 2508 ride·

7 2580 8 2591 ,
90 2523 181 2580 luatur.
194 2523 275 2578 Aliud
290 2524 414 2594 ejusdcm
433 2523 525 2594 operis
538 2537 622 2579 manu
644 2530 787 2579 exaratum
811 2521 967 2592 exemplum
981 2520 1101 2576 uidimus
1123 2519 1151 2574 ln
1166 2520 1262 2575 codice
1275 2519 1424 2576 eliartacee
1438 2520 1611 2576 bibliothecae
1625 2519 1721 2576 Sancti

87 2591 226 2650 Petrensis
241 2594 405 2667 salisburgi,
419 2596 466 2651 sed
481 2592 554 2665 quod
568 2607 623 2648 uon
637 2592 689 2648 nisi
704 2600 888 2648 trecentorum
902 2605 1039 2646 annorum
1054 2598 1105 2647 est.
1120 2587 1208 2644 Porro
1222 2604 1284 2672 quae
1298 2590 1444 2647 Gethohus
1464 2589 1509 2645 hic
1523 2597 1626 2655 narrat,
1648 2597 1726 2646 tauto

88 2663 141 2719 lide
154 2666 281 2735 digitium
296 2676 371 2731 sunt,
389 2673 493 2736 quante
517 2662 610 2718 multis
629 2662 717 2718 titulis
742 2663 877 2734 integrius
891 2668 934 2717 est
952 2660 1075 2731 ejusdem
1097 2659 1370 2729 testimoniumque
1394 2661 1421 2714 in
1447 2660 1560 2731 prologo
1580 2659 1672 2715 innuit
1695 2675 1726 2715 se

87 2738 255 2805 scripturum
270 2742 297 2789 et
310 2743 491 2791 tractaturum
506 2731 541 2788 dc
553 2733 648 2803 sipnis,
661 2747 720 2804 quae
739 2748 787 2786 suo
806 2742 920 2803 tempore
936 2730 980 2785 lar
1001 2731 1067 2785 'ente
1089 2728 1203 2783 llomirte
1224 2729 1301 2811 quasi
1324 2730 1353 2783 iu
1375 2731 1492 2801 propriis
1514 2728 1617 2783 loribus
1638 2728 1724 2784 oculis

89 2804 147 2857 suis
162 2805 275 2869 rideret,
290 2816 314 2859 et
334 2806 412 2875 quasi
428 2801 549 2857 marullus
563 2802 730 2873 palpaverat,
744 2810 965 2871 tructeucratque.
1002 2809 1115 2855 aeterum
1130 2798 1165 2853 ad
1184 2808 1274 2854 utrius
1295 2815 1329 2854 ue
1344 2799 1427 2869 hujus
1440 2799 1512 2856 beati
1527 2798 1631 2857 cultum
1648 2798 1724 2870 quod

88 2874 197 2941 attinet,
211 2891 244 2929 eo
257 2874 291 2929 de
308 2892 338 2930 re
352 2876 386 2930 ad
408 2874 444 2930 cl.
458 2872 490 2928 P.
504 2872 616 2927 Clarum
639 2873 744 2929 litteras
768 2871 906 2937 dedimus,
923 2871 959 2926 ad
972 2885 1043 2941 quas
1058 2870 1092 2925 lh
1106 2867 1264 2924 Decembris
1276 2814 1350 2923 llll
1373 2870 1417 2925 his
1439 2871 1530 2926 verbis
1554 2869 1699 2939 respoudit
1715 2887 1722 2922 ι

87 2943 173 2998 diruis
185 2944 281 2998 alliiuc
293 2945 417 2999 tredecim
432 2945 460 2998 iu
477 2942 636 3014 [educando
650 2941 795 3025 sepulcrali
808 2952 902 3012 crypta
915 2956 990 2995 omne
1007 2940 1088 3011 ferme
1111 2939 1193 2994 totius
1213 2948 1312 2994 nostre
1329 2939 1447 2994 ecclesie
1465 2942 1647 3022 pauimentum
1671 2938 1723 3009 [uit

85 3013 214 3083 effessum
224 3030 256 3067 eu
269 3030 324 3083 spe,
340 3024 371 3068 ut
387 3015 457 3084 sorte
469 3013 579 3083 aliquod
592 3015 730 3083 uestiptuut
742 3012 856 3081 sepulcri
868 3010 1007 3066 lectorum
1018 3009 1160 3080 llereugeri
1175 3017 1200 3064 et
1222 3008 1371 3064 erutoeis
1383 3008 1555 3064 inueniretur.
1569 3006 1622 3064 Sed
1635 3007 1665 3062 iu
1677 3024 1726 3063 oa·

87 3099 152 3137 uum
164 3081 357 3148 laboravimus,
372 3084 424 3139 etsi
436 3084 504 3137 satis
515 3081 648 3153 profunde
661 3093 760 3136 terram
774 3083 932 3136 eraserimus.
955 3079 1013 3135 Nec
1025 3079 1130 3151 publice
1143 3096 1191 3134 nec
1204 3079 1294 3150 aliquo
1311 3079 1366 3133 elie
1380 3079 1455 3134 cultu
1475 3080 1642 3134 honorantur
1652 3078 1726 3134 leoli

85 3154 141 3208 duo
157 3152 275 3209 eleates.
290 3152 324 3208 lu
339 3153 497 3225 Necrolepie
509 3162 597 3207 tanteu
610 3162 702 3207 uestro
720 3153 857 3222 sequeutia
876 3150 986 3222 lepimus
1000 3166 1010 3205 .·
1026 3168 1036 3203 ι
1050 3165 1077 3204 tt
1095 3148 1190 3205 bertii
1205 3161 1314 3205 sanctus
1325 3150 1412 3204 obitus
1439 3150 1585 3205 lectissimi
1601 3138 1724 3204 Wirnte·

86 3225 141 3289 rtis,
155 3222 265 3277 secundi
278 3224 357 3294 hujus
374 3225 428 3279 loci
447 3224 562 3290 allatis,
582 3238 707 3278 rarorum
727 3222 920 3276 miraculorum
940 3222 1098 3291 patratoris,
1115 3236 1186 3274 aune
1203 3219 1282 3284 llll,
1305 3221 1347 3274 sui
1370 3220 1507 3303 sepiminis
1520 3220 1623 3274 decimo
1642 3234 1724 3285 nerto,

86 3303 152 3349 aute
167 3310 244 3348 oram
260 3292 290 3348 S.
307 3295 401 3350 Crucis
416 3293 525 3364 sepulti.
544 3312 553 3346 ι
572 3291 674 3348 lterum
695 3292 727 3346 de
750 3291 825 3348 leuto
842 3291 1002 3347 Theoderico
1015 3292 1044 3345 iu
1067 3290 1156 3344 eedem
1181 3287 1340 3361 ll'ecrolopio
1356 3289 1476 3361 lepttur:
1502 3308 1513 3343 ι
1528 3305 1559 3344 ιιι
1571 3280 1637 3343 dat.
1654 3286 1726 3343 lulrl

85 3366 148 3435 pius
163 3364 252 3418 clitus
267 3362 435 3431 Theoderici,
452 3364 525 3419 tertii
545 3362 650 3417 ablutis
663 3373 762 3418 nostre·
777 3362 1000 3434 congregationis,
1028 3359 1131 3414 rediens
1153 3359 1333 3430 ierosolyma,
1360 3361 1437 3431 cujus
1458 3359 1632 3431 depositienis
1655 3357 1726 3412 diem

89 3432 175 3489 tr'ious
196 3434 366 3491 utirueulasis
386 3436 468 3505 tiphis
482 3433 553 3489 Deus
568 3433 624 3505 ejus
638 3433 818 3488 humccmiam
832 3431 1007 3502 manifestans
1023 3430 1180 3485 illustrauit.
1199 3449 1209 3482 ι
1226 3428 1261 3483 lit
1283 3429 1410 3484 demum:
1428 3448 1438 3483 ι
1456 3446 1481 3486 rr
1499 3424 1566 3484 ttat.
1587 3428 1657 3484 Nee.
1673 3427 1727 3483 Bt·

88 3505 209 3576 mugetus
224 3515 332 3560 sanctus
346 3516 445 3560 riostroe
456 3504 667 3575 congregationis
682 3500 765 3559 allos
779 3504 882 3573 primes
893 3518 964 3557 auno
975 3498 1055 3557 trus.
1068 3498 1185 3571 Pressit
1197 3500 1232 3555 ll
1243 3499 1357 3555 annis.»
1374 3498 1439 3556 llaec
1452 3515 1546 3557 reram
1563 3498 1728 3556 domestice·

88 3591 152 3631 rum
164 3574 367 3632 scientissimus
381 3572 462 3631 Peter
474 3574 584 3630 Clarus.

558 3894 750 3954 urerentur
770 3893 937 3953 testreet
954 3890 1254 3954 rouueecbhsttttt

263 4066 799 4186 BERENGERI
835 4063 958 4182 m·
995 4061 1552 4182 wlnll'l'ollls

554 4296 810 4392 onorius
844 4294 892 4386 s.
931 4233 1258 4387 euenerunt

797 4506 1022 4656 vern,

430 4732 595 4791 tuerent-2
613 4729 789 4797 (ἱΕιιιιΟιιΟ,
811 4726 1020 4787 cumbusttt)
1038 4726 1398 4786 ubtuttttttst’ttttubttst.

149 4893 241 4969 (built
252 4893 364 4964 quidam
380 4890 572 4948 benedictinus
583 4884 1120 5025 Formbacen'silgeffioittucfftlilmtgffistserii
1133 4885 1178 4941 sal
1197 4884 1259 4942 ood.
1276 4897 1328 4939 ms
1339 4923 1350 4950 ,¹
1365 4881 1452 4939 elidit
1464 4880 1497 4938 tt.
1517 4881 1549 4938 B.
1562 4880 1671 4949 Putes,

795 5116 1008 5136 μ

157 5299 277 5385 lucipit
295 5298 451 5382 Prologus
465 5299 608 5365 Gethohi
623 5294 961 5457 ριωιέοθεΐιθιὲῧιέῑιίιιὲῗῗ
979 5287 1133 5434 irrrrffiiss
1156 5288 1190 5351 le
1213 5284 1304 5350 vites
1323 5286 1490 5349 beatorem
1515 5282 1669 5344 ebbetum

133 5553 203 5613 blm
219 5552 375 5622 clementie,
407 5566 469 5625 quae
493 5549 659 5621 ubicunque,
676 5545 887 5617 quibuscunque
941 5531 1041 5614 sperit,
1064 5547 1094 5595 et
1108 5536 1215 5593 audiret
1225 5531 1342 5607 gentitus
1354 5527 1583 5600 compeditorum,
1592 5534 1621 5582 et
1639 5526 1727 5584 solve·

96 5633 251 5704 murelum
265 5645 375 5702 diritlas
389 5642 518 5700 bonitetis
534 5656 592 5697 suae
606 5654 656 5696 suo
668 5635 799 5709 impendit
810 5635 889 5691 bene
942 5640 984 5690 ret
996 5632 1105 5687 vineata
1120 5628 1292 5686 alllictorem.
1307 5624 1390 5681 Terra
1400 5622 1474 5680 enlm
1485 5627 1590 5687 nostra,
1602 5631 1665 5690 que
1675 5617 1727 5675 ali·

97 5739 172 5805 dcis,
196 5753 259 5795 cum
286 5736 360 5794 uenit
389 5744 495 5805 tenipus
523 5729 680 5799 miserendi,
692 5730 726 5787 de
743 5728 813 5787 ccelo
826 5742 890 5799 pro
942 5721 1196 5799 quandograediee
1207 5726 1381 5793 peecatorem
1396 5728 1538 5788 measse,
1554 5708 1727 5769 auhomlru
