3892 6067
193 197 248 257 lul
675 194 827 255 GEiillOlll
849 194 1042 255 iliAEPOSlTl
1062 194 1338 254 RElGilEllSl’EiiG.
1673 250 1680 265 ,
1763 196 1823 255 llll

192 310 248 370 lus.
266 310 357 379 «Quis
370 326 415 366 me
425 308 552 365 liberabit
567 308 601 367 dc
615 323 731 381 corpore
742 311 839 371 mortis
854 312 956 384 liujus?
970 332 981 365 r
998 312 1066 371 lide
1083 313 1225 385 praeceptis
1237 310 1321 369 diuini
1333 309 1473 383 preconii,
1488 308 1516 364 in
1527 307 1648 365 secundo
1661 308 1694 365 tle
1709 324 1825 380 perrer-

192 403 281 473 (llom.
297 400 442 471 ernstii.»
459 399 597 472 Fiiqeseo,
618 401 982 475 nullussollit,nisiqretia
1032 406 1114 462 situle
1135 402 1384 476 mundiluqienda,
1400 401 1426 457 in
1451 400 1532 457 tertio
1553 400 1587 456 de
1608 402 1824 473 congregatione
1942 400 1943 477 ]

192 494 252 562 Dei,
264 494 312 565 qui
332 492 430 547 emittit
454 491 560 549 acriam
574 492 818 553 anameleuiente
832 495 915 552 uerbo
932 509 983 553 nec
1032 495 1170 554 Ecclesia.
1195 493 1224 550 lu
1246 502 1346 566 quarto
1369 493 1490 550 collectae
1519 491 1547 547 in
1570 507 1654 547 unam
1680 493 1823 549 ciuitatem
1869 492 1879 511 ‘

190 582 278 656 iriqus
302 582 391 639 nivale
415 597 467 641 nec
492 584 647 641 obscuritas
672 585 788 654 nebulae,
809 602 860 644 nee
880 586 981 643 duritia
1032 588 1127 645 laudes
1151 587 1269 659 imperat
1296 585 1415 657 Spiritus
1436 585 1551 656 loquens
1571 584 1599 640 in
1625 584 1670 640 his
1693 582 1821 657 psalmis.

189 672 312 745 crystalli
335 672 470 749 desperet.
492 670 645 729 salubriter
667 674 822 746 liquellunt,
837 686 865 733 et
879 674 982 731 lluenta
1032 678 1107 736 illius
1120 676 1240 735 civitatis
1253 680 1348 743 cborc,
1363 676 1396 732 dc
1411 670 1508 732 muudi
1522 675 1647 748 partibus
1661 686 1823 748 aggregato,
1942 724 1943 727 ,

189 762 315 821 bertelicii
330 763 461 834 spiritalis
471 763 643 834 profundunt
653 763 726 834 aliis,
738 779 792 821 uon
808 781 858 823 sua
869 766 981 834 virtute,
1032 771 1103 828 trina
1113 768 1296 827 exsultatione
1316 767 1454 825 subnectit
1466 766 1639 839 gaudendum
1653 782 1726 835 esse,
1744 776 1773 823 ut
1793 769 1822 823 in

189 854 238 912 sed
253 854 327 912 illitis
344 869 469 910 muniit·
1033 863 1086 921 boc
1100 876 1183 934 opero
1205 860 1292 934 qratia
1314 857 1457 916 Trinitatis
1481 859 1598 930 eluceat,
1623 874 1707 930 quam
1736 857 1822 916 trium

189 1040 296 1095 ”ellim
307 1036 599 1110 ⁸⁸⁴¹⁸²i⁸fi¹⁶⁰⁶illl¹3lille
609 1053 658 1111 W
668 1039 844 1111 &militium
861 1037 889 1093 1¹¹
899 1052 983 1096 ‘illle
1032 1058 1109 1104 auat.
1123 1046 1189 1104 Post
1203 1063 1299 1105 omnes
1313 1046 1387 1102 euim
1407 1046 1530 1116 psalmos
1545 1045 1580 1102 de
1600 1044 1717 1115 diuersis
1732 1058 1824 1101 mate·

190 1146 324 1203 apparens
346 1131 516 1186 ornantiuait
540 1134 647 1189 aeriam
671 1148 760 1200 roam,
786 1132 820 1188 de
845 1146 902 1203 quc
923 1130 983 1202 ipse
1032 1141 1081 1197 riis
1095 1140 1252 1212 praemissos
1267 1137 1375 1195 taudem
1391 1136 1471 1208 quasi
1488 1135 1582 1192 choris
1603 1136 1637 1191 ad
1651 1135 1824 1191 laudandum

189 1223 281 1280 dixit:
297 1221 346 1278 «Et
358 1237 513 1281 sermonem
526 1236 608 1292 quem
623 1222 750 1291 audistis,
764 1238 820 1278 non
836 1231 879 1279 est
888 1237 979 1292 meus,
1032 1227 1188 1287 constitutis
1201 1216 1341 1285 intonante
1355 1225 1529 1283 multitudine
1541 1224 1672 1297 incipitur
1684 1222 1746 1281 laus
1758 1226 1824 1281 uni-

189 1316 316 1388 ceticius,
326 1317 372 1387 qui
385 1312 984 1385 misitme,Patris(lean.1tv,il).rinnan·
1032 1317 1147 1374 cerealis
1169 1333 1233 1374 eum
1250 1316 1431 1388 jubilantibus
1455 1330 1582 1372 uncesua
1608 1315 1744 1372 creaturis
1759 1315 1825 1370 uni·

190 1409 320 1478 tioterqo
335 1409 531 1463 certaminum
545 1403 640 1473 local,
652 1405 756 1478 juniori
770 1404 881 1479 populo,
908 1404 982 1463 Esau
1033 1408 1129 1477 tersis,
1151 1408 1354 1479 continuusque
1376 1416 1526 1464 concentus
1548 1406 1652 1477 absque
1681 1406 1824 1464 intermis-

188 1496 274 1553 lratre
291 1497 401 1553 seniore
422 1495 491 1554 luris
509 1507 654 1567 cuetipato,
669 1495 983 1568 ludaicotidelieetpo·
1033 1498 1122 1567 sione,
1149 1498 1210 1555 sine
1232 1496 1392 1566 interstitio,
1413 1492 1563 1553 clamorem
1583 1495 1706 1554 extetmit
1721 1495 1822 1564 tribus,

186 1590 254 1663 pulo
267 1598 295 1644 et
309 1589 430 1660 quolibet
448 1589 564 1657 curtiali,
588 1590 782 1647 venationibus
798 1605 891 1646 rerum
912 1599 983 1645 lem-
1032 1589 1081 1660 qui
1099 1598 1246 1660 supersunt
1256 1587 1379 1660 psalmis.

186 1681 322 1755 paralium
339 1681 441 1737 dedito.
454 1679 524 1737 iluic
537 1678 622 1736 lecal
634 1680 751 1752 simplici
769 1696 832 1739 cum
845 1680 981 1748 Rebecca,
997 1649 1019 1704 Β
1067 1680 1160 1737 Primo
1174 1680 1293 1751 Spiritus
1308 1691 1429 1747 sanetus,
1443 1680 1490 1753 qui
1506 1688 1549 1737 est
1561 1677 1694 1750 claritas,
1710 1680 1779 1737 dicit
1794 1680 1824 1738 ln

188 1773 215 1830 id
229 1784 272 1831 est
286 1788 350 1830 cum
364 1773 498 1844 patientia
514 1772 542 1826 in
558 1773 746 1829 tabernaculis
764 1772 916 1844 quiescenti
930 1790 981 1827 ua·
1033 1772 1111 1839 titulo
1127 1762 1254 1827 Alleluia.
1267 1770 1330 1827 llox
1344 1771 1423 1842 quasi
1439 1770 1548 1828 titulum
1564 1770 1726 1843 exponendo
1736 1771 1823 1828 dicit:

187 1865 292 1919 nuntiat
301 1863 426 1933 justitias
443 1872 469 1918 et
480 1863 589 1932 judicia
600 1879 661 1931 aaa,
678 1862 805 1921 videlicet
818 1862 893 1935 quud
903 1862 982 1933 justo
1032 1862 1153 1919 latrante
1171 1861 1313 1935 Dominam
1324 1862 1355 1917 de
1368 1861 1449 1931 calis,
1465 1861 1572 1917 laudale
1585 1878 1645 1918 eum
1655 1863 1684 1917 in
1700 1861 1823 1920 ecceltlt.

186 1955 290 2026 judicio
306 1954 389 2023 Esau,
413 1954 496 2011 idest
510 1955 629 2026 quisque
643 1956 763 2014 carnalis
786 1955 981 2027 temporalium
1032 1956 1138 2014 Laudat
1161 1956 1313 2013 coeleslium
1342 1955 1456 2023 chorus,
1475 1954 1588 2011 laudant
1610 1970 1707 2012 omnes
1721 1954 1824 2028 angeli,

187 2056 312 2112 certator,
340 2046 400 2103 sive
417 2044 529 2103 iudaeus
551 2045 610 2103 siue
628 2047 740 2120 gentilis
764 2046 938 2121 reprobatur,
954 2057 983 2103 et
1033 2042 1147 2107 laudaut
1157 2063 1253 2104 omnies
1267 2046 1393 2115 uirtutes,
1412 2045 1526 2102 laudant
1540 2045 1633 2103 omnia
1648 2046 1770 2103 caterua
1782 2044 1826 2102 ni·

187 2136 270 2193 lacot
288 2137 405 2209 simplex
419 2137 602 2195 benedicitur.
1033 2140 1121 2197 sibilia
1147 2154 1195 2195 seu
1221 2130 1382 2193 invisibilia.
1401 2132 1511 2203 Quare?
1528 2133 1616 2202 «Quia
1637 2135 1698 2207 ipse
1712 2135 1826 2193 dixitet

225 2225 307 2285 Vens.
323 2225 448 2283 milon
462 2229 525 2300 iecit
538 2229 629 2285 taliter
649 2231 722 2285 omui
738 2230 853 2298 nationi,
865 2229 982 2300 qualiter
1032 2229 1104 2286 laeta
1129 2241 1203 2296 suala,
1227 2230 1285 2299 ipse
1308 2227 1448 2285 mandauit
1473 2212 1502 2282 et
1525 2234 1618 2282 ereata
1646 2234 1712 2283 sunl
1734 2223 1823 2300 (Paul.
1942 2274 1943 2283 ,

188 2319 253 2375 lecit
265 2318 358 2376 Israeli
370 2320 553 2392 undecunque
566 2321 714 2377 carnaliter
724 2322 826 2393 genito,
839 2322 888 2377 sed
902 2330 983 2376 aeter·
1032 2319 1218 2388 exituum.»
1235 2318 1337 2375 Deinde
1357 2318 1450 2373 laudnt
1473 2325 1544 2374 terra
1565 2326 1593 2374 et
1615 2318 1826 2377 oninlaterret-
1942 2322 1943 2325 ’

188 2412 287 2468 namet·
300 2411 412 2480 dilecto,
433 2411 507 2469 sicut
520 2426 554 2469 cx
567 2427 685 2484 persona
699 2410 787 2483 ipsius
811 2412 858 2469 liei
876 2412 981 2468 dictum
1032 2413 1096 2476 tria,
1111 2412 1175 2483 quia
1191 2410 1321 2475 visitavit,
1336 2424 1418 2480 quatu
1433 2400 1585 2477 creaverat,
1597 2417 1699 2466 tertam
1714 2414 1743 2467 el
1759 2409 1827 2468 lecit

187 2513 227 2558 est
240 2521 247 2559 ι
259 2523 268 2553 ‹
280 2501 365 2559 iacob
377 2502 475 2571 dilexi,
489 2503 560 2561 &aa
575 2514 666 2562 autem
680 2505 744 2563 odic
757 2504 840 2562 habui
850 2503 981 2572 illelmi.
1033 2513 1063 2558 ut
1072 2510 1145 2558 esset
1154 2497 1292 2556 cuulesslo
1306 2499 1366 2569 ejus
1380 2513 1435 2554 non
1450 2498 1539 2554 solum
1552 2513 1635 2569 super
1652 2500 1763 2568 eoelum,
1776 2501 1825 2558 serl

188 2609 209 2660 t,
224 2593 253 2661 2,
264 2593 323 2667 5).»
342 2592 459 2650 Nomine
473 2594 569 2664 lacot,
583 2596 630 2667 qui
647 2605 675 2651 et
687 2595 782 2661 lsrael,
791 2596 983 2668 significantur
1031 2603 1059 2651 ct
1070 2607 1153 2665 super
1167 2601 1278 2647 tertam.
1292 2586 1364 2662 Erqo
1376 2590 1492 2645 materia
1503 2588 1616 2645 lattllum
1630 2590 1714 2661 italus
1726 2590 1826 2663 psalmi

188 2701 284 2742 omnes
297 2685 377 2743 electi
392 2697 419 2743 et
432 2684 499 2751 lieo,
511 2694 659 2758 antequam
676 2695 867 2754 nascerentur,
878 2686 981 2751 dilecti,
1033 2696 1084 2752 est,
1099 2682 1172 2757 quod
1184 2691 1282 2739 cutrcta
1302 2682 1418 2749 creavit,
1431 2693 1459 2738 et
1474 2696 1560 2755 penus
1576 2683 1728 2738 humanum
1745 2683 1826 2739 rede·

105 2819 107 2823 .
187 2777 289 2846 qulbus
310 2786 458 2849 antequam
487 2786 590 2845 essent,
616 2788 644 2834 et
664 2790 811 2851 antequam
831 2779 982 2851 quidquam
1034 2780 1092 2836 mit.
1107 2775 1236 2851 Sequenti
1256 2776 1363 2847 psalmo
1378 2774 1471 2831 itidem
1494 2773 1616 2845 Spiritus
1628 2783 1743 2832 sanctos
1757 2774 1827 2832 fficit
1942 2806 1943 2809 =

188 2868 253 2925 boni
267 2870 309 2925 vel
322 2870 387 2925 mali
401 2868 532 2935 lacerent,
547 2869 617 2927 bene
631 2869 695 2927 lecit
708 2868 778 2927 Deus
794 2886 842 2927 eus
856 2871 890 2928 ad
905 2872 982 2929 salu·
1032 2866 1159 2925 Alleluia.
1175 2866 1288 2925 Caritate
1298 2852 1411 2921 Dounino
1425 2865 1560 2921 canticum
1574 2880 1680 2930 norum,
1696 2864 1757 2919 laec
1766 2864 1826 2935 ejas

189 2964 243 3015 mun
258 2958 485 3029 pradestinandu.
509 2956 571 3013 Non
585 2959 647 3031 lecit
664 2958 754 3016 taliter
771 2961 843 3014 omni
866 2960 980 3026 nationi,
996 2975 1018 3039 c
1033 2963 1061 3018 in
1090 2956 1210 3017 Ecclesia
1236 2952 1399 3016 sanctorum.
1420 2952 1531 3024 Quare?
1547 2954 1619 3020 Quia
1632 2954 1826 3025 letteplaclteurt
1942 2998 1943 3049 ἰ

187 3061 212 3107 et
220 3050 326 3120 judicia
341 3068 390 3104 aaa
408 3066 460 3104 raon
476 3050 657 3121 auauiiertauil
677 3052 727 3119 eia,
747 3050 883 3114 uidelicet,
897 3062 982 3122 quare
1032 3065 1082 3122 ert,
1097 3053 1198 3127 inquit,
1216 3051 1328 3108 Domina
1343 3052 1372 3106 in
1385 3048 1483 3120 papale
1496 3063 1555 3116 aaa,
1569 3046 1634 3119 qula
1653 3046 1827 3104 resultabant
1942 3064 1943 3075 ¹

188 3142 263 3196 ltunc
284 3140 396 3211 elegerit
419 3139 608 3212 potiusquam
635 3141 721 3208 bunc,
745 3158 808 3197 cum
832 3155 921 3212 neque
938 3141 983 3198 ille
1032 3142 1119 3200 saneti
1139 3145 1167 3198 in
1189 3140 1286 3215 plotio,
1301 3141 1366 3213 qula
1384 3141 1575 3196 exsultationes
1597 3138 1648 3195 bei
1668 3141 1697 3194 in
1717 3146 1827 3211 pultare

188 3246 277 3301 neque
300 3231 351 3286 iste
366 3231 481 3303 gratiam
506 3231 719 3302 praevenientem
736 3233 921 3303 promeruerit
939 3224 983 3287 tel
1031 3252 1137 3304 eoram,
1148 3236 1214 3307 qula
1229 3233 1314 3305 pladii
1328 3233 1459 3305 atteipltea
1486 3233 1514 3287 bt
1536 3230 1659 3287 manibus
1673 3245 1766 3286 eorum
1789 3228 1826 3285 ut

188 3321 364 3389 demeruerit,
381 3322 454 3378 sieut
469 3321 497 3376 in
513 3321 621 3378 duobus
637 3322 754 3395 geminis
769 3320 841 3378 Esau
856 3330 884 3379 et
897 3320 983 3379 Jacob
1032 3320 1182 3399 faciendam
1196 3326 1340 3381 uindictam
1350 3322 1379 3380 ln
1390 3323 1555 3391 nationibus,
1577 3331 1607 3378 at
1621 3322 1725 3393 faciant
1741 3322 1771 3377 ia
1785 3322 1827 3378 ele

189 3411 309 3467 ostendit
322 3412 452 3484 populiis,
466 3413 514 3482 qul
532 3422 558 3467 cl
573 3410 715 3468 admirans
734 3412 792 3467 llaec
812 3411 915 3483 judicii
929 3410 982 3468 sibl
1027 3420 1162 3493 judicium
1177 3418 1366 3489 conscriptum,
1378 3416 1451 3489 Ergo
1466 3414 1581 3473 materia
1594 3414 1693 3471 cantici
1709 3414 1753 3470 vel
1763 3414 1827 3470 lau.

189 3506 362 3573 nnnuntiala,
377 3503 440 3561 licet
455 3518 510 3560 non
536 3505 615 3576 plene
630 3502 814 3574 manifestata,
830 3504 981 3560 exclamat:
1032 3510 1076 3569 (tls
1088 3513 1115 3567 ln
1129 3511 1183 3567 hoe
1197 3510 1303 3582 psalmo
1317 3509 1382 3566 inde
1404 3517 1456 3574 ast,
1471 3508 1546 3583 quod
1570 3507 1702 3565 saeeulum
1713 3503 1826 3578 ludica·

192 3593 375 3651 ‹Oiltitudo
391 3595 550 3651 divitiarum
570 3595 711 3667 sapientiae
727 3605 755 3652 et
778 3596 900 3652 scientiae
922 3594 981 3665 liei,
1031 3606 1082 3672 pii,
1098 3614 1246 3663 ersanetns
1269 3610 1336 3661 suos
1352 3602 1497 3676 injudicio
1516 3598 1690 3675 glorificabit·
1713 3597 1826 3656 Psalmo

190 3702 272 3759 quun
295 3686 584 3758 incontnrehensibiia
599 3687 780 3758 santionem
796 3687 868 3759 eius,
889 3696 917 3745 el
937 3688 982 3743 in·
1032 3696 1310 3757 clermontanum
1324 3693 1599 3767 spnluseunmns
1613 3688 1827 3759 attererem·-

189 3777 363 3850 WSllllibssiS
375 3779 427 3834 Vlae
441 3778 537 3850 &1⁰⁸5
554 3778 642 3851 istm·
659 3794 698 3847 ¹¹2
712 3778 771 3845 53)
1032 3790 1094 3846 date
1106 3789 1250 3844 Dantinaat
1272 3789 1301 3843 ia
1320 3773 1420 3844 sanctie
1434 3785 1502 3856 ejus,
1525 3784 1635 3841 laudale
1648 3799 1708 3840 mm
1730 3784 1759 3838 itt
1772 3782 1824 3853 fir·

226 3868 320 3926 Gloria
333 3868 412 3925 Petri
426 3871 560 3927 emittenti
571 3868 692 3928 Verbum
703 3884 796 3928 suum.
805 3869 897 3928 Gloria
908 3872 982 3929 Filio
1032 3890 1164 3937 memento
1174 3881 1280 3936 sternite
1293 3880 1362 3949 eius.
1376 3875 1508 3945 laudate,
1521 3875 1598 3944 dicit,
1605 3885 1633 3933 et
1643 3875 1746 3931 nullam
1755 3888 1824 3931 cau·

190 3961 242 4035 lpsi
258 3959 358 4019 Verbo.
374 3960 467 4018 Gloria
487 3960 601 4033 Spiritui
615 3970 718 4032 saneta,
732 3979 788 4035 quo
802 3963 884 4021 laute
896 3963 982 4022 fluent
1032 3987 1103 4040 sam,
1118 3986 1168 4027 eur
1188 3968 1465 4040 laudent,eub1unqit
1479 3976 1527 4042 aut
1544 3966 1705 4038 interponit,
1726 3965 1824 4036 sicque

189 4068 278 4124 ilidii·
296 4054 393 4110 Amen·
1032 4064 1171 4122 concludit
1182 4062 1217 4120 all
1228 4064 1354 4119 ultimum
1368 4080 1376 4118 :
1390 4060 1483 4117 Omnis
1500 4061 1610 4131 spiritur
1626 4058 1717 4115 laudet
1732 4055 1825 4112 borni-

227 4144 261 4202 llt
272 4146 330 4218 jam
345 4145 473 4217 superius
485 4144 702 4217 designavimus,
717 4145 861 4202 notissimi
875 4154 981 4218 septem
1032 4173 1106 4213 nrum.
1125 4153 1197 4227 Ergo
1218 4155 1334 4210 materia
1352 4152 1466 4209 laudum
1488 4152 1516 4207 in
1533 4150 1585 4208 hoe
1599 4149 1705 4222 psalmo
1720 4149 1765 4203 ille
1781 4157 1826 4205 est

188 4238 286 4315 psalmi
307 4229 435 4295 texuntur
448 4240 476 4295 in
491 4239 570 4295 laude
585 4238 644 4308 bei,
658 4254 776 4311 quorum
788 4239 846 4311 jam
863 4249 982 4312 qualuut
1032 4244 1117 4302 lutari
1129 4245 1221 4302 saeculi
1235 4241 1374 4299 beatitudo
1388 4241 1534 4298 ineffabilis
1547 4240 1588 4297 rel
1601 4239 1692 4313 qualis
1705 4254 1761 4294 nou
1771 4254 1823 4310 po-

190 4330 383 4402 praemislmus,
406 4331 508 4402 quibus
532 4330 623 4387 adbuc
648 4339 704 4387 tres
728 4331 889 4387 adnecteudl
905 4339 980 4399 sunt,
998 4315 1019 4370 ὓ
1035 4336 1162 4405 residiat,
1176 4350 1232 4391 non
1245 4344 1334 4406 polest
1358 4334 1487 4402 ratimari,
1501 4348 1582 4405 quam
1599 4332 1697 4389 acutius
1712 4346 1769 4388 non
1783 4330 1824 4387 rt-

190 4421 237 4492 qni
252 4421 304 4477 sub
320 4438 375 4479 una
394 4424 479 4495 pluria
494 4423 582 4479 solent
597 4421 769 4493 pronuntiari
784 4421 819 4479 ad
832 4423 982 4479 ostenden·
1034 4428 1084 4497 ulit,
1109 4443 1192 4499 quam
1207 4427 1283 4484 auris
1307 4440 1362 4485 nou
1385 4426 1500 4496 audiuit,
1522 4442 1584 4499 quae
1596 4425 1624 4485 in
1638 4440 1686 4482 eor
1701 4424 1824 4483 hominis

191 4508 253 4567 dam
269 4513 384 4585 gloriam
397 4528 513 4570 summae
534 4511 688 4568 'lu-initalia.
704 4511 732 4566 lu
757 4520 876 4583 quatuor
888 4523 979 4569 autem
1034 4534 1087 4574 uon
1102 4517 1234 4574 ascendit.

191 4605 406 4675 precedentibus
421 4605 631 4662 decentissimus
650 4605 719 4660 ardu
734 4604 832 4662 elucet.
849 4602 878 4661 lu
889 4605 980 4677 primo

190 4766 466 4791 Μαι-ιι-

690 4916 692 4920 ‘
730 4960 995 5057 ustinus
1030 4961 1286 5059 exuunt.

226 5323 347 5382 laudale
362 5323 503 5380 marium
518 5322 549 5379 le
562 5323 646 5379 celle.
1033 5324 1215 5396 expositione.
1234 5322 1395 5397 illicientia
1421 5330 1511 5380 lamen
1536 5330 1580 5379 est
1603 5319 1767 5387 mumma,
1788 5326 1821 5377 ttt

225 5415 342 5485 otiliam
358 5416 466 5473 codices
477 5416 579 5473 babent
593 5416 621 5471 in
636 5415 718 5488 titulo
729 5434 737 5473 r
748 5414 873 5474 Pstteus
885 5416 978 5471 lecet
1031 5426 1168 5474 memoret
1178 5417 1249 5473 inter
1258 5416 1333 5473 cives
1342 5413 1489 5488 Babylonis
1506 5413 1607 5470 citiam
1621 5426 1820 5485 supernarum,

191 5522 223 5583 ua
247 5508 401 5565 incutere.
424 5496 571 5566 inimum.
599 5508 694 5581 (lens.
709 5509 736 5580 l)
760 5508 814 5577 Qui
834 5509 932 5565 titulus
949 5510 978 5565 iu
1032 5507 1117 5565 mum
1127 5507 1229 5580 Jupiter
1241 5506 1422 5574 laudantium,
1437 5514 1594 5577 contempta
1608 5503 1747 5577 babylone
1754 5516 1819 5561 sur·

193 5598 354 5667 pracedeuti
384 5598 490 5670 psalmo
506 5601 648 5672 expositus
671 5615 727 5658 non
753 5600 856 5673 indiget
882 5601 978 5658 iterata
1031 5616 1091 5658 sum
1115 5600 1198 5656 eorda
1222 5598 1355 5665 levemus,
1368 5608 1395 5655 et
1419 5597 1522 5671 anqelis
1543 5596 1627 5655 mum
1642 5594 1819 5656 laudantibus
