3892 6067
140 179 200 235 rua
446 167 725 232 couucurantuu
745 169 968 233 turstenus
988 207 1022 219 -
1034 165 1124 235 rsus
1143 175 1210 232 unt.
1223 208 1260 220 -
1276 176 1374 240 nsua,
1394 176 1500 248 trau.
1735 175 1789 239 tto

140 291 272 347 debiturn
288 287 477 346 necessarium
493 285 671 359 perfeetionis
685 287 877 348 holocaustum
897 303 945 344 ru·
960 294 984 362 g
998 289 1186 361 respicientes,
1202 290 1276 348 sicut
1291 288 1413 347 medium
1425 298 1549 348 centrum
1563 289 1685 349 circulus
1695 307 1789 363 equa-

141 381 309 450 lu..tarium,
326 389 356 435 ut
369 378 944 451 sintquasionesdetunsa‹umnesgemeb
995 380 1058 438 liter
1070 383 1277 440 circumductus
1293 397 1348 439 non
1370 381 1476 439 babens
1504 383 1647 454 angulum.
1670 383 1787 457 Superbi

142 476 182 530 lis
194 473 332 539 letibus»
352 472 425 528 sieut
435 471 463 526 in
479 469 602 527 Caturicis
614 471 784 528 canticorum
796 473 846 543 (ru,
864 471 894 536 ι)
903 471 944 528 ιι·
995 489 1156 532 ascensores
1181 490 1328 545 equorum,
1348 474 1397 544 qui
1421 474 1553 530 dicuutur
1568 476 1595 531 in
1613 475 1666 534 hoe
1681 477 1788 548 psalmo

142 567 232 639 gitur,
246 564 291 622 isti
308 563 475 620 sufficienter
489 571 517 618 et
526 562 839 620 obedienteraudierunt
849 578 943 619 rocem
993 567 1110 637 Assyrii,
1133 564 1362 639 sigularitatisrel
1379 565 1532 638 hypocrisis
1556 566 1673 638 alicujus
1686 568 1788 625 habent

142 674 178 716 se
202 658 342 713 monentis
358 665 387 712 et
409 656 547 713 dicentis:
566 654 698 713 l'noeteet
713 658 815 714 reddite
830 656 943 714 donnino
993 658 1119 729 angulos,
1132 666 1160 713 et
1184 657 1312 713 nituntur
1334 658 1490 725 ueritatem,
1513 672 1575 728 que
1602 659 1731 715 omnibus
1756 675 1787 717 se

142 751 202 806 Deo
217 759 314 805 uestro.
993 747 1181 819 quarentibus
1193 747 1282 804 media
1292 760 1320 804 et
1335 747 1489 803 eommunis
1500 755 1551 816 est,
1565 748 1592 804 in
1612 762 1717 820 partem
1729 759 1786 804 tra-

183 841 334 897 Seiendum
350 856 418 897 saue
432 840 507 910 quod
532 856 594 912 quoe
617 849 681 897 ante
703 851 798 899 sotum
821 842 880 899 lieri
900 843 944 900 vel
993 837 1060 897 here
1083 839 1199 896 dicendo
1213 859 1220 896 z
1235 858 1245 889 r
1262 837 1458 907 Eceebie,aut
1471 855 1535 896 eece
1555 841 1610 897 illic
1623 840 1699 912 (Luc.
1718 857 1785 910 auur,

142 948 202 989 uon
220 932 280 988 lieri
296 931 384 999 licuit,
400 939 568 1001 posttotum
582 932 753 1002 pretermitti
769 948 824 989 non
840 932 942 991 licebit.
992 931 1050 1004 al).
1069 950 1079 985 t
1102 929 1156 987 Sed
1180 930 1300 994 humiles
1324 931 1449 989 ueritatis
1466 940 1604 988 amatores
1620 932 1647 986 in
1670 934 1787 988 circuitu

141 1023 177 1082 ln
192 1024 353 1095 hujusmodi
368 1039 489 1096 namque
504 1023 597 1080 iuuere
616 1026 784 1095 permittitur
797 1027 942 1095 uoluntati,
993 1023 1051 1094 ejus
1065 1023 1104 1080 ita
1125 1024 1292 1092 consistunt,
1309 1035 1340 1079 ut
1365 1040 1427 1080 eam
1446 1024 1631 1081 communiter
1654 1023 1786 1090 habeant,

142 1121 193 1177 sed
211 1120 348 1191 promissa
371 1118 485 1174 reddere
515 1119 665 1177 ascribitur
685 1122 853 1192 necessitati,
877 1123 943 1195 quia
993 1131 1082 1188 neque
1107 1115 1135 1172 in
1161 1115 1277 1189 angulos
1297 1116 1497 1189 singularitatis
1524 1116 1642 1187 1Ιί1111111
1665 1117 1785 1182 imitant:

142 1223 242 1267 sotum
259 1227 314 1266 nou
337 1210 427 1267 solum
452 1208 638 1281 praeuarieari,
661 1212 710 1269 sed
730 1212 800 1269 uelle
813 1213 943 1285 praecari·
993 1206 1090 1264 Under
1104 1207 1132 1262 in
1152 1208 1243 1264 medio
1258 1225 1268 1260 t
1282 1208 1377 1264 talium
1389 1209 1465 1265 stetit
1480 1227 1490 1261 r
1503 1205 1595 1274 iesus,
1610 1217 1638 1277 et
1648 1207 1785 1264 dixiteis:

142 1305 216 1372 cari,
242 1303 376 1373 Apostolo
397 1302 557 1375 judicante,
574 1304 688 1362 omnino
712 1306 869 1363 damnabile
889 1315 941 1376 est,
991 1315 1046 1372 1³³¹
1071 1299 1150 1357 vultis
1177 1299 1253 1368 (Luc-
1271 1318 1346 1368 mv,
1362 1300 1419 1372 5ssl·
1440 1321 1449 1355 t
1477 1300 1505 1355 in
1530 1301 1632 1371 medio,
1656 1300 1785 1373 inquunt.

141 1396 193 1467 qui
211 1394 247 1451 de
261 1395 353 1450 uiduis
364 1393 421 1451 beo
435 1394 553 1464 deuotis,
567 1411 623 1452 non
639 1395 750 1467 quidem
764 1395 941 1465 nubentibus,
991 1393 1190 1466 discipulorum
1206 1395 1292 1462 stetit,
1304 1411 1358 1453 non
1373 1396 1401 1450 in
1415 1395 1515 1466 angulo
1530 1403 1561 1451 ut
1574 1410 1681 1463 omnes,
1695 1397 1742 1467 qui
1758 1398 1788 1452 iu

141 1486 194 1544 sed
210 1488 316 1543 nubere
328 1487 485 1543 volentibus
504 1487 619 1561 judicat,
641 1488 715 1559 quod
735 1487 941 1545 damnationem
990 1486 1104 1541 circuitu
1117 1486 1174 1557 ejus
1188 1495 1277 1555 crant,
1296 1494 1409 1558 possent
1428 1500 1494 1541 eum
1516 1486 1701 1544 communiter
1730 1488 1779 1544 ad·

140 1580 259 1648 babent,
276 1580 343 1651 quia
361 1599 370 1632 r
388 1580 506 1651 primam
532 1580 612 1636 fldem
636 1579 743 1636 irritam
766 1579 890 1636 lecerunt
913 1579 941 1650 (l
992 1592 1082 1644 orare,
1100 1592 1250 1649 pacemque
1262 1578 1297 1633 ab
1313 1577 1359 1633 illo
1379 1577 1555 1649 imprecatum
1580 1577 1781 1635 indissimiliter

143 1671 217 1728 Tim.
234 1688 261 1739 v,
280 1671 337 1742 ιι).
353 1690 363 1725 t
386 1670 415 1726 st
439 1680 530 1728 autem
543 1681 638 1728 votum
654 1673 712 1728 sola
728 1673 868 1728 uoluntate
887 1670 943 1727 lra-
958 1669 980 1725 B
994 1673 1128 1742 accipere.
1153 1669 1212 1726 Non
1233 1671 1274 1727 sic
1288 1671 1420 1738 heretici,
1432 1686 1488 1727 non
1502 1671 1543 1728 sic
1558 1670 1717 1744 hypocrita,
1729 1687 1786 1728 uon

140 1772 221 1820 ctum
235 1763 395 1830 damnatur,
413 1772 518 1833 quanto
533 1764 620 1835 magis
635 1763 787 1819 indubitata
802 1772 844 1820 est
863 1765 942 1820 dam·
991 1763 1034 1820 sie
1045 1762 1128 1819 uariae
1145 1770 1227 1819 seete
1241 1762 1324 1818 nimis
1334 1761 1484 1833 gloriantes
1502 1761 1530 1816 in
1554 1776 1668 1819 suarum
1690 1763 1788 1819 ohser-

142 1852 223 1907 natio
248 1851 485 1922 prevaricationis
510 1867 593 1923 opere
607 1868 661 1909 non
687 1853 776 1912 solum
800 1853 942 1908 uoluntate
992 1855 1149 1910 raetiarum
1163 1868 1212 1909 seu
1233 1849 1422 1909 doctrinarum
1437 1851 1630 1925 singularitate
1655 1863 1787 1925 tanquam

141 1941 285 2008 affectato,
300 1942 349 1997 sed
368 1942 450 1998 etiarn
472 1943 616 1999 actualiter
630 1943 804 2015 perpetrato?
823 1941 942 1999 Proinde
992 1945 1020 2003 in
1031 1945 1140 2017 angulis
1155 1953 1267 2001 orantes
1281 1952 1310 2000 et
1327 1944 1356 1999 in
1379 1942 1468 2015 capit'e
1482 1943 1607 2000 omnium
1621 1946 1785 2016 platearum,

141 2043 232 2088 aurete
255 2044 280 2088 et
305 2034 417 2102 reddite,
432 2035 455 2090 si
481 2037 597 2102 normis,
612 2035 716 2091 reddite
741 2051 774 2092 uc
790 2036 844 2091 roti
860 2034 941 2091 ildmn
991 2037 1058 2093 dum
1072 2043 1100 2092 et
1110 2043 1240 2107 aspectus
1258 2036 1401 2092 hominum
1414 2035 1618 2108 quodammodo
1633 2036 1786 2112 refugiunt,

141 2125 274 2182 faciendo
288 2125 395 2181 irritam
410 2126 472 2181 sitis
486 2126 646 2182 damnandi.
671 2124 744 2184 Sane
764 2137 827 2183 ante
846 2136 941 2183 notrum
991 2137 1120 2185 ettamen
1133 2127 1218 2184 videri
1229 2136 1377 2200 appetuut;
1392 2144 1459 2193 uon,
1471 2128 1596 2199 inquam,
1612 2127 1653 2187 sie
1667 2140 1734 2186 sunt
1758 2130 1787 2183 in

141 2212 943 2290 uonexigitur,utamputetisuobislicitaetconcessa,sic·
991 2217 1335 2289 circuitulesusicutejus
1348 2218 1487 2290 discipuli,
1508 2233 1627 2290 quorum
1652 2218 1681 2274 in
1695 2220 1787 2276 medio

141 2320 174 2366 ut
195 2319 239 2368 est
259 2310 419 2381 conringiunr
440 2319 468 2364 et
488 2312 627 2379 possessio
648 2310 834 2382 propriorum,
856 2312 880 2367 si
900 2320 941 2367 ta·
992 2310 1065 2367 sicut
1078 2311 1153 2367 stetit
1163 2311 1345 2383 corporaliter
1356 2310 1390 2367 ad
1404 2312 1514 2378 horam,
1528 2312 1569 2368 sic
1584 2312 1674 2368 stabat
1689 2320 1716 2368 et
1731 2320 1787 2369 stat

144 2400 261 2458 meuita
276 2410 389 2458 eatenus
404 2401 523 2470 vixistis,
540 2402 611 2458 utin
632 2402 714 2458 rebus
733 2402 836 2458 illicitis
851 2413 878 2459 et
899 2403 941 2458 in·
992 2403 1169 2477 spiritualiter
1183 2420 1239 2460 non
1253 2405 1288 2460 ad
1309 2404 1418 2473 boram,
1433 2406 1482 2461 sed
1504 2420 1580 2463 nunc
1603 2415 1631 2460 et
1655 2403 1683 2460 in
1705 2414 1786 2462 mter-

142 2483 272 2551 terdietis
300 2494 481 2551 criminaliter
505 2511 561 2551 non
584 2496 769 2552 excesseritis.
794 2494 863 2552 Nam
891 2498 940 2567 qui
991 2508 1109 2566 num,et
1126 2498 1179 2571 ipsi
1196 2498 1304 2554 suntin
1322 2498 1438 2553 circuitu
1451 2499 1509 2570 ejus
1531 2498 1577 2555 hic
1595 2507 1725 2569 tanquam
1737 2499 1786 2556 de·

141 2587 197 2644 sibi
210 2587 341 2642 conscius
355 2594 398 2642 est
418 2587 598 2644 criminaliter
618 2602 648 2643 se
662 2603 793 2659 peccasse
806 2588 834 2644 in
858 2589 941 2645 rebus
991 2591 1047 2646 uoti
1069 2591 1201 2658 ministri,
1217 2591 1275 2649 illle
1302 2603 1434 2663 tanquam
1462 2591 1620 2648 laudatores
1641 2591 1785 2659 indefessi,

142 2679 261 2746 illicitis,
275 2678 341 2735 buic
354 2679 389 2734 ad
410 2677 552 2736 iaciendos
567 2679 674 2736 fruetus
694 2680 792 2752 dignos
805 2681 941 2751 poeniten·
991 2682 1065 2754 quod
1093 2682 1121 2737 in
1146 2682 1311 2755 Apocalypsi
1333 2684 1426 2755 (Apus.
1452 2699 1477 2750 v,
1499 2683 1527 2749 6)
1544 2682 1658 2753 pulchra
1680 2683 1787 2739 risione

143 2770 189 2826 tire
204 2770 394 2826 necessarium
409 2779 452 2826 est
465 2785 520 2825 non
532 2771 621 2827 solum
634 2787 742 2839 uouere,
756 2771 804 2827 sed
815 2772 939 2839 reddere,
991 2774 1157 2841 declaratur,
1170 2774 1217 2830 ubi
1234 2789 1323 2846 agnus
1334 2773 1362 2829 in
1375 2773 1466 2830 medio
1485 2783 1605 2844 qutatuor
1619 2774 1783 2831 animalium

143 2871 213 2918 utse
229 2862 398 2932 restringata
410 2862 493 2918 rebus
504 2863 586 2919 licitis
598 2878 647 2933 pro
659 2863 741 2918 utndu
754 2871 778 2918 et
788 2863 940 2935 quiantitate
991 2867 1171 2938 conspicitur.
1187 2866 1241 2922 Sed
1251 2876 1279 2923 et
1292 2881 1388 2922 ornnes
1398 2865 1488 2935 angeli
1508 2865 1620 2922 stabunt
1633 2867 1786 2926 incircuitu

143 2964 310 3026 perpetrate
323 2956 487 3026 iniquitatis,
504 2956 549 3012 cui
561 2965 669 3027 oportet
679 2955 815 3025 coaequmi
827 2956 938 3010 niodum
952 3008 975 3067 C
990 2961 1059 3032 ejus,
1072 2969 1101 3015 ut
1114 2958 1187 3015 scias
1199 2973 1288 3030 neque
1303 2957 1374 3014 inter
1388 2957 1525 3025 homines,
1541 2971 1630 3028 areqrre
1644 2959 1716 3014 inter
1733 2976 1786 3014 au·

142 3058 172 3104 ct
182 3049 366 3119 quantitatem
381 3047 589 3117 satisfactionis,
604 3057 686 3120 prout
709 3048 828 3104 admittit
850 3048 938 3104 iacul·
991 3052 1068 3126 gelos
1079 3051 1175 3107 beatos
1185 3050 1311 3121 arngulari
1323 3048 1484 3105 fortitudine
1500 3049 1604 3106 turbari
1621 3049 1664 3106 uel
1679 3049 1785 3121 turpari

142 3148 186 3194 tas
199 3138 401 3210 possibilitatis.
416 3137 493 3195 Unde
500 3139 649 3210 Apostolus
663 3140 765 3195 talibus
779 3140 818 3196 ait
838 3160 845 3196 ι
861 3138 942 3196 ‹Sie-
991 3140 1198 3201 communitatis
1211 3139 1418 3197 rotunditatem.
1432 3138 1552 3196 Puerum
1576 3140 1653 3196 illum
1675 3155 1786 3211 quoque

142 3237 174 3285 ut
195 3229 272 3285 enim
296 3228 461 3285 exhibuistis
484 3229 607 3285 membra
637 3238 727 3302 restra
753 3229 857 3286 seruire
885 3230 940 3284 iru-
990 3233 1145 3305 parvulum,
1159 3246 1241 3304 quem
1259 3231 1356 3288 statuit
1369 3230 1450 3288 lesus
1476 3231 1503 3286 in
1521 3230 1613 3288 medio
1632 3230 1786 3302 discipulo·

144 3322 290 3379 munditiae
306 3330 333 3377 et
349 3320 488 3392 iniquitati
501 3321 535 3376 ad
549 3321 733 3393 iniquitatem,
747 3321 782 3378 ita
804 3335 878 3377 nune
890 3336 940 3375 er·
991 3339 1052 3379 rum
1070 3324 1098 3378 in
1117 3321 1283 3378 humilitatis
1303 3323 1460 3395 exemplum
1479 3322 1575 3379 dicens
1592 3340 1601 3380 z
1620 3340 1631 3376 r
1648 3319 1707 3379 Nisi
1728 3322 1785 3380 elli-

143 3415 237 3470 hibete
254 3413 377 3469 membra
393 3414 767 3485 uestraserrirejustitiaein
782 3412 939 3470 sanetifica-
990 3414 1102 3471 ciamini
1131 3414 1201 3472 sieut
1234 3414 1368 3485 parvulus
1403 3414 1466 3483 iste,
1502 3430 1558 3470 non
1591 3412 1732 3472 intrabitis
1756 3413 1785 3468 in

142 3510 249 3565 tionem
265 3507 353 3576 (Rmrt.
370 3523 409 3575 rr,
426 3507 481 3575 19).
497 3528 507 3559 ι
529 3506 671 3564 Dicendo:
692 3525 702 3559 r
719 3506 797 3562 Sicut
812 3516 888 3573 tune,
902 3506 940 3561 ita
990 3521 1104 3580 reguum
1116 3507 1250 3563 coelorum
1272 3504 1382 3579 (liottlr.
1406 3521 1483 3573 xrrrr,
1498 3505 1537 3578 b).
1556 3524 1565 3558 s
1584 3504 1716 3571 Puerum,
1743 3505 1784 3560 in·

144 3616 221 3656 inune
236 3620 247 3652 r
265 3599 349 3671 exigit
373 3599 605 3670 comryualitatem,
633 3614 696 3669 quae
716 3614 772 3654 nou
799 3598 939 3669 pensanda
990 3616 1087 3672 quarn,
1112 3600 1190 3656 illum
1205 3600 1316 3672 quidam
1340 3607 1500 3656 sanctorum
1525 3597 1720 3656 intellexerunt
1742 3597 1784 3653 rel

140 3693 172 3750 iu
185 3690 367 3749 diuturnitate
381 3699 546 3762 terrnporum,
564 3689 651 3747 sedin
664 3689 938 3758 allectustudiozuru,
991 3693 1080 3765 ipsum
1092 3692 1198 3763 lesum,
1210 3693 1258 3764 qui
1275 3702 1334 3749 erat
1356 3692 1463 3750 medius
1489 3707 1598 3759 eorum,
1627 3693 1700 3748 sicut
1721 3692 1782 3752 ait.

142 3787 190 3857 qni
205 3793 415 3841 consummatus
427 3784 454 3838 in
470 3782 546 3839 hreni
559 3782 677 3854 expleuit
699 3793 818 3854 tenrpora
841 3782 939 3851 iruulta,
993 3804 1003 3839 r
1025 3784 1082 3857 Ego
1097 3792 1189 3840 autem
1205 3784 1233 3839 in
1250 3782 1342 3840 medio
1355 3791 1479 3840 vestrum
1490 3798 1552 3840 suut
1569 3784 1642 3840 sicut
1660 3784 1709 3855 quui
1729 3783 1784 3839 mi·

143 3868 212 3934 dum
227 3876 311 3933 unius
324 3876 399 3933 horae
419 3876 580 3948 poenitentia
601 3875 700 3930 latroni
716 3874 853 3930 conliteuti
876 3889 940 3944 apc-
991 3877 1089 3935 nistret
1111 3875 1190 3948 (Luc.
1217 3893 1286 3942 narr,
1312 3875 1401 3949 27)»
1428 3877 1471 3933 ιιι
1490 3875 1622 3949 Spiritum
1645 3885 1784 3940 sarnetum,

144 3970 203 4027 ruit
223 3969 382 4040 paradisum
414 3969 546 4025 diuturno
580 3965 763 4022 latrocinandi
783 3966 875 4022 studio
901 3965 940 4021 illi
991 3984 1072 4041 quem
1090 3959 1184 4039 posuit
1195 3967 1277 4025 lesus
1289 3969 1317 4024 iu
1333 3967 1646 4040 mediodiscipulorum,
1661 3969 1687 4023 id
1701 3977 1743 4025 est
1756 3967 1785 4021 iu

143 4063 283 4120 ciattsum·
299 4058 362 4116 Sive
377 4060 505 4132 igiturex
521 4059 694 4125 notissime·
707 4057 775 4125 1111»
789 4057 862 4127 1111011
882 4073 941 4112 1111·
991 4061 1122 4118 cordibus
1148 4076 1258 4130 eorum,
1274 4061 1339 4133 quia
1359 4063 1438 4120 loeus
1460 4061 1554 4119 cordis
1583 4060 1718 4118 medietas
1742 4066 1784 4115 est

144 4156 189 4228 gis
203 4152 342 4209 laudabile
359 4162 412 4221 est,
430 4168 464 4208 ex
482 4151 636 4208 uoluntaria
661 4150 785 4207 libertate
807 4148 940 4217 rorentis,
992 4152 1131 4210 animalis.
1641 4197 1649 4207 a

143 4249 262 4303 omuino
281 4254 324 4302 est
346 4245 536 4302 necessarium
563 4254 604 4314 ut,
628 4244 703 4316 quod
725 4242 855 4309 resistis,
887 4242 939 4298 nisi
1029 4244 1125 4303 Omrtes
1140 4245 1282 4315 igiturqui
1297 4244 1330 4299 ad
1350 4242 1557 4300 similitudinem
1585 4240 1784 4311 discipulorum

144 4339 218 4395 torte
240 4337 361 4394 feceritis
382 4347 446 4394 uota
469 4337 563 4404 stulta,
584 4352 647 4407 quae
666 4335 827 4408 corrigendo
851 4335 938 4406 ipsam
956 4339 1194 4421 „uertutlsestis
1207 4338 1235 4392 iu
1248 4337 1362 4393 circuitu
1374 4335 1443 4405 ejus,
1456 4343 1482 4392 et
1501 4334 1527 4390 ci
1541 4333 1643 4403 offertis
1663 4348 1783 4398 munero,

144 4428 319 4486 emendando
333 4427 477 4485 stultitiam
491 4427 583 4498 potius
594 4425 721 4497 frangere
733 4441 817 4497 quatu
831 4440 942 4481 seruare
992 4432 1119 4490 videlicet
1129 4430 1332 4502 qualiacunque
1356 4427 1465 4501 pietatis
1488 4426 1632 4497 obsequia,
1644 4434 1674 4482 ut
1688 4424 1783 4481 eadem

143 4528 263 4584 debetis.
276 4527 330 4583 Pro
345 4527 445 4598 quibus
458 4524 588 4581 carendis
598 4524 677 4595 prius
689 4523 801 4588 dicitur,
815 4523 942 4594 enutriunt
992 4525 1117 4597 placeant
1132 4523 1221 4594 magis
1235 4538 1268 4579 ae
1284 4522 1482 4595 magistatem
1499 4520 1538 4575 illi
1553 4528 1580 4574 et
1597 4520 1641 4573 illa
1656 4529 1684 4576 et
1695 4519 1786 4575 adhuc

144 4621 276 4689 comtotin
293 4620 407 4674 hominis
419 4616 588 4689 confitebitur
599 4617 658 4686 tibi,
669 4627 694 4672 et
707 4616 826 4688 reliquie
840 4616 942 4687 cogitu-
992 4621 1082 4693 plura,
1096 4634 1158 4691 quae
1173 4634 1236 4675 cnm
1256 4616 1398 4683 voveritis,
1416 4616 1528 4684 reddite,
1544 4622 1574 4671 ut
1595 4615 1726 4686 placeatis
1750 4630 1785 4670 er

145 4713 228 4768 tionis
251 4713 321 4766 diem
341 4711 439 4781 [ertum
463 4703 541 4781 egent
558 4709 619 4776 tibi,
634 4723 666 4782 ae
682 4708 780 4764 deinde
797 4707 940 4779 subjungi·
992 4724 1110 4785 utroque
1125 4712 1231 4769 scilieet
1246 4726 1281 4767 er
1294 4710 1350 4766 uoti
1365 4703 1511 4766 devotiorie
1528 4717 1556 4765 et
1572 4708 1666 4780 operis
1678 4707 1786 4763 exhibi-

144 4813 211 4858 tur:
234 4800 327 4856 Vvttlss
351 4809 376 4857 ti
400 4800 513 4867 reddite,
539 4806 568 4855 111
594 4798 718 4854 1111111111
732 4807 813 4854 111111
835 4797 942 4870 weila·
992 4806 1076 4874 tione,
1090 4806 1206 4877 sitisque
1219 4804 1268 4861 ltili
1287 4801 1381 4869 lsrael,
1395 4800 1429 4859 de
1446 4817 1501 4872 quo
1515 4801 1702 4874 supradictum
1721 4808 1783 4857 este

143 4895 222 4951 tione
246 4892 392 4957 deliberet.
415 4891 482 4963 quid
505 4891 598 4947 voveri
622 4899 758 4963 0110113111,
781 4888 848 4961 quid
873 4905 939 4945 111111·
994 4897 1048 4954 ιιι
1060 4897 1143 4955 lsrael
1155 4912 1285 4970 maguum
1303 4911 1402 4952 numen
1416 4895 1488 4966 ejus.
1500 4914 1511 4947 s
1524 4893 1602 4951 Sicut
1612 4893 1686 4951 enim
1701 4891 1785 4949 lsrael

150 4984 533 5057 1111ε11,1111ι1111,11111111111·
548 4983 620 5040 enit
635 4983 749 5038 ⁰⁰¹¹²i¹¹⁰
765 4981 820 5037 ⁰⁶⁰
844 4992 939 5051 with
991 4988 1047 5047 Deo
1059 4990 1158 5047 exinde
1168 4990 1258 5061 magis
1273 4988 1377 5059 plausit
1389 4988 1475 5059 quod,
1487 5002 1560 5056 ,cum
1576 4986 1734 5058 evigilasset
1750 4982 1785 5038 de

143 5080 194 5152 qni
208 5090 293 5138 notus
308 5079 393 5137 estin
407 5077 513 5146 tunna,
528 5093 584 5134 rron
598 5078 653 5135 diis
669 5076 802 5149 gentium,
814 5076 862 5149 qui
875 5086 941 5135 suut
991 5096 1102 5148 somno,
1115 5081 1143 5136 in
1157 5096 1213 5152 quo
1225 5079 1373 5137 bominum
1384 5079 1510 5137 innixum
1526 5077 1609 5135 scale
1620 5076 1699 5142 vidit,
1717 5087 1784 5131 ruo·

142 5173 282 5230 muenia
292 5172 335 5230 rel
347 5171 494 5230 simulacra
511 5180 597 5227 muta.
991 5181 1075 5229 tumr
1100 5172 1161 5229 illie
1188 5171 1300 5240 notius
1329 5171 1403 5243 quod
1428 5179 1456 5227 ct
1482 5179 1579 5242 postea
1599 5165 1681 5223 soluit
1704 5163 1782 5237 (Gen.

180 5262 242 5322 lam
253 5264 472 5323 demonstratum
481 5273 525 5320 est
535 5263 608 5335 qued
620 5273 647 5320 et
665 5263 709 5321 cui
722 5278 821 5321 rosere
837 5262 938 5321 debea-
990 5281 1088 5331 aretur,
1104 5264 1173 5336 aut:
1189 5265 1230 5322 sie
1242 5280 1292 5321 uos
1309 5263 1399 5336 magis
1411 5262 1510 5319 exinde
1523 5258 1676 5333 placebitis,
1693 5257 1778 5315 side·

62 5347 68 5356 '
144 5360 193 5427 tis,
208 5374 284 5415 nnnc
298 5357 463 5431 exigitordo
478 5365 508 5413 ut
520 5364 549 5413 et
565 5372 616 5413 uos
640 5357 715 5428 ipsos
735 5357 876 5429 designem
891 5356 939 5427 qui
990 5367 1141 5417 monstrata
1164 5357 1244 5414 robis
1272 5357 1318 5413 illa
1344 5356 1430 5422 scala,
1443 5354 1471 5410 id
1492 5363 1535 5410 est
1550 5351 1657 5409 uiuendi
1679 5351 1780 5418 lornaa,

143 5450 376 5507 voreredebetis.
393 5449 489 5507 Omnes
507 5449 624 5517 seilicet,
635 5450 681 5522 qui
704 5449 862 5504 incircuitu
880 5447 938 5518 ey'us
990 5450 1070 5523 cujus
1083 5450 1193 5508 eulmen
1206 5448 1292 5506 eoelus
1308 5445 1406 5520 tangit,
1422 5453 1517 5500 uotum
1540 5443 1662 5501 ιιιιιιιιι
1679 5452 1706 5499 u·
1723 5442 1778 5508 ille,

144 5544 252 5613 affatio
264 5544 305 5600 rel
316 5541 432 5612 offerunt
444 5559 562 5598 snutrein.
577 5542 696 5610 Qerirram
710 5549 775 5596 suunt
784 5542 811 5595 in
825 5541 938 5595 circuitu
990 5541 1112 5598 decimas
1126 5549 1156 5598 et
1166 5538 1273 5596 luostias
1283 5535 1415 5608 paciheas
1433 5534 1565 5592 offerendi
1580 5542 1664 5606 atque
1674 5533 1713 5591 illi
1727 5532 1779 5589 suli

144 5632 338 5710 einai-Utique
350 5635 469 5692 hurnilcs
485 5634 605 5692 medium
617 5634 741 5692 ueritatis
754 5643 886 5707 prunetum
898 5636 937 5696 sic
990 5632 1137 5702 sentiendi,
1154 5633 1198 5691 cul
1213 5637 1240 5691 ιι
1265 5631 1310 5689 ille
1329 5630 1433 5689 seruire
1446 5628 1606 5708 ⁸disponens
1617 5629 1655 5685 ait
1670 5645 1677 5717 y
1693 5646 1702 5682 r
1721 5625 1781 5684 Erit
