3892 6067
101 310 150 369 m
387 302 667 366 contonantibus
685 305 719 361 nt
738 305 908 363 estibus.
926 337 963 350 -
980 304 1073 364 ctus
1096 306 1149 364 Vll.
1174 273 1317 369 sslstt.
1337 311 1441 370 vatt.
1684 313 1737 374 {bd

99 422 235 481 demedio
246 421 339 493 stipite
349 421 471 493 pendent
481 422 573 477 omnia
584 421 727 492 utriusque
739 422 892 478 testamenti
907 429 931 486 Α
944 437 1018 477 rum.
1034 420 1097 476 lilii
1112 419 1234 479 Zebedaei
1253 439 1316 480 cum
1333 435 1464 496 peterent,
1480 437 1511 486 ut
1529 441 1601 486 unus
1615 430 1650 487 ad
1669 430 1737 488 dex·

100 515 266 580 maeonia,
298 513 371 570 sicut
394 512 503 570 Veritas
529 513 616 570 dicit:
638 533 648 567 ι
665 513 694 569 ln
717 513 765 571 bis*
784 515 893 571 duobus
943 521 1043 578 terant,
1056 511 1125 568 alter
1137 513 1243 569 sederet
1259 514 1293 569 ad
1308 516 1449 576 sinistram
1463 518 1490 573 in
1503 535 1591 591 regno
1605 521 1736 594 lleipen·

99 607 239 664 nraudatis
256 614 315 662 tota
329 606 375 664 tex
395 606 534 676 penderet
547 606 689 677 propbetas
702 605 813 676 (Martia.
824 623 892 674 surr,
943 619 996 659 nas
1010 603 1122 674 quidem
1134 605 1270 662 orationis
1283 607 1430 675 habebant,
1443 610 1491 668 sed
1509 627 1562 666 non
1575 612 1736 680 deargenta-

99 699 156 767 ii).
174 695 267 752 sltem
280 695 312 751 -in
327 695 513 766 descriptione
530 696 666 753 columbae
687 696 812 752 babeatis·
826 711 893 767 pen·
944 702 997 761 tas,
1008 693 1104 749 accde
1114 695 1205 751 nitore
1216 697 1373 753 divinorum
1386 698 1557 770 eloquiorum
1567 704 1734 775 splendidas,

100 804 147 844 nas
166 787 362 859 deargentatas
383 797 411 841 et
432 784 548 842 dorsum
572 800 687 840 aureum
711 785 752 841 sic
773 784 893 858 intellige
943 786 1000 843 imo
1014 784 1115 842 divinis
1132 786 1249 858 eloquiis
1273 790 1439 857 contrarias,
1455 793 1520 861 quia
1544 793 1571 848 in
1587 810 1671 865 regno
1687 796 1735 853 oct

99 881 231 945 medium,
248 887 278 934 ut
294 893 398 934 careas
410 877 552 948 angulum.
578 876 648 933 Nota
672 877 745 948 quod
760 877 786 932 in
802 877 893 940 medio
943 877 1070 935 sinistras
1096 879 1176 935 sedes
1199 894 1262 936 esse
1276 880 1353 937 nulla
1374 882 1531 938 divinorum
1559 885 1733 955 eloquiorum

99 972 230 1030 Ecclesiae
258 972 348 1043 aperit
371 969 505 1028 Dominus
525 987 557 1027 us
569 970 655 1041 justi;
676 971 767 1027 sedin
785 970 893 1042 anguiis
943 969 1023 1026 discet
1037 971 1197 1036 auctoritas,
1213 972 1267 1029 nisi
1290 972 1371 1041 lorte,
1394 991 1456 1030 eum
1472 992 1586 1047 regnum
1603 977 1648 1033 bet
1665 994 1735 1050 prae·

100 1067 253 1139 platearum
268 1071 452 1120 orantesnou
478 1063 566 1119 audit.
594 1059 674 1120 Stetit
694 1062 849 1134 erqotesus
864 1063 891 1118 in
943 1078 1008 1121 sens
1024 1062 1147 1122 Ecclesia
1171 1065 1282 1131 dicitur,
1308 1067 1337 1123 in
1360 1084 1415 1138 qua
1440 1071 1505 1140 quia
1530 1071 1635 1127 boniet
1657 1074 1733 1142 mali,

101 1160 194 1214 mdio
214 1156 426 1227 discipulorum
436 1172 563 1223 suorum,
576 1165 607 1211 ut
629 1156 718 1212 uculls
738 1171 834 1226 eorum
849 1155 893 1209 in«
943 1155 1081 1225 spiritales
1099 1166 1127 1211 et
1139 1158 1286 1214 saeculares
1296 1158 1349 1215 sub
1363 1159 1474 1216 tremine
1488 1161 1645 1218 Cirristiano
1659 1165 1734 1235 priu-

100 1248 222 1318 teutiqin
237 1247 315 1303 illum
331 1246 537 1303 commendaret
549 1245 604 1302 illis
628 1244 747 1301 medium
773 1245 893 1300 elutrita·
942 1247 1069 1318 cipantur
1086 1247 1166 1317 quasi
1179 1248 1315 1312 ,dexteras
1339 1258 1367 1308 et
1389 1250 1517 1308 sinistras
1537 1239 1620 1310 habet
1643 1255 1734 1311 sedes,

100 1341 133 1396 tis
147 1339 323 1406 mandatum,
347 1337 422 1409 quud
447 1353 504 1394 nou
523 1337 554 1393 in
575 1337 676 1409 angulo
694 1345 778 1393 sectae
798 1337 890 1404 unius,
942 1337 1056 1395 buubus
1070 1354 1136 1394 vero
1150 1339 1241 1395 modis
1262 1340 1364 1396 liabent
1380 1344 1458 1399 sedes
1483 1344 1510 1398 in
1532 1346 1658 1415 praesenti
1684 1347 1736 1405 Ec·

99 1447 195 1487 rerum
210 1431 238 1485 in
262 1440 320 1486 tota
339 1428 517 1485 universitate
536 1427 621 1486 totius
645 1426 775 1486 Ecclesiae
797 1429 893 1484 obser·
942 1430 1026 1488 clusin
1051 1439 1181 1501 tauquam
1193 1430 1220 1485 in
1241 1431 1353 1488 sinistra
1371 1433 1459 1490 saneti
1481 1432 1539 1501 liei,
1556 1435 1621 1491 dum
1637 1437 1679 1492 vel
1691 1452 1736 1493 re·

99 1523 220 1578 randum
244 1522 409 1593 proponitur
429 1519 570 1587 omnibus,
590 1530 617 1576 et
636 1519 734 1577 subicit
762 1521 892 1576 omnibus
942 1521 1055 1594 glutinis
1068 1521 1122 1578 iilis
1136 1522 1217 1578 datur
1230 1525 1392 1590 auctoritas,
1410 1532 1439 1584 ut
1450 1525 1562 1582 sedeant
1582 1544 1644 1584 eum
1659 1529 1731 1599 prin·

98 1617 129 1672 al
154 1617 244 1670 vitam
264 1623 397 1670 menam
422 1610 655 1683 consequendam,
668 1610 742 1682 quod
754 1609 814 1680 ejus
832 1599 892 1679 qiu·
942 1611 1050 1683 cipibus
1064 1622 1091 1667 et
1102 1611 1201 1668 salium
1213 1612 1305 1684 gloriae
1320 1622 1448 1683 teneant;
1464 1616 1506 1672 vel
1519 1628 1668 1688 prenotata
1682 1619 1735 1675 illis

98 1706 156 1764 tino
171 1705 315 1761 mediante
330 1702 411 1776 quasi
431 1702 466 1759 de
488 1700 583 1758 multis
605 1701 738 1758 meurbris
756 1702 826 1758 liunt
841 1717 891 1757 co·
942 1701 971 1757 iu
1002 1709 1107 1757 tantum
1132 1712 1248 1774 augetur
1269 1705 1398 1769 claritas,
1420 1716 1449 1761 ut
1467 1707 1495 1762 iu
1509 1724 1541 1763 ea
1555 1717 1685 1780 tanquam
1703 1709 1731 1764 iu

97 1798 190 1854 lumba
205 1814 271 1853 una.
904 1779 1007 1852 Bsede
1021 1794 1183 1851 mollissima
1196 1796 1341 1867 quiescant
1354 1807 1382 1853 et
1394 1799 1447 1854 sibi
1461 1801 1563 1858 vivant.
1580 1803 1613 1855 ιιι
1628 1802 1732 1858 illinon

130 1888 182 1944 ille.
196 1886 891 1958 attendendumquudnondivitinterclerossecun·
941 1886 976 1958 do
991 1886 1103 1944 sedibus
1122 1885 1252 1944 Ecclesia
1272 1889 1428 1958 militantis,
1452 1907 1548 1947 verum
1570 1893 1604 1948 de
1622 1894 1734 1950 sedibus

96 1983 159 2037 dum
176 1996 261 2037 usum
282 1978 456 2046 Latinorum,
480 1979 527 2037 sed
542 1982 611 2035 irater
626 1980 725 2035 rnedioa
748 1978 833 2034 cierat
847 1993 892 2035 se-
940 1978 1065 2050 ejusdem
1081 1978 1221 2051 regnantis
1234 1979 1423 2049 intendebant,
1443 1983 1554 2052 quando
1565 1983 1731 2042 sedem'curn

96 2070 219 2127 eundum
237 2085 319 2127 usum
337 2069 506 2130 Graeeomm.
522 2069 574 2127 Ubi
589 2071 662 2127 enim
685 2086 735 2128 nos
749 2070 889 2128 dicimuse
940 2071 1053 2128 Christo
1078 2072 1253 2143 appetebant.
1285 2071 1435 2144 Propterea
1455 2075 1560 2131 dictum
1589 2085 1632 2132 est
1658 2078 1700 2133 eis
1725 2097 1732 2134 :

97 2160 172 2216 later
183 2177 227 2215 me
241 2170 268 2216 et
282 2177 337 2227 aus,
355 2161 393 2216 illi
418 2163 578 2232 expressius
590 2163 686 2219 dicunt
707 2182 715 2219 ε
736 2161 812 2217 luter
837 2177 892 2216 rae·
944 2162 1090 2222 «Nescitis
1106 2165 1284 2237 quidpetatis
1301 2165 1410 2237 (blattis.
1427 2168 1543 2240 ¹132).
1562 2187 1572 2220 s
1597 2167 1681 2236 Quasi
1692 2171 1734 2227 d:-

96 2251 169 2310 diam
180 2267 272 2305 meum
292 2261 318 2305 et
335 2262 459 2318 uestrum,
473 2252 595 2308 volentes
610 2268 700 2309 rerum
713 2252 831 2323 aliquem
853 2248 892 2305 si·
941 2265 1039 2314 aeret:
1062 2255 1176 2312 Habetis
1195 2257 1307 2328 quidem
1326 2259 1462 2315 orationis
1488 2276 1605 2331 persnas,
1633 2265 1734 2331 atrion

95 2342 228 2412 qaitimre
251 2356 429 2408 consensum,
453 2357 534 2412 quent
557 2357 624 2398 usus
650 2341 812 2398 latinorum
834 2355 891 2395 nou
940 2348 1035 2403 divino
1048 2348 1159 2420 eloquio
1174 2350 1377 2418 deargentatas.
1394 2350 1428 2406 Et
1440 2351 1502 2406 ideo
1513 2352 1610 2408 directi
1622 2363 1687 2410 sunt
1700 2355 1734 2410 ad

94 2434 238 2504 exprimit.
259 2433 336 2489 Urtde
348 2442 377 2490 et
389 2435 416 2489 in
431 2435 552 2506 eoquod
570 2434 644 2491 Deus
659 2435 725 2491 dicit
748 2436 782 2491 ad
803 2435 891 2490 Abra·
940 2438 1063 2510 reguiam
1078 2440 1180 2511 eloquii
1197 2440 1294 2510 divini,
1309 2458 1365 2512 quo
1380 2442 1518 2500 discerent
1532 2444 1609 2513 prius
1621 2444 1733 2501 calicem

95 2522 156 2580 baur
171 2540 180 2576 t
196 2543 207 2576 ι
221 2522 283 2579 Erit
305 2533 501 2581 testamentum
517 2525 643 2594 interme
657 2534 684 2581 et
697 2534 724 2580 te
736 2524 889 2596 (ueremi,
940 2531 1080 2600 passionis
1094 2530 1255 2599 bibendum,
1276 2542 1303 2588 et
1321 2543 1415 2604 postea
1429 2535 1457 2589 in
1471 2550 1556 2607 regno
1578 2536 1732 2592 sedendum

93 2615 130 2684 il.
148 2635 159 2667 r
178 2613 215 2670 Et
229 2614 265 2670 ad
278 2613 337 2671 Noe
352 2635 359 2670 ε
383 2635 393 2668 ι
407 2615 466 2693 Erit
478 2617 587 2686 signum
602 2616 674 2672 inter
688 2626 772 2673 meet
788 2625 890 2673 terram
941 2624 1115 2680 solummodo
1129 2624 1163 2680 ad
1179 2625 1331 2691 dexteram,
1350 2642 1405 2681 non
1419 2635 1511 2682 autern
1525 2627 1559 2683 ad
1581 2628 1733 2684 sinistram.

95 2705 171 2779 (Gen.
188 2723 229 2774 rx,
246 2707 329 2777 l3)‚r
348 2705 436 2763 Graeci
452 2707 487 2763 ad
502 2707 710 2779 exprimendum
723 2724 890 2766 eorrseusum
942 2711 1060 2770 Sinistra
1074 2715 1148 2769 enim
1160 2731 1215 2770 non
1232 2716 1285 2771 erit
1301 2716 1366 2771 illie.
1389 2716 1475 2772 ttulro
1490 2733 1555 2773 veru
1571 2719 1658 2789 magis
1670 2735 1733 2776 ver·

95 2797 209 2863 babent,
226 2796 303 2852 Inter
314 2799 432 2853 medium
443 2815 529 2856 meunt
542 2808 567 2854 et
578 2810 693 2856 oestrum
703 2810 814 2872 propter
827 2816 892 2856 con·
940 2804 1733 2875 buntevangelizantibustirtutemuitaestnecessorium,
1796 2873 1798 2876 v

96 2903 209 2944 sensum
226 2889 396 2960 'evidentius
427 2890 646 2961 exprimendum.
675 2890 754 2947 Unde
787 2900 814 2948 et
844 2892 891 2948 hic
942 2892 1234 2964 utpennasdoctrinae
1251 2893 1369 2949 babeant
1390 2894 1535 2964 insignitas
1557 2905 1670 2966 argento
1690 2897 1733 2951 di-

95 2996 143 3034 aron
160 2981 235 3035 iuter
249 2979 345 3047 eteros,
359 2980 406 3038 sed
418 2982 595 3041 intermedius
611 2983 694 3037 eleros
706 2984 800 3040 dicens
812 2983 890 3056 Psat-
942 2984 1071 3042 vinorum
1094 2985 1280 3056 eloquiorum,
1302 3000 1337 3039 ne
1360 2983 1488 3041 videlicet
1511 2986 1615 3058 aliquid
1635 2987 1735 3045 docere

95 3071 175 3127 mista
198 3087 293 3127 rerum
317 3087 483 3128 consensum
496 3074 641 3144 expressit,
658 3075 706 3146 qui
720 3076 780 3131 sine
799 3076 924 3172 mediaC
941 3084 1122 3147 praesumant,
1139 3076 1193 3131 nisi
1213 3076 1286 3146 quod
1310 3079 1379 3130 inter
1402 3077 1501 3131 aredius
1524 3077 1608 3133 cleros
1631 3079 1734 3137 didice-

94 3163 231 3218 ebaritate
245 3179 301 3219 nun
315 3162 464 3220 constabit.
480 3162 547 3230 Quae
558 3164 690 3220 nimirum
704 3166 769 3236 quia
782 3167 888 3237 patiens
938 3160 1005 3224 'runt
1020 3186 1027 3223 :
1044 3188 1053 3219 ι
1071 3167 1139 3235 Quis
1165 3167 1242 3223 dabit
1253 3168 1319 3223 mini
1335 3184 1440 3239 pertitas
1466 3169 1539 3225 sicut
1564 3170 1699 3227 culumbae
1719 3188 1730 3225 r

93 3263 143 3322 est,
160 3255 285 3325 benigna
307 3264 360 3323 est,
376 3271 433 3310 nou
453 3256 608 3324 aemulatur,
630 3257 816 3325 noninllatur,
832 3274 889 3314 nun
940 3258 1028 3329 (Paul.
1043 3274 1098 3325 ιιι,
1120 3257 1147 3325 t)
1176 3259 1383 3330 dearqentutas?
1402 3258 1470 3327 Quis
1495 3275 1539 3315 me
1562 3260 1671 3318 docebit
1691 3260 1734 3320 sic

94 3335 234 3413 irritatur,
249 3362 305 3401 non
320 3347 422 3418 cogitat
437 3347 550 3416 malum,
564 3363 620 3404 non
634 3348 733 3420 gaudet
746 3365 828 3421 super
840 3350 891 3405 ini·
939 3350 1155 3420 evangelizando
1169 3350 1245 3421 loqui
1263 3350 1297 3406 ad
1313 3351 1450 3416 homines,
1464 3361 1494 3405 ut
1515 3367 1658 3409 sermones
1672 3369 1734 3409 cor·

94 3440 212 3508 quitate,
225 3440 381 3510 congaudet
391 3447 484 3496 autem
497 3441 619 3509 veritati,
631 3449 659 3498 et
673 3443 745 3513 quod
757 3443 845 3513 tnagis
854 3442 888 3497 ad
939 3440 982 3498 dis
996 3448 1023 3495 et
1040 3442 1096 3498 oris
1119 3442 1173 3497 mei
1197 3457 1294 3498 omnes
1319 3442 1436 3514 eloquiis
1451 3442 1559 3498 bonriui
1573 3445 1667 3510 castis,
1689 3460 1736 3510 ar·,

94 3540 261 3599 presentem
279 3532 370 3587 locum
389 3532 496 3601 attinet,
522 3535 660 3605 quianon
676 3543 719 3591 est
731 3534 889 3605 ambitiosa,
939 3543 1022 3605 gente
1035 3532 1193 3590 examinato
1208 3533 1378 3600 assimilatis,
1393 3534 1562 3590 omnimodis
1575 3535 1738 3598 assimilem

95 3639 144 3680 uec
162 3626 268 3696 querit
283 3642 346 3697 qoae
359 3644 409 3685 sua
422 3636 498 3696 sunt,
514 3631 628 3687 velutin
647 3631 704 3688 otio
717 3630 889 3703 quietissimo
940 3631 986 3677 tur
999 3623 1078 3694 juxta
1091 3623 1177 3679 iliud:
1195 3642 1204 3675 ι
1220 3622 1327 3694 Siquis
1345 3623 1468 3703 loquitur
1488 3626 1568 3696 epitasi
1592 3641 1738 3699 sermones

95 3718 279 3786 suetudinem
294 3719 360 3777 lacit
371 3723 411 3779 illi
428 3724 638 3792 dormitioni,de
647 3740 703 3796 qua
713 3725 758 3780 hic
772 3724 888 3781 dicitur:
942 3717 988 3774 ⁰⁰1
1000 3719 1012 3772 ἵ
1026 3738 1035 3770 s
1051 3717 1077 3789 (¹
1090 3717 1164 3773 Peli·
1181 3733 1220 3784 li,
1237 3718 1293 3789 st)
1308 3718 1373 3774 '¹⁰⁰¹
1388 3738 1396 3773 ²
1412 3738 1420 3769 ⁸
1434 3717 1493 3773 N⁰¹¹
1506 3719 1578 3773 enim
1596 3735 1645 3775 *0⁸
1655 3719 1732 3786 eills,

94 3807 123 3866 sa·
139 3814 288 3870 dormiatis
300 3816 370 3871 inter
383 3819 482 3874 medior
497 3819 580 3875 eleros
593 3835 685 3890 perruoe
699 3818 828 3875 columbe
843 3819 890 3884 dez
939 3810 987 3880 qui
1003 3809 1159 3882 ¹⁰¹i⁰l¹¹¹i¹¹b
1179 3810 1225 3866 ⁸⁰⁶
1241 3809 1361 3880 sibilus
1372 3808 1463 3866 pillis
1476 3809 1570 3876 Vsssllb
1582 3810 1629 3880 (lui
1645 3808 1734 3880 ¹⁰ilbi·

93 3915 257 3976 mictu.
272 3905 329 3964 Vos
342 3909 436 3980 igitur,
449 3911 495 3981 qui
509 3911 656 3967 laborastis
667 3910 695 3966 in
706 3911 823 3967 circuitu
834 3927 891 3967 aro·
939 3911 985 3958 lut
1000 3902 1028 3958 5¹¹
1041 3902 1142 3958 ιῡῦἱθῗ
1157 3921 1167 3955 ι
1183 3902 1293 3974 (Maub-
1309 3917 1337 3969 Χ,
1357 3900 1415 3972 ab.)

93 3996 229 4066 bunede,
249 4000 401 4057 secuudum
416 4001 489 4072 quod
502 4003 625 4071 dicitura
641 4002 797 4056 incircuitu
815 4001 891 4072 impii
975 3996 1079 4051 Aliter:
1101 3995 1231 4051 Doutinus
1246 3994 1321 4049 dubit
1347 3994 1471 4049 uirtutem
1492 3992 1733 4065 eeanqeiiauntidua

93 4090 249 4156 autumer,
265 4093 355 4147 uertite
366 4093 400 4148 ael
415 4094 535 4151 medium
549 4096 666 4151 duorum
678 4094 815 4150 clerorum
832 4109 890 4150 ser-
939 4089 1067 4158 verbum,
1084 4088 1108 4150 si
1129 4103 1178 4146 vos
1193 4088 1332 4154 doctores,
1347 4088 1395 4158 qui
1421 4087 1487 4143 estis
1500 4103 1592 4157 potatu
1606 4086 1734 4141 columbae

92 4183 187 4238 „ndo
200 4184 375 4249 chamum,
392 4202 453 4256 (ψῃ
469 4187 561 4242 media
575 4186 694 4244 meduna
710 4194 753 4242 esp
771 4185 890 4241 duorum
939 4180 1130 4247 deurqentotoe,
1147 4177 1288 4232 dormiatis
1304 4177 1373 4230 iuter
1388 4176 1489 4230 medios
1507 4175 1600 4243 cleros,
1614 4185 1644 4230 ut
1658 4176 1734 4231 vide·

93 4271 350 4336 testamentorum.
364 4275 892 4335 Sieenimdaturnerbuntvobisevan·
940 4269 1005 4326 licei
1026 4285 1115 4340 neque
1138 4267 1306 4332 meditando,
1332 4282 1421 4337 ne(1¹¹⁹
1443 4265 1560 4333 ⁰l³¹¹d0s
1575 4282 1664 4336 neque
1685 4266 1734 4321 d0·

95 4366 284 4440 μιὴιῃιῑιιῃι
297 4368 325 4422 in
340 4369 451 4437 virture,
477 4369 502 4426 qi
522 4386 538 4432 q
565 4370 643 4426 vonis
662 4370 780 4427 duorum
795 4370 891 4426 Terra·
940 4361 1030 4419 cendo
1045 4359 1179 4417 excidatis
1193 4359 1227 4416 de
1243 4358 1290 4413 ilio
1305 4357 1401 4423 inedie,
1418 4358 1491 4429 quoti
1505 4373 1645 4428 rrunquam
1660 4357 1734 4413 etci-

92 4468 256 4514 mentorum
273 4459 424 4517 auctoritas
444 4469 472 4516 et
493 4461 600 4517 duobus
613 4458 796 4518 asumensis
813 4475 890 4518 com·
904 4467 928 4523 ι)
940 4455 997 4520 det,
1012 4454 1077 4526 quia
1098 4453 1220 4510 ebaritas
1243 4452 1361 4508 duorum
1385 4450 1626 4507 testamentorum
1650 4448 1732 4522 quasi

93 4551 227 4607 meudula
252 4552 372 4610 ebaritas
396 4553 557 4609 lirmissime
583 4562 724 4623 teneatur,
753 4554 784 4612 in
808 4553 890 4625 cujus
940 4546 1061 4611 medulla
1075 4544 1165 4602 media
1179 4543 1451 4615 nubtiuifflfflldii·

93 4639 274 4709 quietissimo
288 4642 426 4708 cubiculo,
440 4644 465 4696 si
479 4643 620 4697 dormiatis
639 4643 799 4713 temporalia
817 4644 890 4699 bona
976 4643 1086 4698 Aliter:
1105 4641 1128 4696 0
1151 4640 1281 4710 eosqui
1304 4638 1460 4695 dividimini
1490 4647 1622 4706 tanquam
1648 4635 1733 4704 spolia

94 4729 190 4788 Veteri
202 4730 382 4790 Testamenta
397 4734 533 4805 promissa
555 4735 755 4792 contemnendo
771 4743 799 4792 et
812 4744 891 4791 aeter-
941 4737 1040 4808 species
1055 4735 1160 4800 domus,
1177 4733 1262 4792 nolite
1276 4731 1383 4787 ambire
1394 4730 1492 4792 altiora
1504 4729 1564 4784 luca
1580 4727 1621 4783 vel
1634 4727 1732 4796 ulllcia,

95 4837 128 4876 ua
143 4820 225 4878 Novo
238 4822 416 4882 Testamenta
433 4826 570 4897 promissa
585 4826 718 4896 patienter
728 4833 890 4897 exspectane
941 4844 1025 4900 quam
1040 4825 1187 4883 distributa
1201 4825 1257 4880 sint
1269 4823 1359 4888 robis,
1375 4831 1405 4877 ιιι
1416 4821 1552 4891 videlicet,
1567 4821 1615 4890 qui
1634 4828 1676 4876 est
1689 4835 1733 4875 ar·

94 4915 140 4981 do,
159 4916 248 4972 sicin
267 4932 335 4988 pace
353 4918 380 4989 in
401 4918 521 4989 idipsum
550 4919 713 4976 dormiendo
735 4927 764 4975 et
782 4920 891 4990 requie·
941 4919 1120 4977 cbidiaconus
1139 4916 1242 4974 anrbiat
1273 4915 1330 4971 sseri
1352 4914 1524 4984 episcopos:
1550 4913 1592 4967 vel
1620 4913 1667 4982 qui
1692 4919 1734 4968 est

94 5007 201 5062 scendo
212 5007 285 5063 inter
299 5008 405 5065 medios
414 5009 504 5067 cleros
513 5010 591 5068 eritis
603 5024 653 5067 vos
662 5027 754 5082 penne
765 5010 891 5066 columboe
941 5010 1098 5081 episeopus,
1112 5006 1217 5062 ambiat
1230 5004 1288 5061 lteri
1309 5005 1544 5077 arciriepiscopns,
1558 5012 1584 5059 et
1606 5000 1734 5058 similiter

93 5095 290 5170 dearyeutate,
316 5100 351 5157 do
372 5116 427 5172 qua
450 5102 553 5159 dicitur
570 5122 578 5159 t
607 5121 617 5155 ι
632 5101 692 5159 lina
707 5112 749 5160 est
763 5104 891 5161 columba
945 5099 1105 5156 incaeteris.
1120 5096 1430 5154 Currtentiestuteiocis
1443 5094 1591 5162 molliciis,
1606 5109 1654 5165 per
1673 5108 1734 5163 quae

94 5203 156 5244 mea
171 5189 267 5260 (Curat.
283 5207 322 5259 ιι,
338 5191 378 5263 ιιι.
394 5211 403 5245 ι
418 5192 473 5251 Ista
487 5193 615 5251 columba
628 5209 677 5265 per
691 5209 740 5250 vos
751 5196 831 5266 quasi
843 5210 892 5265 per
942 5191 1037 5263 speciei
1046 5191 1140 5245 duratus
1148 5188 1195 5246 bei
1208 5188 1338 5246 ornandae
1364 5189 1502 5244 dividente
1521 5186 1624 5257 Spiritu
1639 5194 1735 5242 sancto

92 5292 205 5349 partas
217 5283 414 5354 deargentatas
427 5284 562 5351 elevatur,
579 5285 644 5342 dutn
656 5287 700 5341 vei
718 5286 892 5343 orationibus
943 5281 1060 5360 singulis
1074 5291 1158 5352 prout
1171 5280 1240 5348 vult,
1256 5281 1333 5337 varie
1346 5279 1488 5336 distributi
1508 5277 1585 5334 estis.
1611 5273 1736 5342 (iurisque

90 5372 199 5427 vatris
213 5372 327 5444 eloquio
342 5374 437 5429 divino
450 5375 581 5432 consonis
596 5375 750 5445 adjuratur,
764 5377 807 5431 vel
826 5393 894 5450 prae·
942 5384 1065 5433 restrum
1083 5373 1187 5439 sedeat,
1201 5373 1326 5445 quiescat
1339 5379 1367 5428 et
1378 5372 1464 5428 tultus
1475 5369 1541 5425 lriuc
1553 5367 1617 5422 inde
1627 5365 1736 5422 duobus

91 5456 286 5526 &sationibus
299 5462 435 5519 eruditur.
464 5482 474 5516 ι
489 5461 606 5536 Eloquia
623 5483 633 5516 s
654 5465 729 5521 enirn
754 5484 764 5518 ι
784 5465 892 5523 Domini
944 5466 1023 5523 cleris
1041 5476 1170 5536 tanquam
1186 5465 1213 5518 in
1229 5464 1329 5519 lectulo
1344 5477 1396 5518 suo
1408 5461 1534 5526 dormiat,
1551 5458 1605 5515 nisi
1620 5457 1734 5521 lorteis.

92 5550 212 5625 eloquia
235 5564 322 5622 easta,
345 5566 490 5628 argentum
508 5556 572 5630 ique
592 5557 780 5612 examinatum
804 5555 890 5630 (Paul.
944 5557 992 5630 qni
1005 5574 1068 5614 eum
1082 5555 1218 5622 invitarit,
1229 5555 1304 5612 dieat
1314 5548 1733 5622 illi:adscendesuperiuslduu
1809 5573 1813 5588 ι

92 5659 135 5710 ιι,
146 5645 180 5714 7)
194 5663 228 5713 3»
254 5646 480 5719 noscet-aliquid
505 5648 548 5705 vel
571 5648 707 5704 orandum
728 5649 771 5705 vel
795 5648 893 5721 prndi-
945 5669 1002 5719 xvv,
1015 5649 1070 5719 lb),
1088 5670 1097 5703 ι
1119 5648 1222 5704 Taliter
1236 5646 1404 5704 dormientes
1425 5653 1453 5702 et
1470 5645 1642 5716 quiescentes
1666 5642 1736 5698 luter

92 5737 232 5812 ωιιιιιιιι,
247 5740 302 5798 nisi
320 5741 474 5799 secundum
490 5741 613 5820 requiam
634 5741 749 5800 istorum
769 5742 892 5814 eloquio·
946 5743 1044 5802 rrtcdios
1060 5741 1143 5798 eleros
1156 5757 1215 5797 eant
1228 5739 1344 5812 gratiam
1361 5738 1511 5811 accipietis,
1528 5746 1558 5793 ut
1568 5735 1629 5796 sitis
1643 5747 1735 5816 peristep
