3892 6067
109 232 170 320 toa
412 238 693 313 counsnruutuu
714 254 747 309 m
766 246 937 311 isannes.
956 284 990 294 -
1020 249 1112 306 raas
1129 250 1185 309 ιιι.
1211 281 1245 292 -
1262 250 1360 308 osan.
1382 252 1466 310 uua.
1697 254 1751 311 aas

110 379 185 446 lato,
196 352 300 432 scilicet
316 366 452 443 jejunium
468 369 692 428 strenationem
708 370 751 426 rel
765 369 839 425 alind
854 368 908 425 tale
922 371 946 429 Α
960 365 1092 421 anemoria
1110 362 1285 429 oblivionem,
1304 368 1374 420 ratio
1397 381 1530 433 errorent,
1556 369 1683 425 roltmtas
1707 378 1751 425 ιο·

110 465 271 541 prolatore
285 446 407 521 numano
429 456 471 517 rel
497 460 603 533 qiiaestu
633 470 752 531 terreno.
777 455 847 516 ilinc
865 467 909 515 est
960 471 1055 529 porem
1075 455 1204 513 facillime
1226 456 1376 523 luridensi
1392 459 1750 533 eamdirinepietatispo·

110 559 190 633 ‘quod
211 546 370 632 hujusmodi
386 536 571 625 negotiatores
589 567 666 609 more
680 546 831 608 iorcn'iium
857 567 908 608 ne·
960 550 1044 606 tentia
1057 543 1242 618 nonadJutat.

111 647 281 723 gotiamrum
292 637 441 702 suboumla
452 643 765 717 mipnideeap'pretiant,
779 651 806 699 ot
818 643 907 699 alieni
996 640 1129 698 Videntur
1143 640 1289 697 dissonare
1310 634 1516 711 translationes,
1531 641 1596 699 dum
1611 644 1664 700 alia
1680 644 1753 700 lette·

110 743 177 815 plus
202 739 279 811 justo
302 738 444 805 vilificant,
465 737 538 794 sieut
552 737 608 807 illo,
626 737 674 808 qui
696 736 765 792 dixit
789 752 796 789 ε
822 754 832 788 r
863 734 911 792 io»
960 740 1093 797 ratarum,
1111 734 1164 790 alia
1179 734 1385 805 nepotiatlonem
1399 734 1492 791 habeta
1509 733 1562 791 Sed
1575 735 1599 791 si
1623 738 1752 793 conside-

109 833 182 904 juno
204 830 247 887 bis
272 831 300 885 in
325 827 469 898 Sabbato,
494 828 616 885 decimas
641 829 677 883 do
699 827 822 885 omnium
844 844 907 899 quae
959 829 1032 887 ratio
1042 829 1217 896 adhibeatur,
1236 842 1291 885 non
1304 828 1420 884 multum
1431 827 1600 884 discordant.
1616 826 1754 899 Propheta

111 923 245 995 possideo
263 921 341 994 (Lae.
365 936 444 986 narrt,
471 918 526 991 li).
555 919 760 977 »Premiscrat
783 929 876 976 antem
899 936 907 973 r
960 936 1080 993 namque
1095 921 1201 988 ridens,
1215 920 1280 992 quia
1301 919 1369 976 nihil
1387 920 1518 992 proderat
1535 919 1578 975 lex
1600 921 1754 979 litteraliter

115 1012 179 1066 lion
192 1028 253 1067 reor
266 1013 335 1066 eierat
349 1010 437 1065 crateri
454 1010 600 1078 bominum,
614 1019 645 1065 ut
660 1020 709 1066 stra
723 1012 820 1067 murita
840 1007 909 1083 prae·
960 1022 1083 1084 accepta,
1098 1029 1150 1067 non
1162 1014 1281 1084 coperani,
1308 1012 1408 1083 inquit,
1430 1012 1628 1081 litteraturam,
1648 1012 1676 1069 id
1700 1022 1752 1081 est,

111 1096 215 1161 bellete
235 1102 392 1160 osleudcret
409 1104 517 1160 meritis
534 1094 664 1171 alioruin,
681 1104 753 1185 sieut
775 1108 911 1161 ouercam*-
960 1120 1016 1161 non
1031 1104 1144 1176 prolravi
1159 1104 1262 1175 pouer'e
1273 1096 1349 1177 spem
1365 1105 1463 1163 salutis
1475 1107 1505 1162 in
1517 1106 1577 1177 iege
1588 1106 1668 1178 juxta
1682 1108 1755 1164 littu-

112 1210 158 1251 res
181 1192 306 1252 forenses
322 1193 349 1249 in
373 1202 433 1250 arto
456 1192 651 1265 negotiationis
675 1190 824 1265 praeierunt
844 1209 915 1252 suas·
961 1213 1021 1253 ram
1035 1196 1183 1265 intellecta,
1196 1188 1261 1266 qula
1277 1197 1368 1252 littera
1383 1197 1450 1268 legis
1461 1213 1517 1253 nou
1531 1206 1612 1253 sanat
1626 1198 1754 1253 morbum

113 1300 224 1341 merces
241 1284 380 1341 mercibus
394 1284 524 1351 aliorum,
539 1283 613 1356 quod
627 1294 719 1342 tamen
731 1301 797 1340 non
811 1295 853 1343 est
866 1301 912 1342 ar·
961 1288 1200 1359 concupiscentiae,
1215 1289 1262 1345 sed
1280 1288 1366 1359 pratia
1383 1287 1431 1344 bet
1445 1304 1494 1359 per
1502 1288 1597 1349 lesam
1612 1288 1754 1347 Christum

112 1378 149 1432 tis
161 1376 272 1445 vitium,
286 1374 334 1432 sod
346 1374 490 1457 bominum
502 1384 562 1432 arte
584 1376 766 1446 abutentium,
781 1393 843 1449 quare
864 1393 912 1448 per
961 1380 1108 1436 Marinum
1120 1388 1256 1436 nostrum.
1269 1376 1303 1436 bt
1315 1378 1377 1435 ideo
1389 1379 1505 1435 introibo
1518 1383 1546 1436 in
1556 1384 1690 1451 potentias
1701 1383 1756 1437 lia·

113 1462 146 1525 te
156 1483 215 1523 nou
230 1467 280 1525 'est
300 1464 384 1536 mala,
396 1468 420 1523 si
434 1460 539 1543 absq'tre
563 1469 714 1525 mendaciis
724 1478 752 1525 ot
768 1469 911 1529 iraudibus
962 1472 1039 1540 mini,
1055 1472 1084 1529 id
1098 1480 1150 1541 cst,
1164 1471 1357 1543 inspiritalem
1370 1486 1495 1540 sensum,
1508 1471 1556 1543 qui
1573 1482 1700 1543 potenter
1712 1475 1755 1530 ri·

111 1567 288 1615 exercemur.
302 1557 381 1627 Quod
393 1560 458 1631 quia
470 1560 627 1617 nullatenus
639 1569 687 1617 aut
701 1562 745 1617 ria
763 1570 853 1634 potest
864 1562 912 1619 tte-
960 1563 1054 1619 ritlcat
1064 1579 1139 1631 eum,
1152 1576 1234 1635 quern
1251 1563 1342 1619 littera
1367 1560 1478 1620 occidit.
1494 1564 1536 1619 Ab
1553 1564 1649 1621 eodem
1671 1580 1756 1624 sensa

113 1650 149 1712 ri.
167 1651 288 1707 maxime
301 1651 337 1708 ab
358 1651 520 1709 bominibus
551 1654 748 1725 quarentibus,
771 1672 832 1726 quae
860 1671 911 1711 sua
961 1667 1017 1708 raon
1030 1652 1147 1708 multum
1162 1651 1265 1709 recedit
1275 1652 1321 1707 illa
1332 1652 1488 1721 translatio,
1500 1669 1562 1725 quae
1575 1655 1677 1711 babet:
1693 1654 1757 1711 Non

112 1741 193 1803 burrt,
205 1756 259 1795 non
282 1738 421 1797 immerito
441 1740 639 1825 poenitent-ibus
662 1745 835 1801 interdicitur
852 1744 912 1801 oot-
926 1731 948 1787 Β
962 1740 1071 1815 aopuooi
1094 1743 1308 1815 nepotiatr‘onem.
1324 1741 1466 1814 Siquidem
1481 1742 1525 1800 lex
1539 1740 1694 1802 litteraliter
1713 1746 1757 1802 iu·

113 1832 192 1885 cium
207 1832 365 1902 rregotiandi
379 1833 452 1889 sieut
476 1834 622 1903 militandi,
650 1852 713 1891 cum
742 1837 912 1894 tamensim
963 1834 1069 1893 tellecta
1084 1834 1217 1905 populum
1237 1833 1347 1889 nonnisi
1371 1834 1519 1890 carnaliter
1538 1834 1715 1905 informabat,
1728 1847 1757 1893 rt

113 1922 254 1992 rrepotiari
269 1923 459 1981 siremllitarc
473 1924 612 1996 perlectus
636 1928 718 1983 bomo
741 1927 830 1985 ualeat
854 1929 912 1985 sire
962 1927 1031 1982 nibil
1054 1940 1111 1981 non
1131 1934 1271 1982 terrenam
1297 1941 1394 1997 sapere
1417 1926 1534 1984 docebat
1552 1928 1631 1998 juxta
1652 1928 1720 1984 illud
1745 1940 1754 1984 t

113 2012 306 2082 damnatione,
320 2012 430 2073 bernard
446 2017 585 2090 praecipue
609 2010 657 2074 illa
677 2021 795 2087 cautela,
812 2030 843 2078 ut
856 2025 912 2079 nou
966 2038 976 2072 a
995 2018 1024 2074 Si
1037 2017 1189 2086 nolueritis,
1206 2027 1234 2074 et
1250 2014 1458 2085 redimitione,
1475 2019 1548 2075 bona
1567 2028 1756 2077 terraeque

115 2105 201 2162 iaciat
212 2106 290 2163 alteri
305 2109 379 2179 quod
391 2110 444 2180 ¹sibi
458 2109 528 2168 nolit
538 2110 608 2167 lieri.
621 2100 742 2170 ¹Possunt
753 2129 819 2188 erqo
829 2117 912 2172 etiam
963 2113 1033 2168 cletis
1046 2109 1116 2183 (iso.
1131 2126 1152 2179 r,
1168 2111 1224 2181 ta),
1243 2130 1252 2165 r
1271 2121 1298 2168 et
1317 2111 1378 2168 ideo
1390 2111 1458 2167 tales
1468 2111 1651 2167 intellectores
1673 2127 1757 2184 nepo*

113 2198 188 2255 tales
212 2199 398 2269 negotiatores
415 2201 529 2259 introire
544 2205 573 2257 in
589 2207 722 2273 potentior
745 2205 854 2262 bannim
871 2208 912 2263 rei
964 2202 1076 2258 tiatores
1090 2201 1164 2270 lecit,
1181 2203 1234 2259 boc
1249 2213 1301 2271 est,
1317 2202 1391 2260 eirca
1406 2203 1544 2261 bonorum
1559 2206 1755 2276 temporalium

115 2288 173 2349 'reon
190 2292 354 2363 fraudando,
370 2295 414 2351 vel
425 2295 584 2352 defraudata
592 2298 719 2369 eremplo
730 2292 848 2367 Zaclraei,
860 2301 912 2357 etsi
964 2296 1087 2364 (tltaesltlss
1097 2293 1237 2364 occulteti-
1254 2291 1341 2350 Porto
1357 2289 1493 2365 Propheta
1508 2295 1662 2352 libertatem
1675 2296 1757 2367 spiri*

115 2399 171 2438 nnn
189 2395 220 2439 ut
237 2384 293 2450 illc,
309 2384 337 2440 in
361 2387 560 2458 quadruplum,
575 2388 672 2445 saltem
693 2404 744 2460 pro
760 2405 841 2461 posse
852 2392 914 2446 red-
964 2396 1021 2453 tus,
1038 2386 1087 2457 qui
1099 2388 1287 2458 rrepota'ationls
1307 2387 1390 2457 liujus
1413 2386 1520 2443 vincula
1534 2388 1678 2459 dirumpit,
1698 2403 1756 2444 aru·

114 2473 218 2529 dendo.
246 2472 346 2531 ilerum
368 2474 493 2545 Jutlaica,
518 2488 548 2533 ut
566 2479 671 2535 dictum
689 2490 744 2548 est,
760 2483 803 2538 uel
823 2481 913 2538 Simo·
964 2480 1087 2551 plectens
1102 2494 1154 2532 non
1168 2479 1287 2551 capanei,
1299 2479 1348 2547 ait,
1364 2479 1579 2550 recordationem,
1596 2478 1685 2548 idest,
1701 2494 1757 2535 nort

116 2566 198 2622 niaca
214 2568 358 2638 crepatiotio
373 2569 476 2625 claudit
489 2570 633 2627 introitum
654 2573 683 2627 in
698 2575 831 2646 potentiae
858 2572 914 2629 lio·
964 2569 1053 2639 placet
1069 2572 1137 2626 mibi
1153 2570 1196 2627 lex
1212 2572 1252 2628 sic
1265 2570 1413 2636 intellecta,
1430 2580 1461 2627 ut
1474 2571 1595 2627 involant
1619 2587 1663 2628 me
1679 2589 1758 2643 nepo-

117 2659 196 2712 nini.
224 2657 315 2714 Potuit
339 2657 433 2715 Simon
465 2659 561 2734 liugos
585 2662 612 2719 in
637 2662 698 2720 telle
723 2665 914 2723 amaritudinis
965 2661 1122 2718 tiationibnr
1134 2663 1370 2719 observantiamm
1381 2662 1534 2719 carnalium
1547 2664 1677 2733 usquead
1689 2671 1759 2719 terri·

116 2752 236 2807 maneus
251 2751 355 2807 intrare
365 2752 393 2807 in
407 2751 510 2809 iontem
527 2754 655 2826 baptismi
668 2755 726 2811 siae
737 2755 765 2811 in
782 2756 912 2828 templum
965 2770 1018 2826 pus
1029 2756 1208 2812 correctionis
1224 2740 1426 2826 imprsitarum,
1442 2761 1469 2810 et
1483 2765 1548 2811 tunc
1561 2754 1681 2809 maxime
1696 2762 1759 2809 trito

118 2842 230 2899 Domini
257 2844 302 2899 rel
327 2845 410 2900 etiam
434 2845 559 2918 recipere
586 2862 688 2918 corpus
716 2846 841 2916 Domini,
866 2848 915 2904 sed
967 2847 1055 2902 tilium
1070 2848 1111 2903 uel
1133 2847 1217 2903 etiam
1239 2845 1450 2913 damnabilium,
1473 2860 1536 2901 eum
1559 2844 1629 2899 ilunt
1646 2855 1759 2915 propter

115 2935 247 3003 ponium
270 2932 392 3007 ropnooit
405 2943 433 2991 et
450 2934 612 3008 approbavit
629 2939 833 3011 nepotiotinnem
853 2946 916 3010 pei-
966 2935 1183 2993 'emolumentum
1204 2936 1346 3008 quodlibet
1359 2935 1544 3005 annularent
1557 2943 1599 2992 est
1618 2934 1696 2992 lavor
1707 2936 1760 2991 bue

118 3025 223 3082 siurim
246 3040 280 3083 ex
305 3035 372 3084 tuuc
385 3027 421 3083 ab
437 3028 500 3099 ipso
516 3030 732 3094 derrominatanr,
749 3045 803 3085 non
827 3032 950 3125 potuitc
967 3043 1056 3084 manre
1070 3028 1160 3084 laudis
1176 3029 1217 3084 rel
1231 3028 1326 3100 gratim
1340 3028 1398 3084 sire
1409 3029 1585 3084 commodum
1598 3028 1762 3099 amputato,

120 3133 171 3190 per
196 3127 370 3175 sacramenta
391 3118 509 3176 risibilia
531 3121 645 3178 introire
663 3122 693 3177 in
707 3123 841 3194 potentior
863 3122 916 3180 Do-
968 3121 1051 3177 Liber
1070 3121 1172 3192 itaque,
1211 3121 1268 3176 imo
1294 3136 1342 3191 per
1366 3119 1482 3192 qratiam
1503 3119 1671 3176 liberatusa
1696 3120 1760 3175 nlt-

117 3210 199 3265 nini.
704 3233 709 3245 ·
968 3214 1021 3271 bus
1041 3212 1264 3287 nepotiatinnibas
1291 3226 1343 3284 ego
1361 3211 1449 3269 Filius
1470 3209 1595 3266 ionadab
1621 3207 1761 3282 spontanei

155 3302 206 3358 Sic
215 3303 392 3376 molliusque
403 3304 484 3360 bodie
498 3305 537 3360 illi
550 3303 709 3362 consimiles
721 3304 914 3379 nogotiatores,
967 3312 1065 3377 sponte
1079 3302 1205 3360 uidelicet
1218 3301 1293 3358 Patri
1308 3302 1462 3359 obedientis
1475 3300 1586 3370 Gloriari,
1604 3309 1632 3357 et
1647 3312 1698 3374 ego
1708 3314 1762 3372 por

118 3392 149 3449 ln
179 3393 280 3451 officiis
303 3395 499 3453 oeemsiastieis
525 3399 644 3454 maximo
669 3397 711 3453 rel
741 3399 916 3455 solummodo
968 3395 1151 3452 obedientiam
1178 3401 1360 3466 spontaneam
1382 3391 1556 3451 introductas
1574 3393 1602 3447 in
1626 3396 1761 3464 potentiae

117 3502 184 3557 quae
198 3502 249 3543 sua
263 3495 328 3543 sunt
340 3478 506 3558 querentes,
519 3499 572 3543 uota
586 3490 734 3545 introibant
745 3488 774 3545 ln
785 3492 916 3561 potentius
968 3487 1089 3544 domim.

119 3577 244 3644 dominia
256 3579 331 3651 quin,
344 3578 408 3635 licet
419 3582 538 3651 speeiem
551 3581 662 3653 pietatis
675 3581 809 3649 babeant,
825 3591 916 3637 tamen
941 3632 944 3645 ,
1004 3580 1116 3637 Domine
1129 3578 1294 3634 memorabor
1306 3578 1490 3649 jectitione
1510 3578 1605 3641 solius,
1620 3591 1682 3648 quae
1706 3592 1771 3633 non·

118 3664 254 3725 ririu'tem
267 3666 327 3741 dus
342 3670 490 3743 abnegant.
503 3670 537 3726 Ει
551 3681 661 3729 constat
677 3672 737 3729 sine
746 3672 846 3729 virtute
863 3671 919 3743 pie
968 3683 1012 3731 est
1024 3689 1056 3729 ex
1075 3671 1134 3743 lege
1163 3668 1391 3727 ceremoniarum
1406 3669 1434 3725 in
1457 3667 1548 3725 littera
1571 3668 1639 3739 legis
1650 3669 1764 3724 tradita*

120 3763 188 3819 tatis
202 3762 243 3819 ita
255 3762 348 3819 inania
370 3771 398 3819 et
411 3772 520 3821 mortua
535 3779 597 3821 esse
618 3764 712 3820 omnia
734 3773 917 3831 sacramenta,
971 3780 1043 3834 rum,
1058 3781 1109 3823 nec
1123 3783 1157 3823 es
1171 3766 1278 3823 uiribus
1290 3767 1370 3823 liberi
1395 3766 1503 3823 arbitrii
1521 3762 1669 3822 liberatore
1690 3765 1763 3822 inulta

120 3855 196 3913 sicam
204 3870 308 3926 corpus
315 3854 420 3928 absque
431 3856 533 3913 anima.
547 3855 662 3927 Propter
672 3855 747 3926 qnod
763 3864 858 3913 saneta
870 3854 920 3912 Ec·
970 3860 1070 3930 gentis,
1081 3876 1143 3916 cum
1159 3859 1248 3917 sinnas
1262 3859 1297 3915 de
1310 3874 1427 3916 numero
1440 3860 1564 3931 priorum
1577 3859 1762 3930 captivorum,

121 3944 206 4003 clesia
226 3961 260 4004 er
272 3948 335 4005 nttts
349 3947 485 4016 ionadab,
497 3950 523 4005 id
537 3956 589 4016 est,
600 3949 739 4019 spontanei
751 3947 851 4003 citrini
862 3949 919 4004 coi·
971 3961 1090 4024 utsupra
1098 3952 1299 4023 estexpositus,
1311 3942 1477 4007 numerabar
1479 3952 1595 4022 justitia
1606 3961 1659 4006 tum
1669 3949 1763 4015 rolina,

121 4039 194 4096 lecta
209 4038 263 4110 ipsi
274 4038 350 4097 Patri
370 4041 511 4110 obediens,
524 4051 552 4098 et
564 4050 660 4097 contra
680 4041 741 4112 eius
752 4049 919 4111 praeceptum
970 4057 1033 4112 que
1046 4054 1101 4096 non
1114 4056 1148 4096 er
1163 4040 1233 4112 lege,
1249 4042 1295 4097 sed
1317 4057 1352 4096 ex
1367 4042 1420 4097 tide
1436 4049 1479 4096 est
1494 4041 1669 4097 credentibus
1684 4041 1711 4095 in
1727 4049 1764 4106 te,

120 4148 178 4187 non
193 4131 293 4189 bibens
304 4133 411 4202 sinum,
427 4133 455 4189 in
468 4149 524 4205 quo
537 4140 580 4191 est
592 4132 712 4198 luxuria,
729 4136 865 4190 ‘contenta
878 4132 920 4187 ri·
971 4132 1018 4204 qni
1029 4132 1167 4204 iustificus
1181 4132 1307 4202 impium.
1331 4131 1361 4185 ln
1377 4132 1430 4186 bac
1453 4131 1561 4200 justitia
1584 4130 1652 4185 nibil
1674 4133 1767 4200 potest

121 4236 171 4288 uo,
187 4221 265 4292 quod
282 4223 403 4281 letidoat
415 4236 463 4281 cor
477 4224 608 4290 bominis,
623 4224 807 4295 habitansque
827 4223 856 4278 in
878 4231 920 4278 ta·
972 4222 1085 4280 attribui
1103 4224 1231 4279 hrrnrauae
1245 4221 1351 4290 virtuti,
1373 4222 1504 4293 qttoniam
1527 4220 1586 4278 sola
1601 4219 1695 4276 diviua
1708 4219 1767 4290 pta-

122 4312 295 4382 bernaculis,
310 4331 372 4387 qum
383 4317 614 4373 suutbabitacula
624 4316 857 4390 peregrinantium
870 4330 918 4372 seu
973 4323 1016 4370 tas
1032 4312 1059 4368 in
1074 4312 1157 4369 corde
1171 4311 1309 4368 credentis
1319 4311 1421 4367 excitat
1440 4312 1607 4368 voluntatem
1624 4310 1768 4366 seminan-

122 4410 319 4478 mniranatum‚
342 4411 414 4468 sicut
436 4411 508 4484 psum
532 4412 656 4470 ecclesiae
679 4411 722 4468 ve}
745 4411 921 4479 monasteria,
937 4401 960 4457 b
974 4406 1010 4461 do
1023 4406 1111 4461 bonas
1124 4403 1317 4475 cogitationes,
1337 4411 1365 4459 et
1377 4403 1455 4474 jurat
1469 4403 1504 4459 ad
1524 4404 1612 4458 bonas
1631 4400 1765 4465 actiones.

123 4501 168 4557 vet
193 4500 367 4558 wnodochra
382 4513 541 4561 sanctorum
567 4513 661 4561 sancte
684 4505 834 4561 viventium
843 4522 851 4573 3
870 4502 922 4559 130.
973 4506 1001 4553 et
1013 4495 1165 4551 inflammat
1178 4494 1212 4551 ad
1225 4494 1313 4550 bonas
1328 4493 1487 4550 affectiones
1510 4509 1558 4564 per
1573 4508 1603 4548 sc
1618 4490 1653 4547 ad
1666 4491 1767 4563 justius

124 4591 222 4659 etesia,
239 4593 364 4666 inquam,
386 4594 449 4652 talis
464 4595 492 4652 in
506 4582 571 4653 liliis
594 4596 678 4652 castis
701 4596 729 4651 in
746 4596 806 4653 boe·
819 4594 922 4652 mundo
973 4589 1108 4646 cntionem
1131 4585 1367 4654 sufficientes,be
1389 4584 1459 4641 lorte
1473 4583 1592 4641 deluerit
1613 4588 1722 4654 tempus
1740 4591 1768 4639 et

124 4686 367 4756 peregrinantibus
379 4695 407 4742 et
417 4687 598 4745 militantibus
609 4695 691 4759 atque
703 4686 775 4743 Patri
788 4686 920 4743 obedien·
975 4681 1092 4739 inemtas
1110 4681 1239 4754 operandi
1253 4679 1328 4752 quod
1341 4679 1446 4736 bonum
1458 4684 1511 4735 est.
1531 4676 1601 4745 Quia
1616 4692 1683 4750 ergo
1707 4677 1767 4733 baee

125 4773 203 4831 tibus
218 4787 293 4833 recte
304 4793 338 4833 ae
349 4780 482 4836 veraciter
496 4779 563 4836 dicit
578 4792 585 4835 t
603 4779 736 4846 Quoniam
760 4795 813 4834 uon
829 4784 942 4849 caprio*
971 4774 1083 4844 justitia
1094 4786 1128 4829 ex
1144 4770 1404 4841 te,1leus,initiam
1420 4768 1574 4842 proiectum
1594 4778 1623 4825 et
1637 4776 1774 4863 consumi

126 4869 152 4921 ei
164 4869 384 4938 repedationem,
398 4870 515 4925 introibo
532 4872 560 4925 in
581 4872 712 4941 potentior
726 4869 844 4937 Domini,
861 4882 923 4925 eunt
976 4863 1125 4920 arationem
1150 4861 1242 4926 babet,
1259 4859 1308 4916 tibi
1323 4860 1382 4916 sola
1407 4860 1574 4931 assignanda
1594 4869 1646 4926 est,
1668 4858 1774 4915 ctideo'

126 4961 251 5030 speciem
277 4961 387 5033 pictatis
401 4963 528 5019 bollando
547 4963 629 5020 etiam
649 4963 779 5019 uirtutem
803 4962 923 5033 pietatis,
977 4952 1142 5011 mernorabor
1153 4951 1272 5023 justitio
1295 4960 1349 5007 tum
1367 4949 1461 5007 tollor.
1475 4950 1509 5006 iit
1523 4960 1554 5007 ut
1568 4952 1620 5007 boe
1636 4948 1769 5018 intelilge-

106 5118 113 5130 ι
129 5058 171 5113 οι,
185 5051 264 5107 umbi
281 5053 381 5122 pratia,
394 5053 490 5109 dicens
510 5069 554 5109 me
570 5054 597 5109 in
614 5052 725 5110 cbristo
742 5068 852 5109 manere
866 5065 926 5108 aur·
977 5062 1047 5113 rein,
1061 5054 1101 5112 ²1¹2

127 5144 222 5201 batem
235 5146 310 5201 sicut
324 5146 384 5219 ipse
394 5147 556 5214 ambularit,
568 5162 624 5203 nou
640 5147 667 5202 iu
683 5161 753 5213 mea,
767 5146 814 5202 sed
826 5145 854 5200 in
864 5145 925 5216 eius
1013 5133 1096 5193 Vols·
1119 5133 1162 5192 Π·
1178 5135 1261 5203 Dete
1275 5135 1392 5191 docuisti
1413 5152 1453 5189 ἰιι
1470 5134 1637 5204 altilem&
1654 5145 1722 5195 titt.
1743 5138 1768 5183 τι

127 5237 266 5308 potentia,
277 5237 331 5309 qui
342 5238 484 5306 omnibus,
500 5257 509 5290 a
526 5246 662 5309 quotquot
674 5251 738 5292 eum
753 5243 925 5308 receperunt,
978 5243 1059 5300 arque
1077 5242 1146 5281 nune
1159 5224 1336 5297 pronuntiabo
1360 5223 1496 5278 mirabilia
1514 5232 1571 5277 tour
1589 5219 1630 5275 Tu
1653 5217 1770 5274 docuisti

127 5329 205 5386 dedit
221 5338 388 5401 potestatem
403 5329 475 5388 tilios
490 5329 537 5386 liei
549 5330 620 5398 lieri,
635 5328 689 5396 bis,
703 5328 751 5401 qtti
766 5326 883 5385 credunt
897 5327 927 5381 in
978 5335 1022 5377 tne
1035 5318 1185 5391 intelligere
1194 5315 1385 5394 quodjustitia
1402 5313 1465 5369 ridel
1480 5320 1525 5368 toa
1536 5320 1578 5368 est
1589 5321 1616 5367 et
1629 5321 1663 5365 er
1676 5318 1703 5365 te
1715 5314 1769 5374 est,

128 5421 244 5478 nonrine
257 5420 422 5493 eiasiioan.
438 5437 459 5490 r,
474 5422 530 5495 ii),
543 5429 572 5479 et
584 5420 722 5478 credendo
736 5420 884 5476 introibant
898 5417 926 5473 ln
979 5415 1027 5485 qui
1050 5412 1130 5469 idem
1149 5408 1281 5481 inspiras,
1296 5416 1323 5462 et
1346 5406 1448 5474 eidem,
1471 5414 1502 5461 ut
1525 5420 1574 5477 per
1594 5401 1771 5504 dilectionem

129 5516 268 5584 mantiae
294 5513 405 5572 domim
421 5516 537 5573 mininie
557 5514 724 5571 eonbdentes
744 5513 773 5569 in
796 5511 926 5584 potentiis
979 5514 1108 5578 operetur
1121 5502 1190 5559 uelle
1203 5509 1322 5568 rectum,
1336 5498 1447 5571 aspiras
1457 5498 1527 5555 dans
1539 5506 1613 5553 reete
1625 5502 1726 5550 sentire
1739 5502 1772 5548 ae

130 5606 233 5663 animae
253 5606 385 5665 burnanre
404 5608 447 5665 rel
474 5607 600 5678 eorporis
624 5604 829 5678 cormptibilis,
852 5604 927 5676 ipsas
980 5605 1056 5654 recto
1067 5594 1235 5662 consentire,
1251 5602 1282 5648 nt
1296 5592 1353 5650 sint
1370 5590 1439 5648 recti
1456 5590 1538 5647 corde
1552 5589 1712 5661 quicunque
1726 5582 1772 5655 inc

131 5700 233 5757 aalma
243 5696 810 5774 potentiaeappratamiserdeprimentis,
825 5694 926 5768 ateias
980 5688 1134 5746 stillcantor
1157 5692 1185 5741 et
1208 5682 1395 5742 rccdllmntur
1418 5697 1453 5739 er
1476 5679 1565 5738 reita
1587 5675 1772 5741 danmatione,

293 5794 431 5857 Parnon.
452 5791 586 5858 cxciv,
1578 5774 1616 5835 1⁰
