3892 6067
210 301 264 363 mr
698 252 1064 353 semrorrrrmnrosmi
1085 290 1359 353 ueratrunsnsno.
1581 330 1585 336 .
1795 289 1864 351 oue

209 433 273 478 corn
285 427 313 477 ιι
325 417 355 474 ln
365 413 476 474 silentio
488 420 517 468 et
528 409 677 481 inloquela
692 409 788 467 timeat
800 410 965 482 periculum.
976 408 1005 464 ln
1020 415 1045 473 Α
1059 410 1106 467 ιιι
1124 408 1309 467 multitudinis
1323 406 1397 467 lacto
1410 421 1493 479 super
1509 421 1539 466 ιι
1551 406 1656 480 Spiritu
1668 405 1780 463 llomlni
1795 409 1863 464 cla-

209 511 348 569 anxietatc
370 501 530 579 hujusmodl
553 516 606 575 ego
632 501 703 558 ciris
726 500 879 560 Jerusalem
899 500 1003 558 nulbm
1056 502 1266 561 mauitdirenss
1285 500 1414 559 ‹0Juda
1432 510 1460 559 et
1473 499 1862 571 Jemsalemmolitetimem,

209 601 299 657 habco
313 596 533 655 consolationem
548 603 647 666 preter
663 594 704 651 tui
724 595 929 661 memorianus
950 610 1005 652 cm·
1055 610 1118 651 cras
1130 593 1319 667 egrediemini,
1334 603 1362 651 ιι
1376 592 1510 651 Dominus
1525 592 1580 649 erit
1601 592 1757 651 uobiscum.
1774 592 1862 649 Con·

202 690 287 747 lestis
297 688 460 747 Jerusalem.
473 686 597 759 ὓιιιιιιιι
612 686 640 742 in
655 685 776 743 amicitia
789 685 1019 760 Babyloniorum.
1056 696 1161 744 stantes
1170 695 1259 747 estote
1272 696 1301 743 et
1314 684 1442 743 videbitis
1463 683 1599 740 auxilinm
1615 682 1663 741 liei
1688 698 1774 755 super
1802 700 1862 743 ros

202 776 451 836 ·renuitconsolari
471 775 565 833 enirm
588 789 660 844 mea,
684 774 802 847 ideoque
834 775 1004 833 memorial
1055 776 1101 847 (ll
1115 774 1210 834 Paral.
1238 794 1286 844 xx,
1307 777 1394 848 ill.»
1419 775 1565 845 Quomodo
1590 776 1635 832 illc
1649 776 1790 848 predixit,
1813 778 1863 836 sic

211 869 259 928 llei
271 869 344 943 regis
353 867 519 935 Jerusalem,
538 877 566 926 ιι
581 869 733 925 delectatus
754 884 828 935 sum,
851 869 917 941 qnia
944 870 1005 941 ipse
1056 868 1159 926 lactum
1184 877 1237 937 est,
1262 877 1294 925 ιιι
1313 868 1419 925 mutuis
1440 867 1603 925 uolneribus
1625 869 1728 925 mortni
1756 869 1862 929 hostes

144 950 150 963 '
202 977 259 1033 per
269 961 415 1017 Jeremiam
428 959 556 1033 promisit
575 959 762 1031 captivitatem
783 960 941 1017 solvendam
964 961 1005 1018 ci-
1054 958 1206 1015 Jerusalem
1218 959 1292 1015 diem
1306 958 1399 1016 imum
1415 957 1538 1016 lacerent
1551 957 1686 1029 Josapbat
1700 959 1757 1031 regi
1770 970 1863 1017 ωιι-

212 1055 457 1112 rinmJerusalam.
478 1052 513 1111 Et
535 1053 597 1110 ideo
615 1052 639 1110 si
662 1067 718 1109 nou
737 1053 889 1108 meminero
917 1054 1004 1121 tui,o
1056 1050 1150 1121 risque
1164 1048 1271 1107 ciuibus
1291 1047 1453 1116 Jerusalem,
1467 1047 1686 1120 quiaolligentes
1695 1051 1862 1107 occisorum

201 1151 373 1219 ,gemm
386 1159 435 1206 aug
1056 1142 1144 1213 spolia
1155 1140 1235 1198 ditati
1261 1148 1327 1198 sunt
1347 1142 1426 1197 ualde
1440 1149 1525 1212 alonte
1538 1141 1669 1197 latitleati
1690 1157 1746 1198 non
1761 1142 1862 1200 solnm

247 1239 330 1296 Vsus.
348 1241 376 1307 5,
388 1240 414 1296 d.
431 1238 462 1295 Si
474 1238 572 1295 allitus
588 1238 664 1308 suero
684 1238 724 1292 tui
749 1236 852 1309 aliquid
868 1251 952 1309 agens
969 1237 1004 1293 ad
1056 1232 1091 1290 de
1103 1231 1204 1289 occisis
1219 1230 1346 1288 hostibus
1366 1229 1529 1299 Jerusalem,
1548 1232 1596 1288 sed
1609 1230 1693 1289 etiam
1705 1232 1740 1288 de
1755 1234 1863 1304 spoliis

210 1332 374 1405 placendum
392 1330 566 1389 solummodo
578 1329 764 1401 Babylonicis,
790 1328 917 1384 obliuioni
927 1330 1005 1385 detur
1056 1323 1178 1382 collectis
1195 1323 1222 1380 in
1235 1323 1307 1379 ualle
1323 1319 1467 1393 Josapbat,
1482 1323 1557 1394 quod
1569 1322 1762 1395 interpretatur
1774 1325 1861 1381 vallis

210 1424 320 1481 deutera
333 1439 403 1491 mea,
418 1423 483 1480 etei
496 1421 572 1493 loqui
586 1421 699 1479 valuero
714 1421 818 1493 aliquid
850 1419 884 1476 ad
895 1421 1006 1492 placen·
1053 1416 1170 1487 judicii,
1196 1424 1225 1474 et
1243 1430 1278 1473 ex
1301 1422 1368 1471 tnnc
1394 1413 1468 1470 dieta
1483 1423 1527 1471 est
1549 1414 1628 1470 nullis
1653 1414 1860 1475 imadictianis.

211 1517 277 1572 dum
288 1514 396 1571 uiribus
410 1510 579 1584 Babyloniae,
605 1510 634 1567 in
646 1526 703 1583 quo
717 1510 833 1567 dicendo
846 1526 898 1565 nan
913 1510 1006 1565 menri-
1057 1505 1147 1571 lunc,
1162 1520 1180 1561 o
1197 1503 1314 1562 bomine
1337 1503 1551 1572 dominantium,
1565 1503 1645 1561 luisti
1668 1522 1769 1560 mamm
1781 1505 1861 1576 pilie-

199 1620 274 1661 ’nera
285 1604 336 1669 tui,
356 1603 493 1659 adhereat
510 1602 604 1674 liugom
628 1618 686 1657 mea
706 1601 828 1672 faucious
838 1600 914 1657 auia.
933 1599 1006 1655 Malo
1058 1614 1117 1654 retra
1133 1597 1220 1653 Etiam
1230 1597 1259 1652 in
1269 1597 1340 1652 diem
1356 1597 1610 1654 etconsolationem
1628 1596 1793 1655 Jerusalem.
1808 1598 1862 1656 Sic

210 1695 285 1752 enim
298 1693 441 1752 essenihil
455 1708 540 1765 agens
554 1692 679 1764 nihilque
703 1690 925 1763 loquens,quam
940 1691 1006 1747 talia
1057 1705 1122 1763 ergo
1136 1700 1164 1748 et
1176 1705 1250 1747 nunc
1260 1705 1361 1746 memor
1371 1698 1427 1747 esse
1447 1689 1566 1761 iliorum
1591 1688 1718 1745 Edomiu
1731 1690 1805 1746 diem
1830 1700 1862 1747 ct

211 1786 287 1860 loqui
300 1785 345 1843 vel
358 1801 450 1859 agere,
462 1799 525 1857 quae
544 1798 602 1840 non
624 1782 780 1854 pertineant
792 1782 827 1838 ιι
843 1791 879 1851 te,
893 1797 911 1838 o
925 1780 1007 1838 Jeru·
1023 1752 1276 1839 Bconsolationem
1289 1779 1451 1846 Jerusalem,
1468 1788 1499 1836 nt
1510 1779 1615 1836 inimici
1632 1778 1781 1838 domestici
1794 1781 1860 1837 dis·

211 1880 304 1937 salem.
325 1878 414 1949 auno
429 1877 491 1934 ideo
506 1890 562 1933 non
576 1875 698 1948 optantis
718 1881 800 1942 voto,
825 1873 873 1931 sed
887 1873 1008 1945 prophe·
1057 1876 1203 1933 condentes
1224 1874 1335 1947 linguas
1370 1887 1437 1930 suas
1458 1871 1700 1943 commanducent,
1729 1872 1811 1957 sicut¹
1828 1874 1859 1929 in

202 1969 297 2027 ranas
308 1968 398 2026 adicio
409 1968 483 2035 dioo,
503 1966 657 2024 utneniant
673 1980 757 2037 super
777 1980 822 2021 me
834 1965 1008 2038 imprecatio·
1057 1966 1220 2041 Apocalypsi
1238 1966 1332 2039 (ripae.
1348 1981 1407 2035 ιιι,
1430 1964 1475 2033 to,
1491 1964 1537 2037 ll)
1551 1963 1661 2036 legitur,
1685 1980 1718 2021 ac
1733 1965 1806 2021 inter
1828 1981 1861 2023 se

213 2076 263 2118 nes
276 2061 352 2117 istae:
367 2060 511 2116 adhereat
521 2058 614 2131 lingue
626 2074 685 2114 area
698 2056 821 2129 saucibus
840 2057 1008 2127 meinsinatt
1057 2062 1162 2120 motuis
1177 2060 1339 2118 vulneribus
1358 2058 1468 2128 cadant,
1483 2071 1640 2130 monteque
1655 2057 1703 2115 liei
1725 2055 1860 2115 Eamne

118 2135 127 2158 “
212 2152 354 2208 meminero
374 2153 425 2219 tui,
449 2161 477 2208 ιι
490 2150 667 2208 obliviscatur
681 2164 727 2206 me
749 2148 861 2206 dextera
879 2136 952 2219 mea,
977 2159 1009 2207 ut
1057 2168 1153 2226 pacem
1166 2154 1324 2225 relinquant
1335 2151 1389 2209 illis
1408 2152 1523 2208 omnino
1542 2149 1705 2215 humiliatis,
1722 2150 1769 2222 goi
1782 2166 1860 2208 nante

213 2242 283 2299 ”llll
302 2243 393 2300 (lilim
414 2242 457 2300 iel
471 2257 551 2314 agam
561 2241 654 2313 botius
667 2256 752 2314 quant
767 2257 823 2298 non
843 2241 914 2299 bene
927 2256 1007 2314 agam
1057 2247 1169 2305 exaltati
1181 2255 1208 2304 et
1224 2245 1289 2304 elati
1301 2255 1399 2303 mutuo
1415 2259 1447 2302 se
1458 2245 1638 2302 exhortantes
1657 2243 1750 2299 dicem
1763 2259 1774 2297 .·
1788 2243 1859 2299 Esi-

213 2335 256 2390 rel
270 2334 371 2393 dicant.
401 2333 530 2403 Veniant,
552 2335 677 2405 inquam,
697 2334 910 2405 imprecationes
934 2336 1006 2403 ista,
1058 2338 1160 2406 nauie,
1176 2338 1312 2394 eeirranite
1326 2352 1409 2408 usgue
1423 2336 1458 2390 ad
1472 2334 1673 2406 laudamentum
1692 2321 1858 2407 mengone

205 2429 238 2484 si
251 2443 309 2485 non
332 2442 504 2499 proposuero
528 2424 679 2481 Jerusalem
700 2425 729 2480 in
752 2425 884 2497 pripripio
905 2426 1010 2485 letitie
1058 2441 1100 2488 est
1114 2431 1225 2488 dicere:
1240 2427 1281 2485 lta
1291 2427 1425 2485 destruite
1447 2426 1584 2484 ciuitatem
1598 2425 1762 2492 Jerusalem,
1779 2428 1859 2485 utsit

210 2538 289 2590 mee,
303 2521 341 2578 ita
352 2520 478 2577 uidelicet
501 2526 534 2576 at
547 2518 600 2576 etsi
614 2518 785 2590 aliquantula
801 2519 870 2576 mihi
884 2519 1009 2591 subrepit
1060 2522 1151 2581 inanis
1164 2528 1193 2578 et
1203 2534 1291 2577 sacua
1317 2517 1426 2576 nisibus
1440 2528 1468 2575 et
1480 2519 1587 2576 diuitiis
1600 2518 1662 2590 sius
1673 2519 1783 2588 ablatis,
1804 2534 1858 2577 nec

211 2615 310 2670 letitia
334 2613 369 2669 de
381 2609 565 2684 prosperitate
585 2610 736 2679 mundana,
751 2619 844 2668 tamen
868 2611 897 2666 irt
908 2611 1009 2683 prinei·
1058 2612 1148 2684 lapide
1158 2626 1241 2684 snper
1249 2610 1368 2683 lapidem
1382 2620 1542 2669 remanente
1556 2613 1683 2684 amasai
1696 2612 1857 2683 laudamen-

211 2707 257 2777 pia
268 2705 369 2762 letitia
382 2719 438 2760 non
453 2702 490 2760 sit
510 2700 674 2770 Jerusalem,
689 2709 720 2758 ut
739 2701 839 2760 exinde
852 2700 1010 2774 principali·
1059 2716 1116 2761 ram
1128 2706 1156 2760 in
1176 2721 1209 2761 ea
1224 2718 1428 2772 remansurum,
1452 2704 1518 2776 quia
1534 2718 1616 2760 rrcmo
1640 2713 1730 2776 potest
1752 2702 1855 2761 tanda-

213 2808 256 2856 ter
267 2796 417 2871 gaudeam,
433 2795 510 2868 qnod
534 2794 596 2867 ejus
616 2809 666 2866 per
676 2795 780 2862 omnia,
805 2809 868 2867 qnae
881 2793 944 2852 dico
965 2794 1008 2852 ιιι
1059 2806 1183 2854 mentum
1196 2796 1270 2854 aliud
1285 2796 1315 2850 iu
1323 2811 1355 2851 eu
1367 2810 1468 2866 ponere
1476 2804 1575 2867 prator
1590 2793 1617 2852 id
1634 2795 1709 2868 quod
1734 2796 1856 2867 positum

211 2905 276 2966 ago,
287 2889 450 2947 memoriam
462 2900 542 2945 sorno
560 2887 633 2959 apud
649 2902 694 2944 me
707 2888 736 2942 iu
749 2887 882 2958 omnclpia
904 2885 1010 2944 letitie
1058 2898 1110 2947 ιιι.
1123 2887 1239 2959 ideoque
1255 2887 1437 2945 fundamento
1450 2887 1510 2945 solo
1522 2898 1682 2945 remanente
1698 2890 1793 2945 omnia
1804 2906 1855 2947 su-

212 2999 289 3050 nteoe,
301 2981 329 3039 in
352 2980 497 3054 principali
512 2981 612 3054 gaudio
642 2980 794 3037 seeundum
807 2979 874 3036 illud
884 2978 1010 3052 Evange-
1059 2977 1240 3052 peraedillcata
1257 2992 1307 3036 ros
1318 2977 1422 3035 inimici
1435 2978 1497 3049 cius
1511 2978 1628 3048 auferte,
1644 2989 1676 3036 ut
1689 2978 1854 3036 lundomen-

213 3075 301 3130 linm:
321 3092 331 3125 ι
348 3073 470 3130 Gaudete
483 3072 557 3144 quod
579 3071 693 3128 nomina
717 3079 807 3129 uestra
826 3071 929 3144 scripta
943 3081 1009 3128 sunt
1022 3095 1045 3158 c
1060 3082 1119 3130 turn
1146 3073 1207 3133 lidei
1226 3074 1287 3131 sine
1314 3070 1445 3143 operibus
1468 3080 1585 3128 mortum
1603 3072 1671 3128 nihil
1689 3072 1779 3128 valeat
1800 3073 1856 3129 illis

213 3166 243 3222 in
256 3164 334 3222 cmlis
344 3163 422 3236 (lue.
438 3181 467 3232 x,
478 3163 536 3235 ιθ).
555 3183 565 3216 a
583 3162 660 3218 uicta
674 3163 731 3219 sint
744 3163 804 3219 baec
814 3163 849 3220 dc
862 3155 1009 3237 Babyloni·
1059 3165 1199 3238 prodesse.
1216 3163 1265 3223 vet
1292 3174 1366 3222 certe
1379 3164 1421 3223 sic
1445 3165 1581 3221 exinanite
1603 3166 1738 3238 usquead
1753 3166 1854 3236 fama·

214 3257 255 3312 cis
272 3255 387 3312 omnino
407 3255 506 3312 alienis
532 3264 560 3310 ιι
581 3252 735 3310 manifestis
759 3253 934 3313 hostibusne
959 3255 1009 3313 de·
1058 3267 1186 3327 mentum,
1210 3267 1304 3315 utnee
1319 3258 1411 3330 ipsum
1426 3257 1489 3314 lldei
1515 3258 1676 3330 relinquatis
1692 3258 1840 3315 lortdaumu

212 3347 396 3405 stmctorihns
407 3346 567 3402 Jerusalem.
586 3345 641 3402 Sed
652 3344 717 3417 quia
735 3345 846 3403 idumaei
856 3345 1008 3403 secondum
1060 3360 1128 3408 turn.
1145 3351 1224 3419 Quod
1232 3350 1362 3408 nimirum
1378 3359 1444 3408 tunc
1459 3351 1716 3424 agitur,quandoin
1728 3350 1854 3408 doctrina

208 3450 327 3494 earnem
350 3435 548 3508 consanguinei
570 3435 635 3492 liliis
659 3433 756 3503 lsrael,
782 3434 829 3507 goi
849 3433 903 3492 luit
923 3433 1009 3494 lrater
1059 3442 1122 3500 tidei
1151 3442 1343 3514 multiplicatis
1368 3442 1569 3516 questionibus
1581 3444 1620 3499 ita
1640 3452 1760 3513 erratur,
1784 3444 1854 3500 utin

211 3527 299 3595 Esau,
312 3525 465 3599 quidlctus
491 3536 535 3584 est
548 3524 647 3593 noem
674 3525 786 3583 inerunt
813 3525 1008 3598 impedimento
1040 3522 1180 3592 ‘errorem
1200 3535 1377 3605 inducantur,
1402 3535 1427 3592 sl
1452 3534 1512 3594 lieri
1537 3544 1639 3609 potest,
1662 3536 1747 3593 etiam
1762 3536 1854 3607 electi,

215 3616 445 3675 reaedificantibus
467 3614 631 3682 Jerusalem,
648 3616 690 3672 ael
707 3615 735 3671 in
759 3614 947 3673 destructione
965 3615 1008 3672 la·
1059 3627 1300 3698 ‚naximequando
1317 3627 1370 3700 gur
1384 3626 1483 3699 mom,
1509 3629 1559 3702 qur
1583 3638 1644 3687 mg
1659 3613 1852 3699 112oepr

211 3708 315 3765 nebant
331 3707 517 3780 Babylorricis,
538 3723 571 3764 aa
584 3707 700 3778 proinde
714 3706 908 3779 signiumbam
922 3705 1008 3766 tarsos
1058 3721 1142 3777 „imis
1156 3720 1288 3778 §gramm
1298 3720 1371 3779 fluo,
1382 3719 1478 3790 lacot),
1497 3722 1546 3794 qui
1557 3730 1586 3780 gg
1601 3720 1685 3780 {mer
1695 3723 1787 3780 grang
1798 3733 1850 3792 051,

215 3797 325 3867 term,
337 3796 408 3854 salso
422 3798 567 3855 amimea
585 3812 650 3854 vere
663 3798 768 3867 nosos,
788 3798 1009 3871 majoremque-
1058 3811 1102 3868 ιιι
1115 3813 1199 3869 ιιι
1213 3813 1341 3869 aternum
1355 3812 1494 3871 mnino:
1509 3814 1607 3883 tamt,
1619 3817 1644 3871 a
1663 3832 1703 3872 m
1716 3815 1848 3881 aarum,

215 3890 273 3947 tela
297 3890 364 3946 milri
379 3890 463 3946 Ιιιιιίιι
479 3890 535 3961 l'essl
549 3888 829 3948 clillilJJSJel'JlJlllelll
843 3891 1007 3949 velcullibel
1058 3919 1110 3958 nou
1118 3904 1169 3958 epil
1182 3904 1210 3958 ιη
1224 3911 1249 3959 lg
1272 3902 1452 3973 Damnem,
1465 3921 1547 3976 nequ
1558 3905 1684 3963 adomim
1696 3905 1852 3963 DMGJ*

213 3980 442 4055 Jerosalymitano
464 3982 516 4039 ciri
538 3990 635 4038 contra
659 3981 764 4050 Ειοιιι,
791 3983 870 4054 cujus
885 3982 1006 4055 tteqnitia
1058 4012 1122 4051 sem
1136 3994 1322 4070 (renum,
1341 3996 1370 4065 u,
1394 3996 1451 4068 to).
1476 3996 1547 4053 Cam
1563 4012 1657 4070 crgoa
1682 3997 1747 4069 filiis
1765 3998 1850 4055 didam

214 4073 354 4131 intrenitur
367 4076 395 4130 in
416 4072 495 4130 salsis
507 4072 650 4141 lratribos,
676 4084 774 4132 contra
793 4091 864 4147 quos
876 4091 937 4146 oro,
963 4076 1006 4134 di·
1057 4086 1121 4143 nilis
1133 4085 1216 4143 lsrael
1229 4085 1303 4143 bens
1316 4101 1413 4144 reeens
1426 4087 1560 4159 ingeritur
1583 4088 1749 4159 importunis
1763 4098 1791 4145 01
1806 4090 1849 4145 fin.

213 4183 300 4225 cens:
1057 4177 1239 4248 disciplinatis
1270 4177 1481 4247 onesrmnibus,
1507 4187 1603 4235 carcat
1628 4178 1713 4237 lsrael
1732 4196 1851 4253 recipcre

251 4256 332 4313 Vens.
350 4257 375 4323 i.
396 4256 715 4326 atemermmmmm,
732 4259 850 4330 filiarum
874 4260 959 4317 Edam
977 4264 1006 4318 in
1057 4269 1143 4325 [ιιιιη
1168 4276 1317 4334 recentem,
1341 4269 1495 4341 clamorque
1523 4272 1558 4326 ad
1588 4269 1673 4329 ὓιιιιιι
1694 4274 1850 4344 uunquam,

211 4350 258 4405 die
268 4350 310 4405 ιιι
322 4351 351 4404 iu
365 4349 435 4405 diem
450 4349 612 4417 Jemsulem,
642 4352 1004 4425 talequidagendocootra
1056 4361 1171 4417 dicens:
1188 4358 1600 4433 birmento,1laneiue,filiorum
1612 4361 1851 4422 EdomindicJe·

213 4457 272 4513 cos,
282 4442 356 4513 quod
368 4443 404 4499 sit
414 4443 533 4512 indiem,
549 4443 634 4500 idest
653 4445 682 4499 in
692 4445 909 4502 consolationem
927 4446 1007 4502 Jeru·
1020 4460 1044 4521 ο
1057 4450 1183 4507 resulcat.
1255 4448 1259 4453 '

212 4536 306 4594 taient.
341 4534 388 4593 Sic
410 4537 438 4592 in
459 4534 690 4607 Paralipomenon
722 4537 821 4607 legitur
849 4539 951 4596 lamam
977 4543 1005 4597 in
1092 4540 1176 4598 Vnus.
1191 4539 1460 4614 &Filiallabglcuis
1476 4546 1847 4620 miserarlieatssqtriretri·

210 4627 311 4684 diebos
332 4629 405 4702 regis
431 4624 573 4700 iosaphat,
603 4627 716 4699 quando
738 4631 910 4703 congregatis
939 4632 1005 4701 filiis
1056 4634 1176 4691 buettilri
1191 4634 1390 4691 retributionem
1403 4645 1489 4704 tuam,
1507 4620 1588 4709 quaet
1603 4638 1750 4694 retribuisti
1762 4640 1873 4696 nolin

214 4715 301 4771 Edam
313 4717 347 4774 dc
361 4727 454 4776 monte
471 4717 540 4792 Sept
564 4734 628 4776 cum
643 4718 751 4774 caeteris
774 4720 954 4777 orientalibus
970 4723 1005 4779 ad
1059 4745 1069 4777 ι
1090 4723 1211 4798 Babylon
1224 4735 1312 4782 mater
1326 4725 1538 4784 lorrricationum
1553 4744 1563 4782 s
1583 4729 1685 4786 dicitur
1698 4731 1727 4787 in
1742 4730 1846 4803 Apam-

214 4809 410 4866 detastandam
421 4809 582 4881 Jerusalem,
594 4827 656 4869 eum
668 4822 761 4870 essent
774 4815 947 4886 congressuri
962 4817 1005 4871 ln·
1055 4816 1125 4891 lppsi
1153 4818 1246 4889 (lpas.
1261 4832 1328 4886 surr,
1354 4818 1395 4890 5),
1419 4833 1481 4890 quse
1496 4820 1657 4892 intelligitur
1685 4823 1846 4891 speciositas

214 4914 339 4956 aesccrue
355 4902 409 4968 die,
427 4904 517 4960 adhue'
526 4914 607 4961 nocte
618 4905 776 4962 imminente
789 4907 840 4978 ipsi
852 4907 904 4972 filii
918 4906 1004 4962 lislam
1054 4910 1277 4982 concupiscibilis
1288 4909 1370 4980 liujus
1385 4911 1499 4978 mundi,
1516 4926 1580 4968 cnm
1596 4928 1651 4984 qua
1673 4913 1844 4970 tomimnmr

210 5006 277 5048 eum
302 4990 366 5048 loliis
384 4990 502 5050 hmmon
518 5005 546 5050 et
567 4994 648 5052 Moab
664 4995 830 5054 dissidentes
854 5007 950 5054 mortuo
973 5014 1005 5056 se
1035 5009 1193 5058 'amatores
1211 5000 1272 5072 ejus
1298 5001 1428 5072 impudici
1444 5002 1505 5072 plus
1533 5002 1677 5076 diligentes
1690 5013 1844 5061 creaturam

213 5081 384 5151 occiderunt,
408 5092 436 5138 ct
450 5082 515 5138 liliis
528 5081 612 5140 lsrael
636 5086 743 5144 civibus
764 5086 915 5144 Jerusalem
927 5090 1004 5147 ιὶιιι
1054 5108 1139 5165 qnam
1150 5092 1320 5151 Creatorem.
1347 5092 1411 5150 lime
1424 5103 1467 5151 est
1490 5095 1536 5152 illa
1561 5096 1659 5152 mulier
1680 5097 1845 5153 intrinsecus

213 5175 305 5231 lactum
315 5183 538 5246 praeparaverunt
554 5171 598 5246 (ll
611 5172 705 5233 Paral.
730 5180 788 5249 xx).
805 5180 872 5236 liam
888 5197 1004 5253 coaegre·
1054 5181 1138 5250 teda,
1154 5182 1307 5242 lorinsecus
1320 5193 1412 5241 antem
1423 5187 1560 5257 speciosa,
1588 5202 1671 5259 quam
1687 5187 1735 5258 qni
1746 5186 1842 5243 rideris

213 5266 284 5337 gatis
296 5267 352 5338 jam
376 5266 458 5324 dietis
479 5265 606 5324 hostibus
616 5270 747 5326 alluersos
761 5270 870 5341 iudam,
881 5284 908 5330 et
922 5273 1003 5329 Jeru·
1053 5274 1087 5330 ad
1099 5276 1348 5347 concupiscendum
1362 5292 1435 5346 eam,
1453 5277 1510 5350 lent
1521 5278 1674 5335 noctuam
1687 5287 1732 5335 est
1741 5293 1800 5334 eant
1814 5280 1841 5335 ia

214 5360 297 5416 miem
310 5363 437 5418 conuenit
453 5361 545 5420 otnnis
557 5359 571 5415 J
575 5362 628 5420 uda
641 5362 670 5419 in
690 5362 840 5421 Jerusalem
850 5376 877 5422 et
890 5366 916 5421 in
933 5356 1003 5421 um·
1052 5362 1136 5422 'corde
1149 5380 1210 5423 suo.
1222 5363 1309 5421 Habet
1322 5364 1406 5422 etiam
1427 5367 1511 5424 liliam
1523 5368 1646 5440 Belgica
1659 5369 1711 5425 ista
1731 5368 1783 5425 sibi
1801 5370 1840 5423 si·

213 5454 288 5526 golam
314 5453 424 5511 bantini
451 5455 487 5511 ad
518 5455 717 5527 deprecandam
746 5454 843 5513 faeiem
867 5455 938 5529 clos.
968 5455 1003 5513 Et
1052 5455 1345 5522 millimam,ridelicet
1358 5456 1534 5527 phantasiam
1556 5459 1591 5515 de
1605 5459 1696 5531 speeie
1712 5458 1840 5530 ipsiasia

212 5547 351 5602 starttihus
374 5547 429 5601 illis
459 5562 552 5603 eoram
581 5545 698 5603 Domino
722 5564 785 5606 cum
816 5548 951 5606 uxoribus
973 5558 1002 5604 ιι
1051 5548 1186 5606 memoria
1201 5548 1365 5617 iornratam,
1389 5550 1752 5624 dumcojuslibetreiioris
1774 5564 1841 5607 eon-

212 5637 336 5707 parsulis
349 5653 381 5693 sc
408 5638 501 5693 liboris
514 5646 542 5690 ct
554 5636 769 5695 vociferantibus
791 5640 826 5695 ad
841 5639 1001 5709 llonrinom,
1051 5640 1151 5710 cupita
1173 5640 1248 5718 intus
1274 5639 1302 5694 in
1327 5640 1419 5697 animo
1447 5640 1538 5714 imago
1553 5643 1676 5709 resultat,
1696 5642 1838 5715 quamqui

214 5722 300 5780 lazio-l
311 5727 383 5782 tilios
398 5727 536 5781 Zaelraria
553 5726 602 5780 tilii
624 5727 764 5785 barachiae
788 5730 883 5787 lerites
895 5732 929 5787 de
939 5746 999 5788 me·
1049 5730 1232 5805 amplectitur,
1242 5732 1376 5805 cogitatus
1392 5733 1491 5793 exinde
1499 5734 1585 5806 gignit
1596 5735 1686 5807 primo
1697 5734 1835 5807 parrulos,
