3892 6067
182 226 236 286 283
661 219 810 283 nsuuottt
827 213 1022 274 PRAEPOSlTi
1042 216 1316 276 anteususrenc.
1751 228 1813 286 256

183 355 277 398 mcum
291 339 376 397 cibari
390 338 423 396 de
438 337 500 393 iaro
520 334 618 392 meilis.
643 334 697 391 Sed
716 332 1007 403 nnneoontempto·d
1020 329 1069 386 rttti
1090 330 1138 387 bei
1162 332 1273 399 excdsi,
1298 339 1326 387 et
1344 341 1510 402 agnoscatur
1526 331 1563 389 ab
1581 334 1709 394 ominibus
1731 343 1813 411 qnod

183 446 229 489 res
250 430 352 487 christi
377 420 496 485 s'edomm
521 427 549 481 in
574 425 646 482 coslo
679 425 790 497 granius
822 432 967 495 peccantes
1018 437 1052 478 ιι
1074 431 1150 491 patre
1169 424 1279 480 diabolo
1297 431 1379 492 sunt,
1401 422 1481 493 eujus
1501 435 1528 481 ιι
1552 425 1688 486 desidem
1715 430 1814 491 lacera

183 542 265 599 qnam
278 523 374 589 iudai,
390 523 437 593 qui
450 521 667 578 ambutantemin
679 530 750 577 terra
763 519 965 586 crucifixerunt,
1017 518 1123 573 rotant.

184 614 359 687 injiciuntsel
375 625 399 671 et
413 625 516 670 aretum
543 630 619 681 esce,
642 628 705 671 eum
729 612 800 668 male
819 612 966 668 bibendum
1054 609 1154 664 Beatus
1167 624 1236 681 papa
1253 609 1401 682 Gregorius
1412 610 1469 683 (ᾗ)
1486 611 1659 669 basclorum
1673 618 1814 687 perstrin-

183 708 312 765 licclesias
335 707 494 764 scandalum
518 707 639 763 inferunt
660 707 719 763 sire
733 714 890 776 peccatores
910 705 966 760 sive
1019 715 1086 771 geras
1102 701 1130 756 in
1147 699 1209 768 lob,
1229 701 1321 756 dicit:
1345 700 1607 758 obscurenturoeub'
1623 721 1713 760 eorum
1725 712 1812 764 aeri-

183 798 315 855 lneretici.
342 797 468 854 Gustarit
483 796 614 854 Dominus
627 811 752 853 ansarum
768 796 907 868 poculum,
920 793 970 851 do·
1019 792 1116 859 dsunt,
1140 802 1166 848 et
1191 796 1299 847 dorsum
1321 809 1412 848 eorum
1440 810 1542 864 temper
1570 795 1690 852 irrcurun.
1720 798 1811 858 ιιιοι

183 906 250 948 ceras
269 892 321 946 boc
344 900 516 946 sacramento
536 903 714 960 unaquoque
740 896 861 959 gustare.
886 887 968 943 idest
1020 882 1181 954 aPropheta
1201 885 1236 940 de
1257 884 1392 954 reprobis,
1411 901 1465 941 ⁰⁰¹¹
1488 887 1608 957 optantis
1634 890 1738 958 animo,
1757 892 1808 949 sed

183 984 239 1054 pati
258 983 335 1050 tates,
361 983 409 1039 sed
425 998 478 1038 non
493 981 570 1049 bibit,
587 981 651 1052 quia
671 979 754 1051 recipi
773 979 874 1036 tales
867 996 893 1034 ιιι
908 994 970 1035 cor·
1021 975 1208 1047 prophetantis
1235 977 1366 1048 mysterio
1388 977 1573 1035 denuntiatur.
1601 976 1679 1036 Oculi
1705 982 1810 1054 qnippe

182 1072 417 1161 pnsClrristitnon
432 1080 557 1143 possunt.
571 1071 704 1144 ilocergo
719 1067 981 1157 mysticesicprae-
1021 1078 1095 1136 sunt,
1114 1070 1162 1139 qui
1179 1070 1277 1140 inipsa
1295 1070 1408 1125 nonoris
1429 1072 1531 1127 summi
1548 1071 1723 1144 iaciepnsiti,
1739 1091 1809 1146 pro·

182 1166 293 1234 dicitur,
308 1150 378 1221 sient
401 1165 428 1220 in
445 1166 574 1237 passione
589 1166 702 1238 mystice
719 1164 821 1220 iactum
841 1171 893 1219 est.
916 1162 1000 1220 Pro
1020 1161 1130 1217 ridendi
1156 1159 1263 1217 itineris
1286 1161 1403 1218 odicium
1430 1175 1622 1235 susceperunt.
1649 1165 1755 1234 Quibus
1777 1169 1809 1223 lsi

183 1256 344 1327 quibnscqo
356 1254 483 1313 Christus
500 1257 600 1328 partim
615 1256 765 1323 flectendis,
781 1256 879 1327 partim
896 1255 920 1310 ιι
921 1271 978 1346 au
1017 1255 1162 1321 nimirum,
1178 1254 1225 1325 qui
1240 1254 1437 1324 subseqnenur
1456 1255 1600 1324 iulraerent,
1620 1256 1703 1313 dorsa
1718 1259 1812 1315 nomi·

183 1347 339 1421 pendisoro
352 1348 464 1404 dicens·
1021 1358 1132 1403 uantur
1154 1347 1299 1418 nitergo:
1318 1344 1497 1401 obscurentur
1511 1348 1582 1402 ocati
1606 1364 1697 1403 eorum
1712 1365 1744 1404 ne
1767 1350 1811 1403 ri·

220 1435 303 1494 Vens.
324 1438 370 1493 25.
393 1436 558 1491 Fiatrnenta
576 1452 667 1491 corum
687 1453 776 1492 coram
789 1439 853 1508 ipris
875 1439 902 1493 ιἰι
927 1438 971 1493 to·
1021 1437 1111 1503 deant,
1125 1446 1151 1492 et
1171 1437 1252 1493 dorsa
1272 1452 1363 1493 eorum
1376 1453 1477 1508 semper
1495 1436 1614 1493 incurro
1641 1438 1718 1494 desi
1733 1439 1810 1496 dice·

183 1545 289 1600 queam.
306 1527 359 1600 lpsi
374 1544 462 1584 meam
478 1544 605 1595 arearum,
619 1544 673 1600 qua
693 1527 971 1585 Pasebalcmctenam
1021 1537 1083 1584 ret:
1106 1528 1159 1595 Qui
1186 1529 1314 1585 hnmana
1340 1529 1404 1584 nitar
1433 1529 1587 1587 actionibus
1610 1532 1689 1602 qnasi
1715 1532 1810 1602 prori-

183 1636 375 1699 consummarc
402 1622 534 1692 disposui,
568 1622 762 1693 disposuerunt
793 1637 885 1678 coram
914 1637 969 1688 me,
1021 1621 1118 1678 dendis
1142 1622 1285 1679 itineribus
1301 1632 1432 1695 praesnnt,
1449 1623 1571 1681 ueritatis
1586 1623 1674 1681 lucem
1690 1641 1744 1681 nou
1758 1626 1811 1681 ba·

184 1714 286 1770 sciente
300 1729 354 1780 me,
369 1715 395 1767 iu
411 1715 538 1784 laqueum
558 1715 636 1783 nrilri,
652 1716 717 1785 quia
741 1716 782 1772 eis
806 1717 968 1772 macbiuan·
984 1679 1111 1781 Bbeant,
1133 1722 1164 1769 ut
1191 1717 1288 1786 etqui
1312 1724 1465 1787 sequnntur
1491 1715 1603 1784 subditi,
1631 1718 1808 1788 iniquitatum

183 1807 257 1864 tibus
272 1822 370 1864 manns
385 1823 428 1862 me
441 1807 573 1863 tradentis
587 1822 693 1863 mecum
706 1817 766 1863 erat
781 1809 926 1876 inmensa,
940 1820 973 1887 ιιι
1021 1821 1132 1862 suarum
1146 1806 1275 1862 oneribus
1286 1808 1418 1863 incurvati
1431 1815 1531 1863 statum
1547 1808 1717 1865 rectitudinis
1726 1810 1811 1864 amit·

183 1914 232 1969 per
242 1899 315 1953 illam
336 1913 448 1969 caperer
459 1907 487 1955 et
500 1899 673 1970 illaquearer.
696 1899 760 1954 Fiat
772 1914 838 1971 erqo
856 1900 910 1956 iilis
921 1901 969 1971 in·
1022 1904 1090 1953 tant.
1109 1895 1166 1967 (ιδ)
1184 1896 1260 1965 Quod
1272 1896 1375 1953 iactum
1392 1898 1419 1952 in
1441 1897 1533 1954 lrrdaea
1555 1900 1649 1968 procul
1664 1900 1810 1956 dubiono-

183 1999 226 2045 sta
251 1989 398 2058 retributio,
420 2002 450 2048 ut
473 1999 501 2047 ct
517 2008 608 2047 nreuso
635 2007 742 2060 eorum,
768 2008 845 2049 saera
867 1992 968 2049 scilicet
1021 1988 1121 2055 rimus,
1138 2004 1201 2045 cnm
1226 1990 1286 2060 ipso
1303 1988 1492 2060 Redemptoris
1506 1991 1592 2046 nostri
1605 1991 1721 2047 adventu
1735 1990 1809 2047 Pira-

184 2080 337 2154 Scriptura,
353 2100 444 2139 eoram
463 2085 538 2156 ipsis,
556 2085 583 2141 id
593 2095 636 2142 est
646 2086 673 2142 in
691 2084 787 2141 notitia
797 2100 892 2141 eorum
908 2101 969 2155 pro-
1021 2081 1163 2137 risaeorum
1189 2081 1279 2150 turba,
1294 2091 1376 2153 atque
1399 2083 1571 2137 sacerdotum
1593 2097 1686 2138 arcro
1703 2082 1808 2139 lumine

183 2175 269 2245 posita
285 2175 338 2230 illis
354 2175 387 2230 ad
413 2175 545 2233 Pascbale
573 2177 738 2244 cortririum,
759 2193 817 2248 quo
831 2178 970 2248 parandus
1021 2173 1120 2229 mentis
1142 2174 1238 2228 oculos
1260 2173 1369 2240 elausit,
1386 2183 1413 2229 et
1434 2189 1482 2243 per
1495 2175 1704 2244 praepositorum
1714 2191 1808 2230 exem-

182 2275 241 2321 erat
255 2265 296 2322 eis
313 2268 445 2323 transitus
470 2283 504 2326 es
529 2267 646 2341 AEgyprn
667 2284 716 2340 par
742 2268 968 2338 mssessunrun13
1021 2261 1065 2333 pla
1095 2261 1222 2333 padicus
1241 2260 1269 2317 in
1293 2260 1460 2317 infidelitatis
1484 2261 1603 2318 tenebris
1624 2263 1740 2334 populus
1760 2278 1808 2319 er·

183 2357 288 2413 scilicet
305 2371 339 2413 ex
365 2356 418 2414 lsoe
435 2359 539 2415 mundo
557 2375 606 2431 per
633 2361 796 2432 baptismum
818 2364 844 2418 in
869 2371 970 2418 terram
1023 2353 1101 2408 tatii·

183 2446 383 2517 promissionis,
398 2458 521 2505 tertatm
541 2450 594 2507 illis
609 2453 636 2506 in
651 2454 773 2523 taqueum
789 2469 879 2509 rorum
892 2455 969 2524 ipsis,
1057 2444 1161 2503 Dixerit
1177 2462 1243 2518 ergo
1261 2445 1396 2517 Propheta
1416 2446 1613 2516 prophetando,
1637 2448 1712 2519 (1¹¹th
1733 2446 1809 2504 futt-

121 2526 127 2539 ’
183 2546 215 2594 ιιι
227 2539 307 2609 quasi
318 2540 371 2595 viri
389 2541 597 2608 absorbeantur,
613 2543 678 2597 dum
695 2559 775 2599 snam
788 2544 966 2601 uidentesini·
1023 2557 1082 2597 rum
1106 2540 1239 2613 precidit.
1261 2539 1314 2596 Sed
1334 2540 1472 2607 Christus,
1487 2539 1535 2610 qni
1555 2540 1614 2596 trae
1630 2542 1808 2611 praesentiali·

183 2631 315 2699 quitatem
344 2630 500 2703 pariterque
531 2632 717 2690 infelicitatem
741 2645 915 2704 perseverant
943 2638 970 2692 in
1023 2642 1065 2688 ter
1091 2632 1212 2703 pertulit,
1242 2646 1297 2687 non
1323 2641 1454 2702 tanquam
1485 2633 1617 2703 propheta
1645 2634 1808 2704 praenuntiat

183 2737 215 2776 ca
240 2724 297 2791 ipsa
319 2722 407 2778 littera
423 2721 518 2796 Moysi,
540 2740 621 2795 quam
640 2727 742 2797 legunt,
755 2743 803 2783 eos
813 2738 969 2796 accusante,
1024 2721 1126 2790 imbra,
1153 2721 1200 2778 sed
1225 2730 1354 2792 tanquam
1377 2721 1461 2792 juder
1484 2721 1574 2792 justas
1601 2720 1729 2777 dictando
1743 2737 1807 2778 scn-

184 2812 255 2868 sicut
267 2812 308 2868 eis
326 2815 499 2884 oreproprio
521 2815 578 2870 sliri
598 2834 605 2870 ι
627 2834 636 2868 ι
655 2814 760 2888 Moyses
779 2834 827 2874 nos
847 2829 970 2888 accusat,
1024 2816 1122 2871 torrtias
1142 2824 1238 2871 contra
1250 2813 1365 2886 injurias
1383 2813 1485 2884 injuste
1506 2813 1559 2868 sibi
1583 2813 1673 2869 illatas
1688 2813 1761 2869 dicat
1779 2813 1807 2869 in

183 2902 358 2960 demcenim
379 2905 425 2961 ille
440 2905 562 2977 scripsit,
588 2916 615 2963 ιι
629 2908 694 2965 nuic
709 2924 758 2966 vos
783 2925 837 2966 uon
860 2912 972 2970 creditis
1023 2918 1171 2980 conspectu
1194 2907 1283 2965 Patris
1311 2916 1339 2964 et
1364 2906 1449 2963 totius
1468 2907 1553 2963 euriae
1574 2906 1692 2963 coelestis
1711 2921 1759 2977 per
1776 2920 1809 2961 os

184 2989 276 3063 (donn.
298 3009 327 3060 r,
344 2993 390 3062 tt,
410 2995 455 3061 ld,
474 2995 531 3067 tl).
551 3015 562 3048 ι
580 2995 644 3052 Fiat
667 3014 733 3070 erpo
757 3001 814 3072 ipsa
834 3003 923 3060 littera
934 3005 1008 3080 tec
1024 3003 1174 3072 proprium.
1200 2999 1278 3057 Dicat
1297 3000 1380 3056 etiam
1396 3014 1445 3070 per
1460 3013 1492 3056 os
1509 2998 1650 3070 psallentis
1668 2998 1807 3066 Ecclesia,

184 3085 227 3157 qis
240 3086 269 3139 in
291 3085 425 3157 inpurum,
456 3089 503 3158 qul
531 3088 626 3144 votnm
652 3091 715 3146 inde
735 3092 804 3148 alios
824 3095 973 3166 illaqueare
1024 3094 1052 3148 in
1071 3108 1126 3163 qna
1147 3093 1251 3163 etipse
1269 3092 1390 3148 creditur
1411 3092 1634 3163 psalerniam
1652 3091 1726 3164 quod
1744 3091 1808 3148 alibi

184 3176 320 3232 abrttcndo
336 3176 485 3247 Scripturis
503 3179 668 3237 veritatisad
681 3184 914 3242 confirmationem
929 3188 973 3244 sui
1023 3184 1089 3240 dicit
1115 3185 1196 3256 ipse:
1217 3203 1227 3237 ι
1244 3184 1401 3243 confitebor
1421 3185 1470 3240 tibi
1490 3186 1518 3239 in
1547 3185 1662 3255 populis,
1684 3184 1808 3252 Domine,

184 3266 287 3322 erroris
305 3285 312 3321 ι
335 3266 408 3337 quod
423 3282 477 3322 non
493 3269 580 3325 solum
604 3268 709 3328 faciunt
722 3273 819 3342 ludaei,
839 3277 887 3332 sed
911 3293 973 3333 om·
1023 3276 1158 3348 psalmum
1177 3275 1265 3331 dicam
1284 3276 1331 3331 tibi
1349 3276 1376 3331 in
1393 3275 1519 3347 paratibus
1534 3273 1623 3347 (Prot.
1654 3290 1709 3342 ιιι,
1724 3274 1779 3344 id),
1796 3293 1806 3327 ι

184 3356 367 3414 neslraeretici
387 3362 516 3416 etcaenri
534 3361 661 3420 doctores
685 3368 817 3437 perversi.
846 3369 910 3437 Qui,
937 3386 973 3428 ιιι
1024 3369 1106 3434 dieat,
1122 3368 1244 3438 inquam,
1261 3369 1318 3439 ipse
1338 3368 1465 3425 Cirristus
1479 3376 1575 3424 contra
1593 3364 1701 3423 ludaeos
1715 3366 1807 3422 inimi·

184 3446 265 3514 alios,
284 3457 364 3516 prout
383 3450 488 3517 nolunt,
512 3462 666 3523 pervertere
687 3457 804 3525 calcant,
831 3468 896 3530 opto
919 3461 973 3519 illis
1023 3472 1072 3515 cos
1087 3474 1152 3514 snos
1166 3459 1290 3531 aliosque
1317 3459 1370 3514 iltis
1384 3458 1542 3514 consimiles
1570 3457 1662 3513 riuum
1674 3455 1735 3527 reto
1754 3455 1809 3511 mi·

185 3540 283 3597 utsuis
297 3541 403 3614 laqueis
427 3544 565 3615 illaqueati
580 3548 690 3616 cadant,
707 3557 735 3605 et
755 3551 806 3606 hoc
817 3552 845 3605 in
861 3553 973 3608 retribu-
1024 3558 1097 3606 stnnr
1121 3549 1161 3604 ilii
1176 3549 1330 3618 offerentes,
1347 3550 1374 3606 id
1395 3560 1438 3606 est
1452 3549 1632 3606 mundissima
1647 3556 1675 3603 et
1688 3548 1808 3604 sanctis-

185 3634 283 3688 tionem
296 3634 338 3690 sui
354 3634 500 3692 uoluntarii
514 3639 617 3696 erroris
630 3641 775 3712 accipiant,
789 3649 819 3697 ιιι
832 3643 896 3715 quia
911 3644 975 3700 cira·
1024 3641 1092 3698 sima
1113 3651 1285 3698 sacramenta
1310 3641 1420 3713 indigne
1439 3649 1585 3697 tractantes
1601 3641 1644 3696 rel
1659 3639 1809 3712 percipien-

184 3724 293 3781 ritatem
307 3727 431 3784 ιιιιιιιιι
447 3745 499 3786 non
525 3742 687 3802 receperunt
707 3743 755 3790 aut
780 3735 900 3807 recipere
926 3753 974 3793 ro·
1024 3743 1077 3802 tes,
1090 3743 1117 3792 et
1143 3735 1171 3790 in
1185 3735 1226 3791 eis
1242 3733 1465 3791 administrandis
1490 3749 1552 3805 qna
1567 3747 1618 3788 sua
1633 3740 1707 3799 sunt,
1735 3747 1809 3802 qua·

186 3816 255 3886 lunt,
289 3819 414 3876 mittatur
437 3821 491 3879 illis
515 3825 639 3893 operatio
668 3828 780 3896 erroris,
807 3837 835 3884 et
861 3829 974 3886 credant
1025 3836 1126 3896 rentes,
1146 3828 1247 3884 dnm·
1240 3845 1268 3883 ιιι
1294 3826 1433 3895 omnibus,
1451 3841 1513 3897 quae
1538 3826 1565 3880 in
1589 3824 1689 3881 diuinis
1714 3822 1808 3879 officiis

185 3909 349 3967 mendacio:
342 3912 469 3984 ·quibns
485 3914 593 3984 quidem
607 3916 817 3987 primorerbum
831 3920 879 3977 liei
896 3935 975 3993 opor-
1024 3928 1118 3991 aptant,
1133 3936 1188 3976 non
1208 3919 1361 3986 Balaneion,
1377 3920 1424 3976 sed
1445 3933 1555 3990 pwbiffl
1582 3918 1656 3974 lum
1679 3915 1806 3988 mimm-

186 4002 237 4057 tnit
261 4003 401 4074 predicari
424 4006 675 4067 adcondnnandas
699 4013 895 4083 promissiones
922 4016 975 4073 Pa·
1024 4007 1122 4064 drrnnn
1152 4011 1244 4066 ninum
1267 4010 1328 4080 selle
1350 4009 1462 4064 mistam
1487 4008 1614 4073 oderunt,
1630 4009 1676 4078 qui
1700 4015 1809 4078 propter

187 4102 270 4159 trtrnr,
293 4094 394 4167 quibus
409 4098 461 4154 ltoo
488 4107 548 4154 erat
569 4101 747 4170 promissum.
772 4102 973 4177 sedquoniam
1024 4100 1183 4157 nraniiestos
1212 4102 1332 4157 incestus
1347 4109 1375 4156 ct
1393 4098 1563 4155 Simoniacos
1583 4108 1703 4170 quaestus
1726 4100 1808 4154 inter·

186 4188 346 4257 repulerunt
361 4196 388 4244 et
402 4190 536 4261 repellunt
554 4192 631 4261 iliud,
648 4196 763 4265 apostoli
788 4198 841 4252 mei
857 4213 973 4257 consess.
1024 4193 1089 4248 dicti
1104 4201 1134 4248 ut
1150 4191 1337 4247 concubinarii
1350 4200 1377 4246 et
1404 4191 1573 4259 conductitii,
1597 4200 1687 4246 ιιιιιιιι
1710 4189 1810 4247 sarna

186 4287 277 4335 tentam
299 4279 444 4351 adgentes
463 4282 491 4338 in
512 4284 731 4355 reprobationem
752 4285 926 4359 Indaeorum,
947 4303 972 4347 ιι
1024 4300 1088 4340 care
1102 4284 1292 4354 praesumunt?
1315 4281 1447 4338 Similiter
1467 4284 1571 4349 odinm,
1598 4282 1641 4337 vel
1666 4281 1810 4353 cujuslibet

186 4369 215 4424 in
227 4371 394 4438 scandatum,
419 4375 445 4428 id
468 4384 510 4430 est
536 4376 742 4445 offendiculum,
759 4380 824 4434 dnm
839 4382 912 4437 sient
936 4384 978 4439 al.
993 4376 1151 4434 licrirninis
1166 4377 1289 4431 mortalis
1304 4375 1512 4431 amaritudinem
1528 4382 1653 4447 gerentes
1671 4375 1699 4431 in
1716 4374 1808 4442 corde,

186 4467 229 4516 tcr
245 4459 316 4518 Esau
336 4462 455 4533 graviter
469 4465 625 4521 contristati
640 4467 824 4535 odendnutnr,
847 4481 973 4542 propter·
1027 4484 1090 4524 eum
1114 4476 1284 4538 praesumunt
1308 4483 1402 4538 preces
1417 4469 1458 4523 rei
1471 4469 1603 4524 sacritlcia
1631 4466 1730 4523 oderre
1743 4466 1807 4531 beo,

187 4554 311 4623 eoquod
338 4553 519 4625 supplantatis
548 4555 616 4627 ipsis
644 4565 737 4628 gentes
764 4559 972 4621 benedicuntur.
1026 4561 1119 4616 uinum
1142 4559 1204 4630 setis
1228 4561 1339 4617 mistum
1353 4560 1481 4626 offerunt,
1495 4575 1551 4630 qno
1574 4559 1711 4615 sacrificio
1725 4559 1807 4614 Deum

187 4640 221 4697 ¹3⁸
243 4644 452 4713 primoquidem
474 4644 538 4701 dent
565 4646 607 4701 eis
627 4646 684 4704 lraec
708 4648 778 4703 mala
797 4649 864 4719 ipsis
885 4654 975 4709 seien-
1027 4666 1081 4707 non
1096 4651 1205 4721 placant
1223 4652 1271 4708 sed
1293 4651 1444 4719 offendunt,
1466 4650 1585 4706 maritae
1606 4651 1630 4707 si
1653 4649 1808 4706 commoniti

188 4732 272 4789 tibus.
317 4733 417 4789 Verum
453 4736 517 4806 qnia
555 4737 669 4794 scientia
701 4754 750 4794 sua
776 4742 872 4798 nolunt
905 4744 974 4801 bene
1027 4753 1054 4800 et
1070 4743 1206 4815 redarguti
1228 4742 1367 4799 emendari
1394 4744 1501 4809 noiant,
1526 4741 1573 4798 sed
1594 4742 1771 4812 pertinaciter
1783 4742 1808 4797 in

189 4824 239 4890 nti,
266 4833 294 4880 ct
321 4824 417 4883 oeulos
441 4827 572 4887 babentes
592 4831 689 4888 uolunt
711 4833 813 4901 ridere,
835 4836 882 4891 sed
905 4839 977 4893 inri-
1028 4850 1078 4892 sna
1092 4834 1194 4891 malitia
1209 4833 1353 4903 persistere
1363 4833 1466 4888 volunt.
1483 4832 1583 4887 Corum
1600 4832 1651 4887 bos
1666 4831 1694 4886 in
1707 4830 1810 4902 psalmo

188 4915 262 4972 ΜΘ·
1027 4927 1081 4983 isto
1094 4928 1168 4984 dicat
1179 4926 1306 4983 Christus
1319 4925 1403 4996 judex
1416 4925 1509 4994 justus
1524 4942 1532 4979 ι
1548 4922 1729 4979 obscurentur
1743 4920 1809 4975 uenti

226 5006 308 5065 Vens.
330 5007 376 5063 at.
403 5007 583 5066 obscurentur
607 5014 678 5069 ocuti
692 5032 793 5083 eorum,
810 5034 842 5075 ne
860 5021 974 5078 uideant.
1027 5033 1127 5085 corant,
1139 5032 1170 5071 ne
1188 5015 1303 5082 uideant,
1318 5024 1343 5070 et
1355 5013 1463 5069 dorsum
1480 5029 1570 5067 eorum
1582 5028 1682 5083 semper
1693 4998 1808 5073 incarus,

189 5099 267 5158 liissi
287 5100 393 5157 scilieet
407 5100 434 5156 in
450 5101 575 5159 tenebras
598 5106 756 5174 exteriores,
771 5110 836 5179 quia
858 5110 977 5183 diligunt
1028 5110 1055 5167 id
1082 5118 1124 5166 est
1150 5108 1253 5181 prelati
1269 5122 1376 5173 corunr,
1398 5106 1445 5177 qui
1476 5119 1507 5161 se
1532 5105 1669 5175 sapientes
1692 5109 1719 5157 et
1739 5100 1810 5155 clare

190 5194 345 5251 irroeriores.
376 5193 427 5262 Ωιι
451 5209 516 5266 ergo
543 5194 640 5251 nolunt
664 5196 765 5255 babere
795 5199 887 5258 lumen
910 5219 978 5260 con·
1029 5203 1150 5258 ridentes
1169 5198 1408 5271 gloriantur,quia
1430 5200 1567 5268 sapientes
1582 5195 1615 5251 ad
1631 5194 1810 5259 lrncsnnt,ut

191 5286 311 5342 scientias
337 5286 417 5342 bonae
432 5286 548 5344 ridendo
569 5299 596 5344 et
609 5287 747 5361 diligendo
768 5307 812 5349 me
835 5292 976 5352 Christum
1028 5293 1131 5351 iaciant
1146 5293 1228 5362 maia,
1241 5300 1269 5349 et
1284 5292 1378 5348 eadem
1395 5289 1476 5356 lacta,
1501 5289 1566 5344 dum
1579 5294 1742 5359 arguuntur,
1766 5284 1811 5339 de·

190 5379 276 5435 solem
289 5379 412 5451 justitiae,
437 5382 551 5452 perdant
570 5382 720 5438 claritatem
739 5384 818 5442 boum
830 5384 919 5454 tana,
930 5403 975 5444 sc·
1029 5390 1139 5445 inridere
1152 5389 1248 5453 sciant,
1273 5385 1388 5457 perdant
1402 5382 1477 5453 quod
1490 5382 1592 5438 babent
1603 5393 1718 5437 acnrrten
1731 5378 1810 5433 ratio·

191 5468 310 5524 cundum
336 5486 418 5541 quam
443 5470 507 5527 dicti
529 5479 594 5528 surrt
610 5469 658 5527 dlii
685 5471 813 5535 Abralrnr.
835 5474 975 5534 ueletiam
1030 5482 1073 5538 nis
1087 5488 1115 5536 ct
1133 5482 1224 5533 ιιιιιιιιι
1239 5475 1370 5541 scientiae,
1391 5487 1425 5527 ue
1440 5472 1548 5527 valeant
1569 5471 1639 5529 alios
1653 5470 1681 5526 in
1693 5481 1809 5527 errorem

226 5647 283 5715 tbi)
302 5648 380 5706 Cura.
393 5649 538 5720 Pastorum,
551 5666 621 5727 part.
635 5672 655 5724 r,
669 5675 729 5729 cap.
745 5660 773 5715 l.
914 5638 920 5651 ⁵
1076 5656 1126 5731 lib)
1144 5655 1217 5714 bleta
1233 5655 1280 5713 lib.
1305 5641 1359 5708 aar
1385 5651 1493 5721 usust,
1508 5666 1568 5741 cap.
1586 5650 1627 5707 id.
