3892 6067
178 270 245 330 titi
651 266 805 324 candori!
825 266 1017 325 PRAEPOSlTl
1037 269 1308 328 adrehtnsl‘atru.
1728 269 1801 327 1171

177 397 240 440 nom
252 380 356 438 Christi
366 379 570 436 rirltlcatrlcem
581 394 644 436 erse
657 388 787 452 tanquam
801 382 887 453 ipsine
898 381 966 437 ller-
980 387 1004 443 Α
1018 382 1130 438 rirritate
1147 398 1264 453 semper,
1283 393 1309 439 et
1320 385 1363 437 hic
1373 385 1424 437 erit
1438 398 1551 454 ιιιιεειιιε
1565 381 1643 452 (ιιι.
1657 397 1690 446 ιι,
1700 380 1746 447 52)
1762 382 1802 438 ait

177 474 205 548 hi
230 473 277 530 llei
294 471 394 538 Patris,
409 471 546 542 aedquasl
561 470 675 527 alterius
695 471 850 544 cujuspiam
868 482 966 543 praeter
1016 472 1131 542 augelus
1152 472 1268 543 loquens
1289 474 1324 528 de
1347 473 1434 543 ipsios
1455 473 1633 542 conceptione
1649 470 1801 525 secundum

177 565 278 634 ipsum,
294 563 433 633 conjuncti
444 562 555 634 quidem
568 563 719 620 secundum
734 562 906 636 dignitatem,
918 575 966 620 aut
1016 561 1167 630 bominem,
1180 577 1235 618 uon
1254 562 1335 617 uliam
1350 562 1455 618 bomini
1468 563 1611 633 assignans
1631 558 1800 631 magnitudi-

178 664 307 720 tanquam
333 653 485 709 seeundum
505 654 580 726 quod
597 653 686 711 solam
700 654 896 711 habitationem
912 656 965 712 ba·
1016 668 1091 721 uem,
1103 653 1186 709 aliam
1201 652 1267 718 ileo,
1288 652 1418 724 quoniam
1440 653 1524 709 bomo
1538 651 1584 708 ille
1603 650 1675 708 Deos
1697 661 1750 719 est,
1773 662 1802 709 et

177 739 277 807 buerit,
291 749 319 796 et
333 756 388 797 non
401 742 502 813 potius,
514 742 586 799 sicut
597 742 665 807 dixi,
676 741 878 799 ririhcatricem
892 759 965 812 esse,
1016 742 1105 800 Filius
1116 743 1250 799 altissimi
1262 742 1400 799 uocabitur
1418 742 1521 815 (loidi.

176 828 242 900 quia
254 827 327 886 iacta
348 840 392 887 est
404 832 515 903 propria
532 830 625 900 Verbi,
646 831 691 888 eui
715 830 807 887 omnia
828 833 965 892 rivilicare
1051 833 1093 891 bd
1109 851 1192 894 uuam
1208 834 1333 891 haeresint
1351 848 1403 889 nos
1416 832 1625 904 respondimus;
1640 831 1673 888 ad
1687 832 1801 889 alteram

177 921 307 995 possibile
317 932 369 991 est,
385 924 531 980 anathema
548 926 593 982 sit.
609 943 619 977 ι
642 923 708 982 ltem
721 927 748 981 ln
764 926 860 983 eadem
878 946 885 983 ε
907 946 917 979 ι
934 927 964 984 Si
1016 928 1080 997 quia
1093 927 1197 998 paratis
1214 926 1253 982 uti
1269 925 1429 984 delectabile
1439 933 1492 990 εει,
1505 924 1669 995 respoudeat
1681 925 1801 997 'epistola

177 1014 240 1085 quis
263 1013 345 1070 audet
363 1014 454 1072 dicere
470 1024 665 1086 :assumptum
688 1014 826 1073 hominem
842 1032 858 1073 a
875 1016 965 1073 Verbo
1017 1015 1151 1089 lingonis,
1165 1026 1194 1073 ut
1207 1027 1310 1083 nostra,
1321 1025 1349 1072 et
1359 1016 1432 1076 illius
1444 1016 1569 1083 assertio,
1584 1015 1663 1088 quasi
1674 1017 1802 1074 duocor·

177 1105 323 1166 coadorari
345 1122 409 1162 cum
434 1106 490 1164 beo
502 1106 592 1165 l'erbo
607 1119 744 1180 oportere,
760 1120 788 1165 et
809 1109 966 1184 conglorih·
1015 1123 1071 1165 uua
1085 1116 1222 1180 peeaeuta
1234 1107 1361 1163 muniant
1372 1109 1487 1164 lrontem
1498 1114 1630 1165 tractatus
1641 1106 1803 1186 nostricou·

178 1195 248 1265 carl,
262 1203 290 1254 et
302 1199 508 1270 connuncupari
519 1200 605 1257 Deum
619 1209 750 1270 unquam
763 1199 966 1258 alterumalteri
1018 1208 1058 1257 tra
1074 1199 1143 1256 duas
1157 1205 1321 1270 praenotatas
1332 1198 1450 1255 haereses
1462 1197 1570 1254 duobus
1584 1197 1714 1254 cornibus
1731 1211 1801 1254 cou-

178 1288 314 1360 adleetum
332 1291 460 1362 (adjectio
480 1293 553 1349 euim
567 1293 649 1349 unius
663 1293 785 1366 syllabae,
799 1295 827 1351 id
851 1304 893 1356 est
920 1311 964 1363 co,
1016 1290 1131 1359 similes,
1144 1291 1178 1347 de
1193 1290 1294 1362 quibus
1306 1291 1335 1346 in
1350 1288 1513 1361 Apocalypsi
1526 1289 1626 1361 agitur,
1646 1288 1693 1346 uhi
1713 1289 1802 1346 bestia

177 1380 231 1438 boc
244 1381 319 1453 cogit
341 1381 477 1453 intelligi),
493 1390 521 1440 ει
544 1398 601 1440 non
625 1385 714 1456 magis
736 1400 789 1441 una
815 1387 965 1444 reverenda
1016 1381 1181 1440 describitur
1192 1380 1296 1438 habens
1312 1382 1365 1436 duo
1380 1396 1480 1438 cornua
1505 1378 1607 1436 ειιιιιιιε
1621 1380 1684 1449 ogei
1705 1378 1802 1450 (Aper.

177 1481 324 1528 veneretur
336 1471 507 1543 Emmanuel,
520 1490 659 1548 unamque
670 1478 905 1548 'glorlllcationcm
918 1480 966 1536 de-
1016 1489 1078 1540 xor,
1089 1474 1146 1545 ll).
1161 1473 1275 1529 Rullum
1299 1472 1399 1544 (1¹¹th
1418 1470 1550 1545 8¹⁰¹'itlssl
1564 1470 1663 1538 besil&
1685 1484 1746 1541 duae
1758 1469 1802 1525 5¹¹·

176 1562 303 1633 penderit
317 1566 469 1622 secundum
481 1567 555 1637 quod
578 1567 697 1625 Verbum
709 1567 811 1626 lactum
826 1578 871 1626 est
889 1585 965 1637 raro,
1016 1564 1147 1638 telligitur
1157 1565 1353 1633 Antichristus,
1375 1563 1449 1635 quod
1459 1562 1489 1618 iu
1504 1578 1557 1618 uua
1577 1561 1675 1619 haeresi
1689 1562 1802 1619 Christo

178 1654 323 1712 anathema
338 1656 384 1712 sit.
403 1656 562 1716 »carentes
576 1658 660 1732 igitur
673 1659 819 1715 anathema
834 1658 965 1730 Ephesini
1011 1649 1102 1712 'nimis
1118 1655 1276 1727 derogatur,
1295 1655 1360 1710 dum
1376 1654 1460 1710 bomo
1474 1653 1503 1708 iu
1524 1651 1621 1721 heum,
1635 1651 1682 1708 bet
1699 1652 1802 1710 Filium

178 1745 288 1801 concilii
300 1748 501 1805 concordamus
521 1748 653 1805 doctrinae
667 1748 783 1808 Joannis
803 1747 966 1807 namurcen!
983 1727 1004 1781 B
1018 1756 1177 1818 conceptus,
1191 1757 1219 1803 ει
1232 1755 1314 1802 natus
1327 1744 1443 1801 minoris
1457 1744 1550 1816 gloriae
1563 1744 1688 1815 potentiae
1700 1759 1733 1801 au
1745 1744 1802 1800 rir-

178 1833 265 1891 Deum
280 1835 314 1892 ab
327 1837 439 1893 homine
453 1854 507 1893 nou
523 1840 687 1910 separando,
701 1850 731 1896 ut
745 1842 783 1896 illi
796 1841 844 1911 qui
860 1841 964 1897 homini
1018 1836 1186 1907 tutis‚quam
1199 1834 1350 1904 hetereius
1364 1833 1507 1891 asseritur.
1524 1831 1555 1886 lu
1567 1832 1652 1888 altera
1666 1846 1731 1888 vero
1743 1832 1804 1904 ipse

179 1925 233 1981 soli
246 1926 455 1995 humanitatem,
466 1927 556 1985 etlleo
569 1930 620 1985 soli
633 1930 802 1987 diuinitatem
814 1933 965 2003 assignant,
1000 2002 1006 2011 .
1017 1923 1203 1981 Antichristus
1213 1923 1413 1994 magnificatur,
1426 1911 1491 1978 dum
1502 1919 1688 1976 sacerdotibus
1698 1933 1715 1975 a
1725 1917 1793 1976 Clari

179 2018 261 2088 quusi
277 2017 404 2075 Christus
419 2020 550 2078 dimidius
572 2021 609 2078 slt
628 2023 722 2090 homo,
737 2023 869 2079 dimidios
882 2024 965 2094 Deus,
1017 2023 1060 2073 sto
1073 2015 1207 2085 precisis,
1228 2022 1255 2071 et
1272 2014 1324 2084 ipsi
1335 2012 1505 2069 Antichristo
1525 2011 1705 2081 incorporatis
1726 2011 1805 2066 attri-

178 2125 243 2164 cum
259 2110 318 2180 lpse
330 2110 365 2167 sit
380 2119 454 2168 totus
466 2113 559 2180 homo,
575 2123 603 2170 et
617 2124 690 2171 totns
704 2114 786 2172 heus.
801 2114 878 2171 Unde
889 2119 916 2171 ip
930 2117 966 2171 n.
1017 2105 1111 2159 lruitur
1123 2104 1242 2161 efficacia
1256 2112 1331 2159 tanta
1343 2103 1371 2157 iu
1387 2101 1577 2167 sacramentis,
1593 2109 1694 2170 quanta
1712 2113 1805 2156 saecr-

179 2200 230 2255 bro
246 2198 284 2253 lle.
298 2200 500 2271 dispensatione
512 2204 559 2260 Del
572 2204 611 2259 ait
620 2205 678 2274 ipse
690 2203 810 2261 loannes
820 2204 965 2262 Damasco·
1016 2195 1126 2250 dotibus
1138 2194 1290 2260 catholicis,
1302 2194 1375 2264 i¹¹⁰d
1387 2209 1449 2248 ⁰⁰¹⁰
1462 2201 1564 2262 (illim
1576 2199 1603 2246 θῑ
1614 2206 1696 2264 (inim
1708 2191 1804 2261 ¹¹¹l³l¹¹²

179 2306 252 2352 rins:
271 2310 281 2344 ι
296 2289 466 2349 confitemur
478 2293 567 2364 ipsum
580 2311 667 2351 unum
681 2294 782 2351 Filium
795 2296 852 2366 bei,
867 2305 895 2352 er
905 2310 966 2367 posi
1017 2285 1134 2343 falsitate
1155 2287 1207 2342 sub
1220 2285 1320 2357 agnina
1344 2282 1585 2340 verisimilitudine
1605 2283 1662 2349 hat,
1687 2281 1803 2354 epistola

178 2382 376 2444 humanitatem
401 2399 497 2452 unum,
514 2395 542 2442 et
567 2385 668 2442 Filium
691 2387 810 2445 hominis
826 2389 965 2458 eumdem,
1017 2377 1292 2447 subsequens,quam
1304 2377 1338 2432 ‘¹ss
1353 2375 1464 2431 scriniis
1479 2373 1609 2432 ¹¹⁰¹¹¹³¹¹ae
1627 2373 1710 2430 ΝΜ
1725 2390 1804 2431 ³⁰⁶⁰·

179 2486 266 2527 unum
282 2471 434 2540 Christum,
450 2492 534 2534 unum
554 2477 713 2550 hominum,
730 2479 899 2551 unigenitum
920 2479 966 2535 Fi·
1017 2467 1543 2540 Piffluh¹801⁰sib0¹¹⁰l⁰¹0h³lss¹³01³20

179 2563 248 2619 llum
261 2577 288 2621 et
300 2563 421 2622 Verbum
439 2565 508 2623 Dei:
528 2578 558 2624 ut
572 2567 681 2630 Domini
697 2571 785 2626 nostrl
806 2569 871 2628 Jesu
885 2570 967 2626 Chri·
1324 2580 1440 2637 CAPUT
1460 2580 1503 2636 lll.

179 2657 215 2716 ⁸²¹
230 2656 299 2713 ⁶⁰²⁸
314 2660 504 2730 80⁰0l³¹5⁰⁰0⁸
519 2676 692 2731 teneremur,
707 2679 789 2726 qnam
805 2663 916 2735 (lumem
931 2678 966 2720 ⁸¹
1018 2674 1139 2747 Begorrir
1154 2674 1329 2748 Radirrqcneir
1340 2675 1451 2744 epistole
1465 2689 1516 2743 quo
1531 2672 1689 2738 ottendr'tur,
1708 2687 1803 2725 sueru-

177 2744 259 2804 Ρθῑιθ
271 2758 335 2808 tuille
359 2750 459 2808 saetulu
478 2752 550 2814 ultra
574 2768 698 2820 causam,
721 2763 749 2811 et
772 2754 917 2822 rationem,
939 2764 966 2818 et
1052 2755 1141 2799 omitte
1154 2744 1364 2868 presbyterorum
1378 2743 1662 2803 aconroruuicutorurn
1682 2751 1707 2795 et
1721 2741 1804 2810 depo·

178 2849 297 2910 tempus,
322 2848 350 2898 ct
369 2850 514 2910 naturam;
541 2852 570 2900 et
583 2859 666 2901 unam
692 2853 784 2901 autem
807 2845 835 2901 in
863 2846 966 2903 ultimis
1052 2814 1251 2870 ‘mmmm
1267 2830 1332 2868 ⁶⁸⁸⁶·

177 2940 289 3014 propter
302 2947 363 3000 nos,
378 2944 405 2990 er
420 2935 571 2991 coenredum
587 2951 648 3002 nos,
664 2945 692 2993 or
706 2937 778 2993 utura
795 2952 858 3005 nos,
882 2953 966 3010 quam
1052 2927 1212 2988 Clarissimo
1226 2941 1277 2982 suo
1296 2924 1408 2982 domino
1421 2924 1465 2981 W.
1486 2924 1578 2981 abbati
1589 2923 1661 2979 lluuo
1683 2920 1802 2978 fratrum

178 3035 234 3078 non
246 3037 279 3080 ex
296 3025 412 3094 somine,
427 3025 475 3082 sed
486 3041 520 3082 er
533 3023 637 3097 Spiritu
653 3038 680 3084 et
693 3028 866 3086 sanctissima
879 3028 968 3085 Theo·
1018 3017 1233 3090 Radlngeuslutu
1247 3031 1342 3074 servus
1354 3015 1493 3088 indignor,
1503 3031 1601 3073 sarium
1612 3031 1706 3088 sapere
1717 3024 1745 3072 et
1755 3030 1803 3071 re-

177 3121 260 3168 tocou
286 3113 359 3170 ultra
381 3115 485 3187 legem;
510 3117 640 3187 quoniam
672 3132 727 3173 nou
758 3117 847 3174 solum
877 3105 965 3174 Deu'm
1018 3121 1060 3169 cta
1077 3112 1186 3166 docere.
1423 3187 1426 3192 ⁴

177 3203 268 3272 lpsum
284 3204 466 3273 praedicamus
478 3208 583 3264 nudum
605 3216 699 3272 nostra
713 3209 893 3277 humanitate,
916 3224 965 3266 no«
1055 3220 1064 3253 ι
1079 3199 1169 3265 lllum,
1182 3214 1265 3269 quem
1277 3198 1399 3263 uoluisti,
1422 3207 1548 3254 nostrum
1568 3197 1616 3253 tibi
1633 3199 1749 3254 retinere
1766 3199 1801 3253 li·

177 3308 232 3362 que
245 3293 384 3349 bominem
399 3295 521 3356 dicentes
540 3298 631 3367 ipsum
654 3299 757 3363 nudum
775 3297 878 3355 deitate
891 3319 899 3366 3
914 3315 965 3355 neo
1015 3291 1117 3347 bellum
1132 3290 1236 3355 audiri,
1253 3298 1299 3345 tua
1310 3292 1460 3355 voluntate,
1471 3304 1525 3344 non
1542 3298 1636 3345 nostra
1647 3289 1804 3344 concessio·

177 3384 273 3454 allum,
286 3392 313 3444 el
326 3385 421 3451 alium,
437 3385 484 3443 sed
494 3402 579 3443 unum
592 3395 619 3443 et
630 3387 757 3446 eumdem
771 3388 853 3445 simul
865 3387 965 3444 Deum·
1014 3398 1050 3439 nc
1061 3382 1164 3454 passim
1176 3381 1345 3453 expositum,
1360 3390 1387 3437 ct
1408 3390 1437 3435 ot
1458 3380 1517 3451 ipsc
1537 3379 1645 3435 testaris
1664 3388 1804 3451 gratanter

177 3488 232 3543 quc
245 3482 273 3529 et
293 3472 453 3541 hominem,
478 3473 564 3530 lleum
586 3474 756 3547 perlectum,
777 3485 806 3532 ει
826 3477 964 3536 hominem
1014 3480 1167 3544 acceptum,
1181 3478 1306 3541 excepto,
1319 3471 1392 3540 quod
1408 3484 1462 3525 non
1478 3469 1546 3525 hene
1560 3468 1714 3540 suscipiunt
1733 3470 1800 3524 illud

177 3569 264 3621 totum
284 3561 382 3636 Deum,
397 3574 424 3621 et
448 3572 533 3621 totum
555 3566 714 3636 hommem
736 3568 862 3625 curnrlem
878 3577 964 3629 toturn
1014 3563 1048 3618 de
1069 3562 1209 3619 sacerdote
1231 3561 1356 3633 deposito
1378 3561 1419 3617 rel
1443 3558 1681 3616 excommunicato
1702 3559 1804 3614 ibidem

178 3651 266 3710 Βειιιιι
280 3660 308 3708 et
321 3667 384 3712 cunr
397 3670 481 3710 earne
496 3655 594 3727 ipsius,
620 3668 648 3714 et
669 3667 755 3715 totum
777 3659 915 3715 hominem
936 3669 964 3716 ει
1015 3657 1052 3712 ita
1075 3656 1189 3712 dictum.
1211 3654 1297 3722 Quem
1322 3654 1414 3724 itaque
1437 3651 1563 3708 Christus
1583 3666 1632 3722 per
1652 3649 1803 3708 Ecclesiam

175 3758 240 3801 cum
251 3742 365 3800 Deitatis
374 3744 435 3818 elus
445 3745 597 3806 divinitate.
613 3747 665 3803 Per
677 3748 703 3804 id
714 3748 788 3824 quod
801 3758 842 3806 est
853 3749 961 3808 dicere:
1014 3746 1184 3818 deponendo,
1197 3746 1240 3801 rcl
1253 3741 1518 3803 excommunicando
1538 3741 1663 3798 destituit
1681 3741 1716 3797 ab
1738 3740 1797 3796 ossi·

175 3836 330 3898 Perfectum
342 3847 370 3894 et
381 3837 478 3907 Deum,
491 3849 518 3897 ει
539 3841 690 3913 perlectum
715 3842 865 3910 hominem,
887 3857 965 3899 com·
1015 3839 1069 3905 clo,
1081 3839 1104 3894 si
1116 3839 1143 3894 in
1157 3851 1235 3894 sacra
1246 3836 1340 3892 altaris
1352 3835 1510 3891 ministrare
1519 3842 1677 3905 prasumat,
1688 3834 1735 3904 qui
1745 3833 1804 3905 iam

175 3929 343 4001 plementum
353 3939 382 3987 et
391 3947 446 3988 non
458 3931 595 3989 delectum
608 3933 781 3990 osoendirnus
791 3943 961 3998 normarum,
1015 3928 1140 3984 otinister
1162 3943 1217 3983 non
1241 3936 1293 3994 est,
1321 3927 1390 3982 nihil
1416 3927 1492 3983 lacit.
1509 3925 1563 3982 Ιδιε
1581 3926 1655 3981 enim
1680 3941 1713 3980 ca
1730 3924 1804 3981 heus

175 4018 229 4075 Per
241 4019 269 4076 id
284 4034 358 4088 uero,
373 4021 446 4092 quod
458 4033 502 4078 εει
514 4021 606 4078 dicere
617 4029 703 4080 totum
720 4020 806 4079 heum
825 4032 853 4078 ct
875 4032 964 4082 totum
1015 4019 1117 4093 agenda
1135 4019 1264 4086 instituit,
1279 4017 1334 4091 [ut]
1347 4034 1431 4075 uuum
1448 4018 1500 4073 nlsi
1516 4033 1565 4090 per
1585 4016 1740 4072 ministrum
1756 4032 1805 4071 ra-

176 4110 328 4181 bominem‚
344 4113 563 4184 singularitatem
587 4124 615 4170 et
632 4129 686 4169 non
708 4113 871 4170 diuisionem
884 4130 964 4170 mon·
1014 4113 1087 4170 leant
1099 4113 1168 4173 lieri.
1182 4112 1211 4168 ln
1223 4114 1274 4170 hac
1284 4113 1419 4169 sententia
1428 4112 1535 4168 uidetur
1544 4120 1617 4167 recte
1629 4110 1731 4167 dictum
1745 4118 1803 4163 tam

176 4208 298 4258 erramus
311 4217 446 4281 persona.
465 4222 476 4256 ι
495 4201 617 4274 Sapienti
638 4203 696 4261 baec
714 4204 871 4262 testimonia
889 4204 962 4261 soru-
1014 4205 1127 4273 nostris,
1152 4219 1235 4275 quam
1257 4204 1467 4274 quibuscunque
1484 4202 1627 4275 hucusque
1647 4200 1802 4266 catholicis,

94 4327 98 4334 ·
175 4291 260 4362 ciant,
280 4308 315 4349 ne
333 4295 435 4372 scripta
451 4294 494 4357 rel
516 4294 620 4350 domiui
644 4294 780 4367 liutperti,
802 4298 844 4352 rol
867 4305 962 4353 nostra
1016 4294 1080 4365 qula
1095 4308 1178 4364 agens
1192 4294 1219 4348 in
1235 4302 1406 4349 sacramento
1421 4294 1526 4361 altaris,
1544 4294 1592 4363 qui
1608 4292 1731 4347 minister
1745 4304 1803 4346 uon

175 4381 268 4440 minus
283 4381 346 4450 iude
357 4383 475 4454 sapiant,
490 4383 563 4457 quod
577 4384 605 4438 in
620 4385 661 4439 eir
676 4384 764 4442 Filios
780 4386 894 4456 uirginis
914 4386 963 4441 ho
979 4406 1002 4460 p
1017 4383 1150 4451 estnihil
1166 4382 1240 4439 lacit.
1253 4383 1276 4436 A
1291 4383 1417 4439 Patribus
1432 4383 1561 4439 traditum
1574 4382 1702 4452 legimus,
1715 4388 1743 4435 et
1756 4395 1804 4434 ra·

175 4471 366 4534 modirinitus
378 4483 527 4545 conceptus
542 4475 706 4545 praedicatur
721 4476 890 4542 altissimus,
912 4477 965 4530 nri·
1015 4483 1073 4531 tum
1088 4483 1223 4542 terremus,
1234 4474 1299 4546 quia
1311 4473 1429 4545 Spiritus
1443 4475 1594 4546 gratiarum
1609 4487 1666 4528 non
1678 4469 1803 4542 sequitur

174 4576 229 4619 nor
238 4562 349 4635 quidem
362 4562 443 4619 Patre
454 4565 605 4629 secundum
617 4566 826 4632 humanitatem,
848 4566 963 4622 sednon
1015 4579 1160 4635 personam
1173 4564 1258 4635 digni,
1273 4575 1321 4621 aut
1332 4566 1455 4637 maligni,
1470 4565 1519 4621 scal
1538 4563 1659 4620 ordinem
1679 4560 1803 4618 traditio-

174 4652 268 4710 mlnor
281 4654 432 4721 secundum
449 4655 501 4712 eibi
513 4655 605 4711 datam
620 4662 784 4726 potestatem
804 4672 811 4712 a
831 4656 962 4724 quoniam
1014 4656 1069 4722 uls,
1081 4665 1121 4720 ut,
1138 4656 1264 4726 quamuis
1276 4656 1376 4727 aliquis
1392 4655 1456 4711 boni
1469 4654 1558 4709 meriti
1571 4653 1618 4718 sit,
1636 4668 1690 4709 noo
1708 4660 1801 4707 minen

175 4744 242 4804 dato
268 4751 307 4804 eet
333 4744 373 4799 illi
399 4746 484 4803 omnir
511 4755 627 4817 potestur
650 4749 678 4800 iu
703 4749 768 4801 culo
790 4754 816 4801 et
839 4746 867 4810 in
892 4753 963 4802 tenu
1015 4761 1175 4803 consecrare
1188 4748 1286 4819 possit,
1302 4747 1355 4802 nisi
1371 4745 1453 4802 luerit
1465 4746 1617 4812 ordinatus,
1631 4753 1662 4801 ut
1677 4742 1802 4799 minister

176 4833 287 4905 (durch.
302 4835 677 4909 rxrrn,18).0bmurescant
693 4836 776 4908 igitur
789 4836 879 4900 nostri
892 4846 963 4893 tem·
1014 4838 1142 4896 exhibeat
1156 4839 1291 4907 officium3
1314 4838 1360 4894 llel
1374 4853 1438 4894 uero
1457 4845 1499 4893 est
1514 4836 1635 4893 tribuere
1657 4848 1801 4892 consecra-

174 4924 250 5004 poris
266 4922 418 4994 h'eetoriaui
432 4928 607 4984 detrahentes
629 4926 749 4985 hominis
768 4927 962 4999 magnitudini,
1016 4930 1098 4988 tionis
1119 4945 1166 4986 seu
1188 4929 1386 4986 benedictionis
1398 4927 1535 4985 ellectum.
1554 4927 1645 4995 Quare
1661 4925 1725 4998 quia
1743 4939 1799 4979 uon

175 5014 277 5096 dequo
291 5016 476 5088 scriptumest
496 5037 502 5072 :
525 5016 640 5089 Magnae
656 5017 798 5086 Dominus,
819 5028 845 5073 ct
866 5034 964 5090 inagna
1014 5030 1116 5077 temere
1130 5019 1219 5076 luerat
1232 5019 1411 5090 arguendum,
1432 5018 1566 5090 quodibi,
1587 5016 1707 5075 Ecclesia
1721 5024 1800 5081 teste,

176 5107 260 5167 uirtus
274 5108 342 5182 ejice,
358 5119 384 5164 ει
402 5108 540 5179 ιιιριειιιιιε
551 5109 608 5180 ciue
620 5126 672 5166 noo
684 5121 721 5165 ert
734 5126 857 5166 numerere
873 5108 962 5184 (Paul.
1015 5111 1104 5170 iuerat
1124 5112 1261 5183 positum3
1276 5111 1329 5167 boc
1348 5110 1440 5182 potius
1463 5110 1605 5166 ridebatur
1623 5126 1637 5165 a
1660 5108 1803 5166 dubitante

175 5211 264 5266 aruir,
288 5198 327 5271 5).
352 5198 547 5270 Mapritudinie
571 5200 630 5269 ejus
655 5218 707 5256 noo
729 5212 767 5257 εει
789 5202 850 5269 tinia
874 5203 961 5270 (Ριιι.
1014 5205 1193 5276 quarendum
1208 5211 1299 5259 utrum
1314 5217 1395 5273 quem
1408 5202 1493 5258 semel
1507 5202 1601 5273 posuit
1613 5200 1732 5257 Ecclesia
1746 5199 1802 5257 mi-

173 5304 264 5360 ιιιει,
279 5291 318 5362 5).
342 5290 470 5355 Siceoim
489 5306 552 5348 vere
568 5293 797 5366 scriptumestde
810 5294 963 5372 illutquod
1014 5294 1132 5350 ulstrum
1158 5292 1192 5349 ad
1214 5293 1348 5364 agendum
1369 5292 1481 5366 allquod
1503 5300 1718 5359 sacramentum,
1740 5290 1800 5361 lpse

173 5382 300 5462 pareretur
313 5393 392 5439 natur
403 5393 442 5451 est
458 5385 531 5448 nobie
544 5383 615 5458 (lau.
630 5402 670 5454 rx,
682 5386 722 5456 6),
734 5386 772 5448 ita
782 5386 963 5442 nihilominus
1014 5383 1185 5455 possitculpa
1195 5391 1366 5456 promerente
1380 5383 1527 5456 aliqnando
1540 5382 1685 5454 deponere,
1698 5379 1741 5438 rel
1752 5393 1801 5435 ex·

173 5485 240 5538 vere
250 5473 407 5545 adjunctum
423 5487 475 5546 est,
488 5478 562 5549 quod
574 5479 712 5534 occulitur
730 5495 824 5534 nomen
841 5478 898 5552 ejue
913 5476 962 5531 od·
1014 5476 1227 5546 communicare,
1239 5477 1276 5532 ita
1289 5484 1320 5533 ut
1330 5476 1359 5532 ln
1383 5475 1563 5532 sacramentis
1579 5487 1660 5545 agere
1671 5475 1799 5548 nequeat,

175 5564 318 5632 mirabilia,
332 5569 515 5636 conciliarier,
531 5569 601 5626 veae
616 5572 705 5650 fortir,
719 5570 802 5626 Pater
815 5571 902 5640 futuri
912 5586 963 5627 ee·
1014 5568 1087 5639 quod
1101 5575 1164 5624 ante
1177 5568 1274 5640 potuit.
1293 5566 1335 5623 hd
1355 5566 1409 5624 huc
1423 5563 1644 5637 respondendum
1663 5560 1715 5616 luit
1725 5547 1801 5706 fh

176 5651 241 5718 cult,
252 5655 373 5731 princepe
387 5661 464 5743 pecie
478 5660 589 5735 lihidi-
601 5659 652 5719 llic
662 5669 722 5719 erat
740 5676 857 5735 magnus
877 5661 905 5719 in
919 5661 964 5719 di·
1014 5659 1092 5718 uirus
1105 5669 1155 5729 ert,
1169 5671 1194 5717 et
1207 5667 1359 5732 prepotens
1372 5673 1463 5716 sermo
1478 5655 1596 5723 Domini,
1611 5655 1658 5730 qui
1671 5651 1726 5711 clar
1745 5643 1785 5716 Bc

1785 5674 1800 5692 0

1769 5717 1796 5732 ,ο
