3892 6067
87 231 153 323 r'rr
409 254 687 318 ιοιιιιιιιιτιιιιιιι
705 253 740 312 ιιι
758 251 928 312 usitatos.
948 248 1093 305 -raus
1112 247 1146 304 ιι.
1166 277 1201 290 -
1219 246 1317 304 usin.
1336 244 1451 303 exunt.
1685 248 1736 305 us

88 380 251 444 etbusest,
264 383 294 431 ιιι
317 373 415 428 laetam
433 371 600 425 uoluntatem
616 367 706 424 Patris
732 369 787 423 mei
801 366 893 440 (loon.
910 363 1011 426 Adero
1026 371 1085 422 tuo.
1100 359 1200 430 quibus
1224 360 1339 416 mandas
1361 369 1387 415 et
1412 359 1540 416 inimicos
1564 369 1676 432 propter
1699 372 1735 427 te,

87 488 135 536 rr,
148 467 240 541 52).r
260 464 320 522 Non
339 466 391 521 boe
413 463 504 520 dicere
527 469 618 531 potest
641 459 828 517 mercenarius
849 467 897 513 aut
946 462 973 508 et
987 453 1091 508 amicos
1104 450 1179 519 diligi
1200 451 1226 505 in
1247 463 1284 507 te.
1301 450 1377 508 Unde
1396 467 1451 507 uon
1467 452 1571 507 reddidi
1593 454 1735 510 maledicta

89 574 215 625 servus,
233 556 287 612 uisi
301 555 376 610 iuras
386 553 473 609 misso
488 552 586 608 timore
596 550 668 606 serrl
681 557 709 605 et
724 549 836 605 exclusa
846 562 896 603 eu·
947 542 1110 608 maledictis,
1132 542 1278 611 opprobria
1300 543 1466 614 opprobriis,
1480 544 1594 614 cupieos
1607 560 1663 600 non
1675 547 1738 602 rio·

88 649 221 722 piditate
232 642 583 713 mercenarii,suseipiatur
604 640 717 696 affectus
729 638 898 707 mistisque
947 634 972 689 ei
988 648 1004 688 a
1027 632 1111 701 malo,
1135 634 1182 689 sed
1196 632 1306 690 uincere
1319 634 1348 690 in
1364 635 1437 692 bono
1458 637 1573 691 malum.
1594 635 1656 704 Quo
1670 652 1737 694 eon·

89 740 206 796 aflectu
220 753 272 810 epo
287 736 465 792 inardescens
488 733 623 789 mendatis
646 731 698 785 tait
713 728 823 794 credidi,
841 742 896 782 uon
948 733 989 780 tra

89 829 239 886 dubitans
254 841 316 883 esse
327 826 416 882 ildelia
435 825 528 879 omnia
544 822 673 879 mandata
684 829 741 876 tua.
759 838 769 871 ι
782 818 843 874 ileo
856 818 898 874 sie
984 814 1066 871 Vens.
1080 815 1123 870 tu.
1145 815 1323 887 Coopnietum
1342 826 1380 871 ert
1391 818 1461 872 aient
1478 818 1520 872 ine
1531 834 1577 872 eor
1588 835 1685 887 meum,
1696 830 1738 877 at·

92 920 196 992 impii,
219 934 274 976 nun
301 918 342 975 sie
361 917 451 985 (Paul.
469 932 489 981 t,
504 915 533 987 ι)
553 934 563 969 ι
584 913 635 986 ipsi
656 920 782 984 parentes
798 910 898 976 nostri,
948 924 1002 980 que
1019 908 1176 963 induratum
1191 917 1245 974 est,
1259 916 1291 963 ut
1305 924 1360 964 uon
1379 910 1466 979 possit
1480 910 1579 965 ιιιοιιίιι
1597 912 1737 970 beneflciis

91 1013 149 1084 qui
165 1010 330 1068 mandatum
347 1007 399 1064 sibi
414 1008 508 1063 datum
519 1006 548 1062 iu
564 1003 694 1077 paradiso
704 1018 760 1060 nen
774 1001 898 1059 credide·
949 1000 1021 1055 ultro
1034 1000 1175 1070 impensis,
1197 1016 1260 1056 eum
1275 1002 1407 1056 tamenin
1427 1002 1485 1071 ipsa
1502 1001 1603 1056 duritia
1621 1012 1737 1071 praeten-

94 1113 246 1161 mutasse
267 1101 346 1158 lldele
368 1109 416 1156 aut
428 1097 603 1156 lldelitersibi
617 1098 728 1166 datum;
743 1097 790 1154 sed
802 1111 898 1153 susur-
948 1091 1014 1147 dant
1034 1099 1063 1147 et
1085 1094 1233 1148 ostendant
1254 1092 1332 1148 laetis
1346 1094 1494 1163 quamdam
1518 1092 1737 1158 similitudinem,

93 1205 186 1251 rante
200 1193 311 1250 diabole
326 1207 372 1264 per
383 1200 536 1262 serpentem
554 1189 655 1245 lentina
672 1188 784 1244 seducta
795 1199 847 1254 est,
859 1188 898 1240 ita
950 1183 1032 1251 eujus
1046 1183 1188 1239 ιειίιιιιιιι
1207 1198 1262 1239 nou
1275 1184 1376 1238 balreut
1395 1184 1468 1239 sieut
1488 1183 1534 1238 illa
1556 1185 1600 1240 cui
1615 1184 1738 1241 dieitur:

96 1294 132 1342 ut
149 1291 291 1355 putareta
307 1283 362 1338 ileo
387 1281 527 1337 invidente
541 1279 594 1336 sibi
623 1278 767 1336 scientiam
789 1278 855 1333 boui
871 1285 899 1332 ει
952 1293 961 1325 ι
979 1273 1030 1329 llel
1044 1283 1072 1329 et
1087 1274 1129 1329 lae
1140 1276 1192 1330 sub
1205 1275 1296 1341 linqua
1312 1283 1358 1330 tua
1370 1276 1462 1343 (Cant.
1475 1290 1513 1338 u,
1528 1275 1581 1343 ιι).
1599 1294 1609 1328 ι
1628 1274 1674 1333 lsti
1688 1291 1741 1333 an·

98 1377 174 1435 mali
188 1392 220 1433 se
234 1388 371 1444 suumque
384 1373 474 1429 virum
489 1371 642 1443 prohibitos
656 1386 671 1425 a
689 1368 763 1442 ligno
777 1368 899 1424 scientie
949 1374 1003 1421 tem
1017 1381 1072 1421 uon
1093 1381 1157 1423 rere
1178 1366 1230 1433 lae,
1246 1368 1293 1423 sed
1307 1369 1378 1421 sient
1390 1368 1433 1421 lae
1447 1376 1590 1437 apparent,
1606 1383 1669 1422 enm
1684 1367 1737 1422 du·

100 1469 242 1541 (Gemitu,
257 1466 295 1535 ι).
312 1464 360 1520 Sic
385 1463 562 1534 deliquerunt
576 1467 705 1532 parentes
724 1459 791 1525 mei,
807 1466 835 1513 et
848 1473 899 1526 equ
948 1471 1010 1510 rum
1026 1457 1061 1512 sit
1080 1470 1129 1512 eor
1142 1471 1249 1522 eorum,
1261 1457 1332 1512 sicut
1348 1465 1407 1512 erat
1420 1472 1468 1512 eor
1481 1455 1634 1512 Pharaonis
1658 1457 1739 1512 indu·

100 1561 131 1615 in
153 1557 224 1629 ipsis
238 1553 352 1625 deliqui.
370 1553 489 1623 Deliquit
516 1560 678 1607 matermea
693 1547 748 1603 Era
774 1548 897 1632 seducta,
951 1557 1053 1604 ratum.
1082 1548 1212 1621 Eponam
1226 1551 1306 1621 lepeot
1321 1559 1393 1603 tunm
1408 1549 1739 1615 mediterraneorum

101 1647 224 1720 deliquit
234 1654 311 1719 pater
325 1643 581 1712 mensutam,tteet
595 1657 649 1697 uon
661 1639 791 1696 seductus
807 1648 896 1695 tamen
948 1642 1022 1711 quod
1036 1660 1046 1691 ι
1064 1640 1203 1711 plenitudo
1219 1641 1287 1712 legis
1301 1650 1343 1697 est
1355 1641 1465 1696 dileetio
1479 1639 1566 1712 (llum.
1578 1655 1639 1705 rut,
1652 1638 1709 1708 ιι),
1724 1659 1735 1688 ι

102 1741 229 1796 seductae
253 1737 453 1807 acquiescens,
483 1750 571 1805 neque
593 1734 668 1788 illam
695 1746 895 1803 compescens,
912 1702 934 1758 B
948 1733 1068 1788 maxime
1081 1747 1143 1788 cum
1159 1733 1282 1805 diligitur
1295 1748 1350 1788 non
1372 1733 1462 1788 solnm
1486 1733 1592 1788 amiens
1609 1732 1736 1802 diligens,

104 1837 191 1901 prout
206 1815 311 1885 debuitl
334 1824 364 1880 lu
382 1826 492 1881 illorum
509 1824 616 1882 delictis
629 1838 680 1893 ego
695 1822 780 1880 David
807 1822 896 1896 poeui-
948 1822 994 1878 sed
1018 1823 1101 1879 etiam
1121 1839 1290 1895 persequens
1314 1823 1454 1880 iuimicus.
1476 1822 1509 1878 Et
1532 1825 1559 1878 iu
1582 1824 1625 1879 liis
1645 1823 1736 1878 omni·

105 1930 169 1974 teus
183 1927 335 1988 conceptus
947 1916 1000 1970 lun

143 2007 227 2065 Vsus.
244 2006 288 2062 et.
303 2006 472 2078 Priusquam
486 2005 641 2060 irumilinrer
653 2019 733 2076 poena
746 2006 897 2061 mortalita·
983 2004 1066 2063 l'ens.
1083 2006 1126 2061 il.
1149 2005 1250 2061 linitum
1267 2007 1343 2073 uuili,
1358 2007 1420 2076 pain
1440 2005 1588 2059 duritilinsti
1604 2021 1653 2070 rur,
1665 2007 1737 2059 mul·

106 2097 154 2163 tis,
162 2098 272 2153 dicente
283 2096 338 2152 ileo
352 2113 359 2150 ε
375 2093 479 2150 «Terra
492 2110 522 2151 es
533 2103 560 2150 et
573 2095 601 2150 iu
616 2102 719 2151 terram
732 2094 785 2151 ibis
797 2094 895 2167 (Eroti.
948 2099 1067 2170 tiplieata
1084 2115 1167 2169 super
1183 2115 1227 2154 me
1246 2099 1390 2170 iniquitate
1408 2099 1601 2168 superborum,
1616 2099 1650 2153 de
1663 2113 1735 2169 quo·

107 2204 149 2251 ιιι,
173 2188 231 2256 ιι),
250 2187 376 2259 »deliqui
399 2195 514 2243 mortem
536 2186 636 2241 animae
648 2185 774 2243 incidens
790 2201 837 2257 per
853 2187 896 2241 in·
947 2206 1009 2245 rum
1029 2190 1156 2260 superbia
1171 2190 1238 2244 mibi
1251 2190 1370 2246 accrevit
1382 2189 1521 2245 humilitas
1529 2199 1560 2245 ‘te
1580 2191 1735 2259 ordinante,

107 2278 293 2334 obedientiam
323 2285 351 2332 et
376 2276 620 2348 tmutpressionem
643 2277 731 2333 ildelis
756 2278 896 2344 mandati,
948 2282 994 2351 qui
1016 2296 1064 2350 per
1087 2281 1161 2351 ipsos
1185 2282 1318 2351 superbos
1339 2282 1487 2335 humiliasti
1511 2297 1561 2348 me,
1579 2292 1609 2335 ur
1632 2281 1736 2335 disemo

107 2368 182 2441 qnod
202 2368 353 2425 si‘lldeliter
373 2369 575 2437 observassem,
587 2382 642 2424 nou
661 2369 757 2440 utiquc
771 2370 897 2426 mortali·
943 2372 1151 2442 justificationes
1167 2383 1227 2427 trent
1240 2373 1430 2428 exercentibus
1444 2373 1565 2428 adversis
1577 2373 1737 2446 patientiam

106 2468 164 2518 tate
183 2470 337 2519 munterte
361 2461 485 2533 corporis
504 2459 665 2516 humiliatus
680 2459 806 2518 inissem.
828 2460 899 2516 Pro·
948 2481 1048 2529 utrem,
1070 2479 1125 2534 qna
1145 2474 1335 2520 consummata
1350 2464 1425 2520 mitis
1446 2473 1475 2520 et
1494 2465 1607 2522 humilis
1622 2467 1735 2534 alliciar,

107 2563 199 2624 pterea
220 2552 355 2623 eloquium
381 2561 455 2605 tunm
481 2551 626 2617 custodiri,
653 2551 779 2607 eruditus
803 2552 898 2608 rideli—
949 2554 1020 2611 sieut
1034 2563 1061 2609 tu
1083 2555 1179 2620 duces,
1199 2556 1293 2611 dicens
1308 2574 1314 2609 :
1331 2575 1340 2607 ι
1357 2556 1490 2611 Discitea
1512 2572 1556 2612 me
1577 2558 1641 2628 quia
1662 2559 1739 2616 mitis

11 2713 12 2720 ἵ
106 2654 151 2701 cet
175 2642 439 2715 atquebumiliatus
461 2641 575 2713 flagellis
589 2641 654 2709 tuis,
671 2650 702 2697 ut
724 2657 835 2699 caream
851 2643 899 2698 dc·
949 2662 1009 2702 snm
1027 2656 1055 2701 et
1070 2646 1182 2702 humilis
1201 2648 1283 2703 eorde
1307 2647 1417 2717 (ιιιιιι.
1436 2664 1474 2714 ιιι,
1491 2647 1548 2714 29),
1566 2667 1576 2701 ι
1602 2649 1675 2719 quod
1695 2659 1738 2706 ast

107 2736 246 2806 linquere,
261 2749 295 2789 ne
310 2749 420 2790 rursum
440 2733 569 2789 humilier
589 2746 639 2805 per
659 2732 765 2804 flagella
787 2733 899 2790 iracun·
948 2752 1009 2793 esse
1021 2738 1127 2807 justum
1142 2747 1189 2794 tua
1203 2739 1480 2808 justificationequae
1492 2755 1546 2793 riou
1559 2748 1602 2795 est
1616 2742 1735 2807 aliunde,

106 2824 161 2881 dire
175 2833 239 2891 ιιιιε,
254 2838 337 2894 quam
352 2821 430 2878 ualde
442 2836 592 2893 pavescens
606 2822 640 2878 ad
652 2823 782 2879 bonitatis
795 2831 849 2879 tua
861 2823 899 2879 si·
950 2829 1003 2884 nisi
1019 2846 1034 2884 a
1049 2840 1075 2886 te
1089 2831 1189 2900 impios
1199 2831 1367 2899 justificante
1385 2845 1418 2885 ae
1433 2841 1555 2886 manuos
1572 2833 1735 2901 ritineaute,

11 2961 13 2968 ,
106 2932 177 2972 riom
188 2913 327 2987 coniugio,
340 2914 434 2971 dicens
449 2913 498 2969 tibi
510 2912 623 2970 assiduo
639 2912 759 2969 clamore
773 2914 898 2971 eordiset
950 2936 1005 2975 uun
1029 2919 1275 2991 perrirgamiegis
1296 2919 1431 2986 llosaieae,
1450 2921 1498 2974 sed
1520 2922 1738 2993 perlegendos

11 3063 13 3084 .
106 3007 193 3064 oris:
912 3015 1000 3087 crui,
1016 3013 1082 3070 dum
1102 3031 1183 3070 verus
1207 3014 1314 3070 Elisetts
1336 3030 1369 3071 es
1383 3025 1460 3070 tuum
1481 3016 1618 3072 tiriilcuur
1643 3035 1739 3091 soper-

148 3099 231 3155 isus.
246 3097 291 3154 te.
311 3097 492 3165 uolnera,
508 3107 533 3153 et
549 3098 577 3152 iu
593 3097 767 3153 contentetur
782 3098 845 3153 dece
858 3115 899 3153 me
950 3121 1055 3177 ponens
1085 3106 1126 3161 ori
1158 3106 1273 3173 mortrui,
1291 3106 1414 3162 rivilieas
1444 3115 1472 3162 et
1498 3107 1633 3178 justilicas
1661 3111 1740 3166 illum

11 3211 12 3226 ι
104 3190 315 3262 justificationes
327 3197 398 3243 taes.
419 3189 509 3246 Bonus
523 3206 551 3244 ea
566 3200 605 3256 ιι,
620 3189 743 3245 bonitate
757 3205 811 3245 uon
827 3191 899 3246 aeci·
949 3212 997 3268 per
1013 3198 1092 3252 lidem
1110 3197 1136 3251 io
1154 3207 1178 3252 te
1194 3197 1326 3264 babilam,
1347 3213 1381 3252 ex
1402 3211 1456 3266 qua
1474 3196 1568 3268 justus
1588 3199 1664 3256 uiuit.
1687 3198 1740 3254 lta·

109 3281 213 3338 deutali
228 3289 276 3336 aut
287 3281 423 3347 mutabili,
438 3281 485 3337 sed
497 3281 614 3338 naturali
628 3292 711 3352 atque
725 3281 898 3339 immutabili.
950 3305 1008 3361 qne

115 3372 151 3427 fil
163 3374 191 3428 t'rt
202 3374 255 3430 hac
275 3371 449 3428 bortitctetna
468 3373 531 3427 doce
551 3389 592 3427 tlte
607 3373 899 3444 justificationettuus,
988 3379 1071 3439 Vns,
1086 3382 1131 3438 73,
1153 3381 1258 3437 Bonum
1280 3382 1345 3435 parilii
1369 3380 1412 3437 lea
1426 3382 1481 3437 arip
1502 3382 1541 3435 tui
1556 3399 1635 3453 mppr
1657 3381 1742 3438 miliia

114 3464 243 3521 ιιιιθῑίθιιθ
257 3463 349 3533 lolius
369 3477 451 3534 (luem
475 3463 580 3519 ῑιιῑῐθῐιθ
605 3463 747 3534 magistra,
766 3464 901 3521 autoritate
952 3474 1013 3527 oum
1026 3481 1051 3527 et
1066 3473 1181 3544 arpenti,
1195 3472 1326 3544 quoniam
1340 3473 1402 3544 plns
1413 3472 1500 3544 diligit
1519 3473 1640 3529 ebaritas
1658 3474 1742 3546 iepem

114 3559 206 3632 potius
225 3559 381 3631 euangelica
400 3573 483 3629 quam
509 3559 651 3615 seueritate
671 3560 752 3631 legali
772 3561 902 3617 erudiens
952 3564 1006 3619 oris
1018 3564 1070 3629 tui,
1083 3578 1165 3634 quam
1180 3562 1318 3633 cupiditas
1333 3562 1420 3617 millio
1443 3563 1504 3617 artri
1516 3571 1541 3617 et
1553 3564 1665 3635 arpenti,
1681 3578 1743 3635 quae

117 3669 161 3711 me
176 3669 209 3710 ae
222 3652 327 3709 lauicos
342 3667 383 3706 ore
404 3652 491 3721 soene
501 3651 709 3722 justificationes
730 3663 801 3717 tuas,
816 3654 843 3711 id
860 3664 903 3710 est
953 3654 1017 3709 licet
1044 3654 1073 3708 in
1097 3653 1214 3710 terrenis
1238 3652 1321 3708 rebus
1343 3651 1534 3709 desiderabilia
1560 3655 1625 3722 sint,
1650 3665 1741 3709 tamen

117 3763 198 3820 opera
211 3747 334 3818 justitiae,
352 3761 407 3801 non
425 3745 597 3816 pharisaicae,
622 3760 684 3817 quae
703 3744 754 3801 tibi
777 3761 830 3801 uon
844 3747 903 3816 pla·
953 3754 1111 3816 comparata
1135 3745 1303 3815 spiritalibus
1324 3746 1437 3811 diuitiis,
1462 3762 1532 3817 quas
1558 3748 1681 3802 insinuat
1699 3746 1743 3802 les

116 3849 169 3907 eet,
184 3840 230 3898 sed
241 3841 354 3895 omuino
366 3847 418 3893 tuac
430 3853 462 3894 ae
473 3836 521 3892 tibi
536 3836 651 3909 placitae,
663 3852 747 3908 quam
761 3838 842 3894 etiam
854 3838 904 3894 dn-
955 3834 1009 3888 eris
1029 3834 1079 3899 tui,
1094 3832 1196 3888 nullius
1216 3834 1295 3903 pretii
1310 3841 1386 3899 suut,
1397 3836 1462 3904 quia
1475 3835 1539 3890 talia
1553 3836 1624 3893 bona
1640 3837 1742 3892 bonum

117 3933 200 3989 resin
211 3932 327 3986 territare
339 3941 387 3985 tua
401 3930 495 3985 diceus
512 3947 519 3984 z
537 3946 547 3980 ι
563 3926 621 3982 Nisi
633 3927 812 3983 abundaverit
822 3930 903 4000 justi·
953 3941 1009 3981 nou
1032 3924 1137 3980 laeiunt
1159 3924 1203 3980 sui
1224 3939 1421 3995 possessorem,
1441 3927 1512 3982 sicut
1526 3927 1596 3982 bona
1610 3928 1743 3997 spiritalia

119 4024 154 4078 tia
170 4031 261 4077 restra
284 4024 348 4094 plus
367 4036 451 4093 ιιιιιι
477 4020 634 4078 Scribarum
648 4029 676 4075 ct
689 4018 902 4090 Pharisaeorum,
953 4021 1043 4075 bonos
1065 4019 1180 4085 iaeinot,
1201 4020 1248 4090 qui
1270 4035 1302 4074 ea
1318 4019 1461 4089 possident
1481 4021 1577 4092 uisque
1599 4022 1740 4088 ιιιιιιιιιιι,

118 4126 171 4168 oen
186 4113 322 4168 intrabitis
335 4113 362 4168 in
379 4129 492 4185 regnum
507 4114 638 4170 cetorum
655 4110 767 4184 (ιιαιιι.
783 4128 811 4181 ι,
827 4112 900 4184 ιιιι
954 4109 1105 4166 seeundum
1115 4109 1188 4179 quod
1200 4109 1280 4164 docet
1291 4108 1335 4164 les
1349 4112 1403 4163 oris
1417 4112 1469 4176 tui,
1481 4124 1543 4180 quae
1553 4110 1621 4180 ipsis
1634 4127 1744 4181 quoque

120 4203 203 4259 item:
218 4202 319 4260 Cavete
337 4221 348 4255 ι
364 4219 399 4260 ue
410 4203 545 4273 justitiam
558 4211 676 4259 vestram
692 4201 797 4260 laeiatis
811 4218 903 4260 eoram
955 4201 1071 4259 terrenis
1087 4202 1189 4257 docens
1211 4209 1285 4256 recte
1300 4201 1338 4256 nti
1351 4202 1496 4272 pretiosior
1509 4209 1552 4256 est
1562 4204 1669 4259 eunetis
1683 4205 1743 4274 opi-

120 4295 285 4359 buminibus,
311 4303 342 4350 ut
362 4294 511 4350 rideamini
533 4297 568 4351 ab
590 4296 630 4352 eis
657 4296 766 4364 (ιιαιιι.
786 4312 824 4362 ιι,
838 4296 874 4368 ι).
892 4317 901 4347 ι
955 4295 1017 4359 bus,
1030 4302 1057 4350 et
1071 4292 1172 4358 omitia,
1192 4307 1253 4363 quae
1273 4291 1474 4358 desiderantur,
1496 4293 1561 4349 bule
1575 4309 1629 4349 nuo
1652 4296 1743 4351 ualent

121 4382 188 4438 Doce
199 4400 239 4439 ore
260 4384 353 4455 itaque
367 4385 396 4440 in
414 4384 529 4440 lenitate
548 4394 594 4440 tan
610 4385 817 4456 justificationes
833 4395 903 4454 tuns,
920 4382 942 4437 tt
956 4384 1122 4455 comparari.

120 4491 187 4547 quas
209 4476 331 4533 videntes
350 4476 477 4533 hemines
502 4485 574 4544 tuor,
592 4477 618 4533 id
637 4487 680 4534 est
698 4493 732 4534 es
748 4486 793 4534 tua
817 4479 902 4548 pratia
988 4478 1058 4535 Octo
1072 4478 1117 4536 isti
1127 4492 1224 4533 versus
1237 4476 1370 4548 praemissi
1384 4474 1456 4548 apud
1469 4474 1597 4534 Hebraeos
1609 4477 1743 4549 incipiunt

120 4582 178 4624 esse
194 4567 387 4639 intelligentes,
409 4566 562 4640 glorilleeut
579 4584 632 4624 uon
656 4584 709 4634 ute,
725 4570 773 4625 sed
792 4578 831 4638 te,
848 4584 903 4624 nou
954 4587 970 4626 a
994 4573 1084 4627 littera
1103 4570 1166 4638 terit,
1189 4569 1263 4641 quod
1283 4568 1478 4638 interpretatur
1501 4568 1607 4637 bouum,
1623 4570 1697 4639 quud
1713 4570 1742 4624 iu

121 4677 163 4717 tue
173 4670 226 4717 tuat
237 4660 441 4732 justificationis
459 4660 600 4733 iudignum
619 4671 804 4732 acceptorem,
820 4664 866 4720 sed
879 4674 905 4720 te
954 4662 1016 4718 aliis
1033 4677 1143 4734 qnoque
1156 4662 1268 4732 linguis,
1282 4659 1408 4715 videlicet
1418 4658 1511 4716 Graeca
1522 4668 1550 4716 et
1562 4661 1742 4729 Latina,enn·

122 4753 205 4823 ipsius
227 4752 453 4823 benignissimum
469 4767 502 4806 ac
517 4751 701 4824 largissimum
724 4754 859 4819 datorem,
874 4764 905 4810 ut
954 4772 1021 4828 grue
1040 4756 1185 4811 ianitorem
1199 4754 1256 4808 sire
1269 4752 1371 4805 bonnm
1388 4752 1531 4822 replicant,
1544 4768 1607 4808 eum
1621 4754 1740 4809 incitor:

122 4843 167 4898 tibi
184 4857 294 4913 semper
308 4841 342 4898 de
354 4858 424 4909 mea,
438 4842 494 4896 iuro
514 4841 547 4897 de
558 4851 615 4908 tua,
630 4843 677 4898 sed
692 4843 760 4897 mibi
773 4844 848 4912 data,
859 4845 906 4915 jtt·
954 4848 1106 4903 bonitatem
1127 4846 1224 4916 fecisti.
1246 4841 1336 4897 Bonus
1355 4859 1382 4898 es
1405 4852 1445 4908 ιι,
1464 4853 1489 4898 et
1513 4846 1541 4899 in
1559 4845 1675 4899 lorritnte
1696 4856 1743 4900 tnu

123 4937 281 4995 miratione
292 4936 328 4992 sit
339 4937 443 5007 gluria3
459 4935 526 4990 milri
538 4943 628 4990 autern
640 4945 798 5007 permaneat
812 4936 904 4991 bunti·
954 4940 1018 4994 doce
1033 4956 1083 4993 nte.
1099 4938 1166 4995 ltem
1183 4956 1190 4992 ε
1213 4937 1316 4992 Bonum
1338 4936 1413 5002 milri,
1427 4937 1497 5006 qaod
1518 4936 1666 4992 lrnmiliasti
1691 4955 1741 4992 rae.

124 5029 195 5085 liano
207 5036 235 5083 et
245 5028 386 5084 humilitas
406 5028 617 5098 cooperantibus
631 5027 659 5081 in
671 5027 723 5083 boe
733 5027 822 5098 ipsum
836 5028 905 5084 meis
954 5033 1059 5089 Bonam
1073 5032 1137 5085 otili
1150 5031 1193 5085 les
1207 5032 1261 5085 orie
1277 5032 1326 5085 tui.
1340 5028 1392 5085 Per
1404 5030 1463 5086 baee
1474 5031 1558 5086 nutrita
1573 5031 1702 5085 bonitatis
1716 5038 1743 5084 ct

124 5133 149 5179 et
158 5123 213 5178 tuis
227 5121 356 5189 inimicis,
371 5130 466 5177 contra
483 5130 509 5177 te
527 5137 559 5177 ac
573 5135 617 5176 tue
630 5120 861 5191 superbientibus,
876 5131 905 5177 ut
955 5123 1091 5178 bonorum
1103 5120 1409 5197 praeeouiaiusiouatur
1423 5120 1504 5175 uobis
1523 5120 1588 5176 illud
1603 5134 1741 5184 summurn

125 5212 270 5281 sepissime
285 5227 346 5266 auru
361 5220 500 5282 expertus,
517 5212 583 5282 quia
954 5215 1069 5276 bouum,
1091 5212 1164 5283 quod
1189 5228 1297 5269 summu
1309 5270 1312 5276 ,
1324 5212 1461 5268 desiderio
1484 5211 1664 5282 appetendum
1689 5218 1742 5276 est,

158 5301 239 5359 Vens.
253 5303 297 5359 69.
318 5302 498 5374 llultiplr'eoto
510 5311 548 5358 est
564 5318 643 5372 saper
654 5317 695 5356 me
713 5302 840 5374 iniquiter
859 5321 906 5358 sn·
955 5306 1084 5377 quodque
1096 5320 1174 5374 anper
1183 5305 1268 5360 utillin
1279 5307 1340 5359 euri
1358 5316 1382 5359 et
1394 5304 1497 5378 arpenti
1508 5302 1742 5369 concerpisceudnnr

125 5393 269 5467 perborum,
290 5395 332 5450 vel
353 5403 446 5465 aperta
461 5394 605 5464 vituperia,
625 5394 907 5465 improperia,eouri·
956 5404 1004 5450 est.

125 5487 162 5541 ria
182 5484 266 5541 mrtlta
288 5485 315 5540 in
337 5485 434 5540 laciem
456 5499 546 5541 meam
564 5483 738 5555 jactantium,
760 5486 801 5540 rel
823 5501 906 5557 snpra
1323 5502 1378 5542 tou.

124 5580 230 5636 dorsum
246 5594 338 5635 meum
362 5578 555 5634 fabricantium
569 5578 745 5635 clandestinis
760 5579 907 5635 detractio-
992 5577 1021 5633 lu
1036 5578 1088 5634 liae
1102 5578 1207 5634 decima
1229 5577 1318 5633 littera
1333 5577 1499 5632 intellectum
1520 5577 1588 5649 petit
1601 5576 1744 5633 munidato·

126 5673 211 5727 uilius.
236 5670 291 5741 Epo
312 5680 400 5724 entem
414 5670 441 5723 in
455 5678 508 5722 toto
520 5670 598 5724 eorde
610 5686 665 5725 mee
680 5670 817 5726 scrutabor
831 5688 907 5726 mnu·
957 5689 1031 5742 rum,
1052 5688 1169 5744 quotum
1186 5673 1322 5743 praecipua
1346 5679 1412 5729 sunit
1434 5670 1479 5727 illa
1492 5671 1587 5727 decem
1598 5679 1743 5742 praecepta,

280 5766 415 5826 ιιτιοι.
439 5740 571 5829 citou.
1547 5765 1588 5827 aa
