<?xml version="1.0" encoding="UTF-8"?>
<!DOCTYPE html PUBLIC "-//W3C//DTD XHTML 1.0 Transitional//EN"
    "http://www.w3.org/TR/xhtml1/DTD/xhtml1-transitional.dtd">
<html xmlns="http://www.w3.org/1999/xhtml" xml:lang="en" lang="en">
 <head>
  <title>
</title>
<meta http-equiv="Content-Type" content="text/html;charset=utf-8" />
  <meta name='ocr-system' content='tesseract 3.04.00' />
  <meta name='ocr-capabilities' content='ocr_page ocr_carea ocr_par ocr_line ocrx_word'/>
</head>
<body>
  <div class='ocr_page' id='page_1' title='image "./lta-11000/patrologiaecurs03berngoog/patrologiaecurs03berngoog_0447.png"; bbox 0 0 3892 6067; ppageno 0'>
   <div class='ocr_carea' id='block_1_1' title="bbox 212 248 1833 371">
    <p class='ocr_par' dir='ltr' id='par_1_1' title="bbox 212 248 1833 371">
     <span class='ocr_line' id='line_1_1' title="bbox 212 248 1833 371; baseline -0.011 -3"><span class='ocrx_word' id='word_1_1' title='bbox 212 309 263 371; x_wconf 83' lang='lat' dir='ltr'><em>stt</em></span> <span class='ocrx_word' id='word_1_2' title='bbox 636 327 638 329; x_wconf 95' lang='lat'>-</span> <span class='ocrx_word' id='word_1_3' title='bbox 690 299 847 367; x_wconf 86' lang='lat' dir='ltr'><em>sssttotst</em></span> <span class='ocrx_word' id='word_1_4' title='bbox 867 297 1063 367; x_wconf 67' lang='lat' dir='ltr'><em>eustosii!</em></span> <span class='ocrx_word' id='word_1_5' title='bbox 1081 293 1356 363; x_wconf 62' lang='lat' dir='ltr'><em>strenuissimo.</em></span> <span class='ocrx_word' id='word_1_6' title='bbox 1429 248 1449 261; x_wconf 54' lang='grc'>”</span> <span class='ocrx_word' id='word_1_7' title='bbox 1782 290 1833 352; x_wconf 80' lang='lat' dir='ltr'><em>sss</em></span> 
     </span>
    </p>
   </div>
   <div class='ocr_carea' id='block_1_2' title="bbox 202 406 1903 3410">
    <p class='ocr_par' dir='ltr' id='par_1_2' title="bbox 209 406 1903 666">
     <span class='ocr_line' id='line_1_2' title="bbox 211 406 1833 494; baseline -0.01 -15"><span class='ocrx_word' id='word_1_8' title='bbox 211 424 406 494; x_wconf 73' lang='lat' dir='ltr'><em>lacrymarum,</em></span> <span class='ocrx_word' id='word_1_9' title='bbox 422 414 455 471; x_wconf 91' lang='lat' dir='ltr'><em>de</em></span> <span class='ocrx_word' id='word_1_10' title='bbox 469 411 611 485; x_wconf 84' lang='lat' dir='ltr'><em>ptulltudis</em></span> <span class='ocrx_word' id='word_1_11' title='bbox 635 410 762 478; x_wconf 84' lang='lat' dir='ltr'><em>clamati,</em></span> <span class='ocrx_word' id='word_1_12' title='bbox 778 420 806 468; x_wconf 88' lang='lat' dir='ltr'><em>ot</em></span> <span class='ocrx_word' id='word_1_13' title='bbox 829 412 912 475; x_wconf 74' lang='lat' dir='ltr'><em>bosni</em></span> <span class='ocrx_word' id='word_1_14' title='bbox 935 426 1000 475; x_wconf 79' lang='lat' dir='ltr'><em>aets-</em></span> <span class='ocrx_word' id='word_1_15' title='bbox 1014 414 1038 476; x_wconf 73' lang='lat' dir='ltr'>A</span> <span class='ocrx_word' id='word_1_16' title='bbox 1052 407 1164 480; x_wconf 80' lang='lat' dir='ltr'><em>puluere</em></span> <span class='ocrx_word' id='word_1_17' title='bbox 1188 406 1327 473; x_wconf 47' lang='lat' dir='ltr'><em>malorum,</em></span> <span class='ocrx_word' id='word_1_18' title='bbox 1347 412 1545 481; x_wconf 74' lang='lat' dir='ltr'><em>cogitationum</em></span> <span class='ocrx_word' id='word_1_19' title='bbox 1561 413 1592 464; x_wconf 84' lang='lat' dir='ltr'><em>et</em></span> <span class='ocrx_word' id='word_1_20' title='bbox 1611 414 1668 463; x_wconf 84' lang='lat' dir='ltr'><em>nto</em></span> <span class='ocrx_word' id='word_1_21' title='bbox 1691 421 1833 477; x_wconf 72' lang='lat' dir='ltr'><em>pravarum</em></span> 
     </span>
     <span class='ocr_line' id='line_1_3' title="bbox 211 494 1834 581; baseline -0.008 -17"><span class='ocrx_word' id='word_1_22' title='bbox 211 511 252 573; x_wconf 84' lang='lat' dir='ltr'><em>los</em></span> <span class='ocrx_word' id='word_1_23' title='bbox 273 524 352 571; x_wconf 87' lang='lat' dir='ltr'><em>rneos,</em></span> <span class='ocrx_word' id='word_1_24' title='bbox 367 505 403 567; x_wconf 89' lang='lat' dir='ltr'><em>od</em></span> <span class='ocrx_word' id='word_1_25' title='bbox 414 513 440 559; x_wconf 86' lang='lat' dir='ltr'><em>te</em></span> <span class='ocrx_word' id='word_1_26' title='bbox 458 517 580 571; x_wconf 86' lang='lat' dir='ltr'><em>sursum,</em></span> <span class='ocrx_word' id='word_1_27' title='bbox 592 501 638 581; x_wconf 76' lang='lat' dir='ltr'><em>gui</em></span> <span class='ocrx_word' id='word_1_28' title='bbox 655 500 761 556; x_wconf 82' lang='lat' dir='ltr'><em>totitas</em></span> <span class='ocrx_word' id='word_1_29' title='bbox 775 501 803 559; x_wconf 86' lang='lat' dir='ltr'><em>iss</em></span> <span class='ocrx_word' id='word_1_30' title='bbox 827 501 909 567; x_wconf 70' lang='lat' dir='ltr'><em>colb.</em></span> <span class='ocrx_word' id='word_1_31' title='bbox 923 497 1003 567; x_wconf 48' lang='lat' dir='ltr'><em>Quos.</em></span> <span class='ocrx_word' id='word_1_32' title='bbox 1050 497 1226 555; x_wconf 78' lang='lat' dir='ltr'><em>affectionum</em></span> <span class='ocrx_word' id='word_1_33' title='bbox 1246 495 1387 552; x_wconf 83' lang='lat' dir='ltr'><em>ioedatam.</em></span> <span class='ocrx_word' id='word_1_34' title='bbox 1404 494 1529 552; x_wconf 75' lang='lat' dir='ltr'><em>Miserere</em></span> <span class='ocrx_word' id='word_1_35' title='bbox 1543 498 1638 565; x_wconf 88' lang='lat' dir='ltr'><em>nostri,</em></span> <span class='ocrx_word' id='word_1_36' title='bbox 1651 496 1776 563; x_wconf 82' lang='lat' dir='ltr'><em>Domine,</em></span> <span class='ocrx_word' id='word_1_37' title='bbox 1789 499 1834 558; x_wconf 69' lang='lat' dir='ltr'><em>nri</em></span> 
     </span>
     <span class='ocr_line' id='line_1_4' title="bbox 209 587 1903 666; baseline 0.002 -21"><span class='ocrx_word' id='word_1_38' title='bbox 209 598 310 666; x_wconf 55' lang='lat' dir='ltr'><em>modos</em></span> <span class='ocrx_word' id='word_1_39' title='bbox 1049 606 1135 646; x_wconf 84' lang='lat' dir='ltr'><em>serere</em></span> <span class='ocrx_word' id='word_1_40' title='bbox 1148 590 1243 655; x_wconf 81' lang='lat' dir='ltr'><em>uestri,</em></span> <span class='ocrx_word' id='word_1_41' title='bbox 1253 587 1318 658; x_wconf 82' lang='lat' dir='ltr'><em>quia</em></span> <span class='ocrx_word' id='word_1_42' title='bbox 1336 596 1530 660; x_wconf 81' lang='lat' dir='ltr'><em>nuuc&#39;tempus</em></span> <span class='ocrx_word' id='word_1_43' title='bbox 1543 589 1837 660; x_wconf 67' lang='lat' dir='ltr'><em>miscmndbeouttoti</em></span> <span class='ocrx_word' id='word_1_44' title='bbox 1889 601 1903 661; x_wconf 63' lang='lat'><em>‚⁹</em></span> 
     </span>
    </p>

    <p class='ocr_par' dir='ltr' id='par_1_3' title="bbox 202 680 1851 2940">
     <span class='ocr_line' id='line_1_5' title="bbox 246 680 1836 753; baseline -0.003 -10"><span class='ocrx_word' id='word_1_45' title='bbox 246 687 315 749; x_wconf 81' lang='lat' dir='ltr'><em>Eece</em></span> <span class='ocrx_word' id='word_1_46' title='bbox 332 687 403 742; x_wconf 85' lang='lat' dir='ltr'><em>sicut</em></span> <span class='ocrx_word' id='word_1_47' title='bbox 418 686 490 743; x_wconf 88' lang='lat' dir='ltr'><em>oculi</em></span> <span class='ocrx_word' id='word_1_48' title='bbox 502 702 637 742; x_wconf 84' lang='lat' dir='ltr'><em>serrorum</em></span> <span class='ocrx_word' id='word_1_49' title='bbox 652 686 680 740; x_wconf 92' lang='lat' dir='ltr'><em>in</em></span> <span class='ocrx_word' id='word_1_50' title='bbox 695 684 817 740; x_wconf 87' lang='lat' dir='ltr'><em>utouiius</em></span> <span class='ocrx_word' id='word_1_51' title='bbox 831 685 1000 739; x_wconf 84' lang='lat' dir='ltr'><em>dominorum</em></span> <span class='ocrx_word' id='word_1_52' title='bbox 1051 682 1167 737; x_wconf 88' lang='lat' dir='ltr'><em>rnultuut</em></span> <span class='ocrx_word' id='word_1_53' title='bbox 1188 680 1281 751; x_wconf 75' lang='lat' dir='ltr'><em>tepidi</em></span> <span class='ocrx_word' id='word_1_54' title='bbox 1302 696 1394 738; x_wconf 82' lang='lat' dir='ltr'><em>turnus</em></span> <span class='ocrx_word' id='word_1_55' title='bbox 1420 681 1586 752; x_wconf 66' lang='lat' dir='ltr'><em>despectione</em></span> <span class='ocrx_word' id='word_1_56' title='bbox 1607 697 1658 753; x_wconf 90' lang='lat' dir='ltr'><em>pro</em></span> <span class='ocrx_word' id='word_1_57' title='bbox 1685 680 1836 739; x_wconf 72' lang='lat' dir='ltr'><em>maniiesta</em></span> 
     </span>
     <span class='ocr_line' id='line_1_6' title="bbox 208 772 1836 846; baseline -0.004 -10"><span class='ocrx_word' id='word_1_58' title='bbox 208 794 318 836; x_wconf 84' lang='lat' dir='ltr'><em>suerunt</em></span> <span class='ocrx_word' id='word_1_59' title='bbox 331 788 376 834; x_wconf 85' lang='lat' dir='ltr'><em>:et</em></span> <span class='ocrx_word' id='word_1_60' title='bbox 394 779 463 833; x_wconf 86' lang='lat' dir='ltr'><em>sicut</em></span> <span class='ocrx_word' id='word_1_61' title='bbox 484 776 554 833; x_wconf 85' lang='lat' dir='ltr'><em>oculi</em></span> <span class='ocrx_word' id='word_1_62' title='bbox 576 775 684 831; x_wconf 85' lang='lat' dir='ltr'><em>oneiiite</em></span> <span class='ocrx_word' id='word_1_63' title='bbox 705 776 733 831; x_wconf 90' lang='lat' dir='ltr'><em>in</em></span> <span class='ocrx_word' id='word_1_64' title='bbox 750 775 871 830; x_wconf 84' lang='lat' dir='ltr'><em>nttsuibus</em></span> <span class='ocrx_word' id='word_1_65' title='bbox 885 775 1000 830; x_wconf 76' lang='lat' dir='ltr'><em>dominos</em></span> <span class='ocrx_word' id='word_1_66' title='bbox 1049 773 1218 846; x_wconf 70' lang='lat' dir='ltr'><em>paupertatis</em></span> <span class='ocrx_word' id='word_1_67' title='bbox 1241 772 1388 839; x_wconf 81' lang='lat' dir='ltr'><em>euidentia,</em></span> <span class='ocrx_word' id='word_1_68' title='bbox 1412 781 1440 828; x_wconf 88' lang='lat' dir='ltr'><em>et</em></span> <span class='ocrx_word' id='word_1_69' title='bbox 1462 772 1526 843; x_wconf 81' lang='lat' dir='ltr'><em>guin</em></span> <span class='ocrx_word' id='word_1_70' title='bbox 1541 772 1654 827; x_wconf 88' lang='lat' dir='ltr'><em>ntultrttn</em></span> <span class='ocrx_word' id='word_1_71' title='bbox 1677 773 1780 843; x_wconf 83' lang='lat' dir='ltr'><em>repleto</em></span> <span class='ocrx_word' id='word_1_72' title='bbox 1799 783 1836 830; x_wconf 88' lang='lat' dir='ltr'><em>est</em></span> 
     </span>
     <span class='ocr_line' id='line_1_7' title="bbox 207 863 1837 940; baseline -0.002 -15"><span class='ocrx_word' id='word_1_73' title='bbox 207 886 264 927; x_wconf 81' lang='lat' dir='ltr'><em>sues</em></span> <span class='ocrx_word' id='word_1_74' title='bbox 279 870 351 925; x_wconf 88' lang='lat' dir='ltr'><em>iuter</em></span> <span class='ocrx_word' id='word_1_75' title='bbox 364 869 479 925; x_wconf 77' lang='lat' dir='ltr'><em>uerbera</em></span> <span class='ocrx_word' id='word_1_76' title='bbox 498 867 672 940; x_wconf 82' lang='lat' dir='ltr'><em>grauissima,</em></span> <span class='ocrx_word' id='word_1_77' title='bbox 692 866 781 922; x_wconf 90' lang='lat' dir='ltr'><em>donec</em></span> <span class='ocrx_word' id='word_1_78' title='bbox 796 867 839 922; x_wconf 85' lang='lat' dir='ltr'><em>ret</em></span> <span class='ocrx_word' id='word_1_79' title='bbox 858 866 998 935; x_wconf 90' lang='lat' dir='ltr'><em>dominus,</em></span> <span class='ocrx_word' id='word_1_80' title='bbox 1049 865 1141 920; x_wconf 72' lang='lat' dir='ltr'><em>curuo</em></span> <span class='ocrx_word' id='word_1_81' title='bbox 1155 873 1248 927; x_wconf 77' lang='lat' dir='ltr'><em>nostra</em></span> <span class='ocrx_word' id='word_1_82' title='bbox 1270 879 1323 934; x_wconf 91' lang='lat' dir='ltr'><em>pro</em></span> <span class='ocrx_word' id='word_1_83' title='bbox 1339 863 1508 921; x_wconf 70' lang='lat' dir='ltr'><em>contuentia</em></span> <span class='ocrx_word' id='word_1_84' title='bbox 1529 863 1630 920; x_wconf 82' lang='lat' dir='ltr'><em>ioedata</em></span> <span class='ocrx_word' id='word_1_85' title='bbox 1656 864 1785 933; x_wconf 85' lang='lat' dir='ltr'><em>interius,</em></span> <span class='ocrx_word' id='word_1_86' title='bbox 1805 878 1837 921; x_wconf 86' lang='lat' dir='ltr'><em>en</em></span> 
     </span>
     <span class='ocr_line' id='line_1_8' title="bbox 206 954 1837 1032; baseline -0.003 -15"><span class='ocrx_word' id='word_1_87' title='bbox 206 960 251 1018; x_wconf 79' lang='lat' dir='ltr'><em>tel</em></span> <span class='ocrx_word' id='word_1_88' title='bbox 264 961 375 1026; x_wconf 83' lang='lat' dir='ltr'><em>domina</em></span> <span class='ocrx_word' id='word_1_89' title='bbox 384 962 480 1032; x_wconf 82' lang='lat' dir='ltr'><em>iubeat</em></span> <span class='ocrx_word' id='word_1_90' title='bbox 490 961 565 1032; x_wconf 87' lang='lat' dir='ltr'><em>parci</em></span> <span class='ocrx_word' id='word_1_91' title='bbox 581 976 662 1018; x_wconf 72' lang='lat' dir='ltr'><em>seruo</em></span> <span class='ocrx_word' id='word_1_92' title='bbox 672 976 721 1017; x_wconf 90' lang='lat' dir='ltr'><em>sen</em></span> <span class='ocrx_word' id='word_1_93' title='bbox 744 959 850 1016; x_wconf 86' lang='lat' dir='ltr'><em>ancillae</em></span> <span class='ocrx_word' id='word_1_94' title='bbox 866 958 999 1031; x_wconf 80' lang='lat' dir='ltr'><em>capulari·</em></span> <span class='ocrx_word' id='word_1_95' title='bbox 1048 957 1122 1032; x_wconf 83' lang='lat' dir='ltr'><em>quod</em></span> <span class='ocrx_word' id='word_1_96' title='bbox 1136 956 1343 1014; x_wconf 87' lang='lat' dir='ltr'><em>similitudinem</em></span> <span class='ocrx_word' id='word_1_97' title='bbox 1366 954 1413 1012; x_wconf 84' lang='lat' dir='ltr'><em>liei</em></span> <span class='ocrx_word' id='word_1_98' title='bbox 1428 955 1607 1027; x_wconf 84' lang='lat' dir='ltr'><em>perdidimus,</em></span> <span class='ocrx_word' id='word_1_99' title='bbox 1623 965 1650 1012; x_wconf 87' lang='lat' dir='ltr'><em>et</em></span> <span class='ocrx_word' id='word_1_100' title='bbox 1675 956 1703 1011; x_wconf 91' lang='lat' dir='ltr'><em>in</em></span> <span class='ocrx_word' id='word_1_101' title='bbox 1728 957 1837 1028; x_wconf 87' lang='lat' dir='ltr'><em>longin-</em></span> 
     </span>
     <span class='ocr_line' id='line_1_9' title="bbox 206 1046 1838 1122; baseline -0.002 -16"><span class='ocrx_word' id='word_1_102' title='bbox 206 1051 230 1116; x_wconf 85' lang='lat' dir='ltr'><em>ti</em></span> <span class='ocrx_word' id='word_1_103' title='bbox 248 1051 307 1106; x_wconf 88' lang='lat' dir='ltr'><em>:ilo</em></span> <span class='ocrx_word' id='word_1_104' title='bbox 321 1051 393 1117; x_wconf 80' lang='lat' dir='ltr'><em>osuii</em></span> <span class='ocrx_word' id='word_1_105' title='bbox 405 1051 491 1117; x_wconf 82' lang='lat' dir='ltr'><em>nostri</em></span> <span class='ocrx_word' id='word_1_106' title='bbox 507 1052 543 1106; x_wconf 87' lang='lat' dir='ltr'><em>ud</em></span> <span class='ocrx_word' id='word_1_107' title='bbox 553 1051 697 1115; x_wconf 61' lang='lat' dir='ltr'><em>werinum</em></span> <span class='ocrx_word' id='word_1_108' title='bbox 711 1049 794 1106; x_wconf 85' lang='lat' dir='ltr'><em>Deum</em></span> <span class='ocrx_word' id='word_1_109' title='bbox 805 1060 936 1117; x_wconf 74' lang='lat' dir='ltr'><em>sostenen,</em></span> <span class='ocrx_word' id='word_1_110' title='bbox 949 1050 998 1122; x_wconf 87' lang='lat' dir='ltr'><em>qui</em></span> <span class='ocrx_word' id='word_1_111' title='bbox 1048 1063 1132 1120; x_wconf 84' lang='lat' dir='ltr'><em>quam</em></span> <span class='ocrx_word' id='word_1_112' title='bbox 1149 1047 1289 1120; x_wconf 74' lang='lat' dir='ltr'><em>regionem</em></span> <span class='ocrx_word' id='word_1_113' title='bbox 1313 1046 1546 1104; x_wconf 69' lang='lat' dir='ltr'>dissimilitudinis</span> <span class='ocrx_word' id='word_1_114' title='bbox 1557 1047 1695 1116; x_wconf 82' lang='lat' dir='ltr'><em>venimus,</em></span> <span class='ocrx_word' id='word_1_115' title='bbox 1711 1048 1759 1104; x_wconf 90' lang='lat' dir='ltr'><em>nbi</em></span> <span class='ocrx_word' id='word_1_116' title='bbox 1771 1064 1838 1119; x_wconf 91' lang='lat' dir='ltr'><em>por·</em></span> 
     </span>
     <span class='ocr_line' id='line_1_10' title="bbox 206 1138 1840 1212; baseline -0.002 -13"><span class='ocrx_word' id='word_1_117' title='bbox 206 1141 289 1205; x_wconf 86' lang='lat' dir='ltr'><em>ttobls</em></span> <span class='ocrx_word' id='word_1_118' title='bbox 302 1151 342 1199; x_wconf 85' lang='lat' dir='ltr'><em>cst</em></span> <span class='ocrx_word' id='word_1_119' title='bbox 364 1143 487 1208; x_wconf 82' lang='lat' dir='ltr'><em>dominus</em></span> <span class='ocrx_word' id='word_1_120' title='bbox 506 1151 534 1200; x_wconf 88' lang='lat' dir='ltr'><em>et</em></span> <span class='ocrx_word' id='word_1_121' title='bbox 548 1142 668 1212; x_wconf 77' lang='lat' dir='ltr'><em>dominat,</em></span> <span class='ocrx_word' id='word_1_122' title='bbox 684 1141 756 1200; x_wconf 91' lang='lat' dir='ltr'><em>sicut</em></span> <span class='ocrx_word' id='word_1_123' title='bbox 769 1141 866 1212; x_wconf 88' lang='lat' dir='ltr'><em>ipsein</em></span> <span class='ocrx_word' id='word_1_124' title='bbox 882 1156 999 1212; x_wconf 62' lang='lat' dir='ltr'><em>orange</em></span> <span class='ocrx_word' id='word_1_125' title='bbox 1048 1154 1096 1201; x_wconf 89' lang='lat' dir='ltr'><em>cot</em></span> <span class='ocrx_word' id='word_1_126' title='bbox 1110 1140 1158 1202; x_wconf 90' lang='lat' dir='ltr'><em>diu</em></span> <span class='ocrx_word' id='word_1_127' title='bbox 1170 1139 1320 1211; x_wconf 86' lang='lat' dir='ltr'><em>pascendo,</em></span> <span class='ocrx_word' id='word_1_128' title='bbox 1336 1138 1402 1196; x_wconf 91' lang='lat' dir='ltr'><em>dum</em></span> <span class='ocrx_word' id='word_1_129' title='bbox 1418 1138 1514 1196; x_wconf 88' lang='lat' dir='ltr'><em>eodem</em></span> <span class='ocrx_word' id='word_1_130' title='bbox 1539 1139 1610 1206; x_wconf 91' lang='lat' dir='ltr'><em>cibo,</em></span> <span class='ocrx_word' id='word_1_131' title='bbox 1630 1154 1688 1210; x_wconf 83' lang='lat' dir='ltr'><em>quo</em></span> <span class='ocrx_word' id='word_1_132' title='bbox 1713 1150 1743 1196; x_wconf 91' lang='lat' dir='ltr'><em>ct</em></span> <span class='ocrx_word' id='word_1_133' title='bbox 1761 1141 1840 1210; x_wconf 76' lang='lat' dir='ltr'><em>posci</em></span> 
     </span>
     <span class='ocr_line' id='line_1_11' title="bbox 205 1231 1841 1310; baseline -0.001 -21"><span class='ocrx_word' id='word_1_134' title='bbox 205 1234 259 1300; x_wconf 87' lang='lat' dir='ltr'><em>lica</em></span> <span class='ocrx_word' id='word_1_135' title='bbox 276 1235 405 1310; x_wconf 83' lang='lat' dir='ltr'><em>parabola</em></span> <span class='ocrx_word' id='word_1_136' title='bbox 421 1249 451 1301; x_wconf 84' lang='lat' dir='ltr'><em>se</em></span> <span class='ocrx_word' id='word_1_137' title='bbox 463 1233 627 1306; x_wconf 65' lang='lat' dir='ltr'>assimilavit</span> <span class='ocrx_word' id='word_1_138' title='bbox 638 1233 741 1309; x_wconf 79' lang='lat' dir='ltr'><em>pariter</em></span> <span class='ocrx_word' id='word_1_139' title='bbox 753 1232 814 1288; x_wconf 83' lang='lat' dir='ltr'><em>viro</em></span> <span class='ocrx_word' id='word_1_140' title='bbox 833 1241 861 1287; x_wconf 93' lang='lat' dir='ltr'><em>et</em></span> <span class='ocrx_word' id='word_1_141' title='bbox 876 1231 996 1303; x_wconf 86' lang='lat' dir='ltr'><em>mulieri,</em></span> <span class='ocrx_word' id='word_1_142' title='bbox 1048 1232 1241 1302; x_wconf 87' lang='lat' dir='ltr'><em>pascebantur,</em></span> <span class='ocrx_word' id='word_1_143' title='bbox 1257 1246 1309 1289; x_wconf 84' lang='lat' dir='ltr'><em>tros</em></span> <span class='ocrx_word' id='word_1_144' title='bbox 1322 1247 1431 1302; x_wconf 87' lang='lat' dir='ltr'><em>quoque</em></span> <span class='ocrx_word' id='word_1_145' title='bbox 1443 1240 1567 1287; x_wconf 84' lang='lat' dir='ltr'><em>uentrem</em></span> <span class='ocrx_word' id='word_1_146' title='bbox 1583 1240 1686 1295; x_wconf 63' lang='lat' dir='ltr'><em>nasim</em></span> <span class='ocrx_word' id='word_1_147' title='bbox 1698 1233 1841 1296; x_wconf 64' lang='lat' dir='ltr'><em>memoria</em></span> 
     </span>
     <span class='ocr_line' id='line_1_12' title="bbox 206 1320 1840 1398; baseline 0.003 -20"><span class='ocrx_word' id='word_1_148' title='bbox 206 1322 301 1387; x_wconf 80' lang='lat' dir='ltr'><em>diosus</em></span> <span class='ocrx_word' id='word_1_149' title='bbox 316 1342 347 1388; x_wconf 67' lang='lat' dir='ltr'><em>:t</em></span> <span class='ocrx_word' id='word_1_150' title='bbox 366 1321 434 1390; x_wconf 86' lang='lat' dir='ltr'><em>Quis</em></span> <span class='ocrx_word' id='word_1_151' title='bbox 449 1337 484 1387; x_wconf 73' lang='lat' dir='ltr'><em>cx</em></span> <span class='ocrx_word' id='word_1_152' title='bbox 498 1322 575 1379; x_wconf 85' lang='lat' dir='ltr'><em>robis</em></span> <span class='ocrx_word' id='word_1_153' title='bbox 594 1323 686 1388; x_wconf 90' lang='lat' dir='ltr'><em>bomo,</em></span> <span class='ocrx_word' id='word_1_154' title='bbox 711 1321 761 1398; x_wconf 87' lang='lat' dir='ltr'><em>qui</em></span> <span class='ocrx_word' id='word_1_155' title='bbox 780 1320 863 1377; x_wconf 91' lang='lat' dir='ltr'><em>babet</em></span> <span class='ocrx_word' id='word_1_156' title='bbox 886 1330 997 1377; x_wconf 88' lang='lat' dir='ltr'><em>contum</em></span> <span class='ocrx_word' id='word_1_157' title='bbox 1048 1325 1162 1396; x_wconf 89' lang='lat' dir='ltr'><em>implere</em></span> <span class='ocrx_word' id='word_1_158' title='bbox 1184 1324 1403 1395; x_wconf 70' lang='lat' dir='ltr'>concupivimus,</span> <span class='ocrx_word' id='word_1_159' title='bbox 1414 1323 1507 1396; x_wconf 88' lang='lat' dir='ltr'><em>porois</em></span> <span class='ocrx_word' id='word_1_160' title='bbox 1526 1324 1670 1381; x_wconf 72' lang='lat' dir='ltr'><em>assimilati</em></span> <span class='ocrx_word' id='word_1_161' title='bbox 1682 1340 1789 1382; x_wconf 83' lang='lat' dir='ltr'><em>sumus.</em></span> <span class='ocrx_word' id='word_1_162' title='bbox 1804 1324 1840 1383; x_wconf 65' lang='lat' dir='ltr'>h</span> 
     </span>
     <span class='ocr_line' id='line_1_13' title="bbox 206 1413 1840 1494; baseline 0 -24"><span class='ocrx_word' id='word_1_163' title='bbox 206 1414 292 1479; x_wconf 73' lang='lat' dir='ltr'><em>otest</em></span> <span class='ocrx_word' id='word_1_164' title='bbox 308 1433 317 1467; x_wconf 87' lang='lat' dir='ltr'><em>s</em></span> <span class='ocrx_word' id='word_1_165' title='bbox 340 1413 418 1477; x_wconf 78' lang='lat' dir='ltr'><em>idue,</em></span> <span class='ocrx_word' id='word_1_166' title='bbox 433 1432 478 1482; x_wconf 81' lang='lat' dir='ltr'><em>xv,</em></span> <span class='ocrx_word' id='word_1_167' title='bbox 493 1415 533 1487; x_wconf 65' lang='lat' dir='ltr'><em>b)</em></span> <span class='ocrx_word' id='word_1_168' title='bbox 555 1414 643 1471; x_wconf 87' lang='lat' dir='ltr'><em>item:</em></span> <span class='ocrx_word' id='word_1_169' title='bbox 668 1432 678 1466; x_wconf 88' lang='lat' dir='ltr'><em>s</em></span> <span class='ocrx_word' id='word_1_170' title='bbox 692 1415 747 1480; x_wconf 65' lang='lat' dir='ltr'><em>tut</em></span> <span class='ocrx_word' id='word_1_171' title='bbox 760 1429 822 1494; x_wconf 70' lang='lat' dir='ltr'><em>quae</em></span> <span class='ocrx_word' id='word_1_172' title='bbox 835 1414 934 1474; x_wconf 88' lang='lat' dir='ltr'><em>mulier</em></span> <span class='ocrx_word' id='word_1_173' title='bbox 946 1413 998 1476; x_wconf 85' lang='lat' dir='ltr'><em>ba·</em></span> <span class='ocrx_word' id='word_1_174' title='bbox 1048 1414 1110 1473; x_wconf 91' lang='lat' dir='ltr'><em>ideo</em></span> <span class='ocrx_word' id='word_1_175' title='bbox 1122 1432 1198 1473; x_wconf 87' lang='lat' dir='ltr'><em>nunc</em></span> <span class='ocrx_word' id='word_1_176' title='bbox 1210 1423 1375 1472; x_wconf 87' lang='lat' dir='ltr'><em>retortentes</em></span> <span class='ocrx_word' id='word_1_177' title='bbox 1388 1415 1422 1470; x_wconf 89' lang='lat' dir='ltr'><em>ad</em></span> <span class='ocrx_word' id='word_1_178' title='bbox 1437 1423 1463 1470; x_wconf 89' lang='lat' dir='ltr'><em>te</em></span> <span class='ocrx_word' id='word_1_179' title='bbox 1475 1422 1580 1485; x_wconf 89' lang='lat' dir='ltr'><em>patrcm</em></span> <span class='ocrx_word' id='word_1_180' title='bbox 1591 1414 1840 1473; x_wconf 84' lang='lat' dir='ltr'><em>clementissimum</em></span> 
     </span>
     <span class='ocr_line' id='line_1_14' title="bbox 205 1503 1840 1579; baseline 0 -19"><span class='ocrx_word' id='word_1_181' title='bbox 205 1506 278 1568; x_wconf 81' lang='lat' dir='ltr'><em>bcus</em></span> <span class='ocrx_word' id='word_1_182' title='bbox 287 1504 432 1573; x_wconf 81' lang='lat' dir='ltr'><em>drachmas</em></span> <span class='ocrx_word' id='word_1_183' title='bbox 446 1506 558 1570; x_wconf 79' lang='lat' dir='ltr'><em>decem?</em></span> <span class='ocrx_word' id='word_1_184' title='bbox 573 1524 583 1558; x_wconf 90' lang='lat' dir='ltr'><em>s</em></span> <span class='ocrx_word' id='word_1_185' title='bbox 600 1503 698 1576; x_wconf 69' lang='lat' dir='ltr'><em>(told,</em></span> <span class='ocrx_word' id='word_1_186' title='bbox 711 1504 751 1574; x_wconf 86' lang='lat'><em>8.)</em></span> <span class='ocrx_word' id='word_1_187' title='bbox 765 1504 806 1565; x_wconf 76' lang='lat' dir='ltr'><em>ud</em></span> <span class='ocrx_word' id='word_1_188' title='bbox 817 1505 891 1561; x_wconf 80' lang='lat' dir='ltr'><em>bunc</em></span> <span class='ocrx_word' id='word_1_189' title='bbox 902 1503 996 1560; x_wconf 81' lang='lat' dir='ltr'><em>Domi·</em></span> <span class='ocrx_word' id='word_1_190' title='bbox 1047 1522 1145 1564; x_wconf 91' lang='lat' dir='ltr'><em>sumus</em></span> <span class='ocrx_word' id='word_1_191' title='bbox 1159 1508 1328 1579; x_wconf 79' lang='lat' dir='ltr'><em>opprobrium</em></span> <span class='ocrx_word' id='word_1_192' title='bbox 1342 1516 1366 1568; x_wconf 82' lang='lat' dir='ltr'><em>et</em></span> <span class='ocrx_word' id='word_1_193' title='bbox 1381 1506 1511 1576; x_wconf 72' lang='lat' dir='ltr'><em>despectio</em></span> <span class='ocrx_word' id='word_1_194' title='bbox 1527 1521 1578 1563; x_wconf 89' lang='lat' dir='ltr'><em>nos</em></span> <span class='ocrx_word' id='word_1_195' title='bbox 1593 1505 1728 1561; x_wconf 84' lang='lat' dir='ltr'><em>humiliati</em></span> <span class='ocrx_word' id='word_1_196' title='bbox 1742 1523 1840 1578; x_wconf 77' lang='lat' dir='ltr'><em>supen-</em></span> 
     </span>
     <span class='ocr_line' id='line_1_15' title="bbox 204 1594 1840 1669; baseline 0.004 -21"><span class='ocrx_word' id='word_1_197' title='bbox 204 1612 269 1649; x_wconf 89' lang='lat' dir='ltr'><em>nunt</em></span> <span class='ocrx_word' id='word_1_198' title='bbox 283 1604 310 1651; x_wconf 87' lang='lat' dir='ltr'><em>ct</em></span> <span class='ocrx_word' id='word_1_199' title='bbox 331 1595 366 1651; x_wconf 86' lang='lat' dir='ltr'><em>atl</em></span> <span class='ocrx_word' id='word_1_200' title='bbox 388 1595 461 1665; x_wconf 73' lang='lat' dir='ltr'><em>barte</em></span> <span class='ocrx_word' id='word_1_201' title='bbox 476 1596 614 1651; x_wconf 87' lang='lat' dir='ltr'><em>dorninorn</em></span> <span class='ocrx_word' id='word_1_202' title='bbox 633 1603 698 1653; x_wconf 88' lang='lat' dir='ltr'><em>sunt</em></span> <span class='ocrx_word' id='word_1_203' title='bbox 714 1594 785 1650; x_wconf 85' lang='lat' dir='ltr'><em>oculi</em></span> <span class='ocrx_word' id='word_1_204' title='bbox 806 1594 901 1663; x_wconf 89' lang='lat' dir='ltr'><em>nostri,</em></span> <span class='ocrx_word' id='word_1_205' title='bbox 913 1594 997 1650; x_wconf 84' lang='lat' dir='ltr'><em>donee</em></span> <span class='ocrx_word' id='word_1_206' title='bbox 1048 1596 1087 1652; x_wconf 79' lang='lat' dir='ltr'><em>bis</em></span> <span class='ocrx_word' id='word_1_207' title='bbox 1101 1606 1129 1653; x_wconf 86' lang='lat' dir='ltr'><em>et</em></span> <span class='ocrx_word' id='word_1_208' title='bbox 1143 1596 1253 1665; x_wconf 84' lang='lat' dir='ltr'><em>ittuidis,</em></span> <span class='ocrx_word' id='word_1_209' title='bbox 1267 1612 1319 1658; x_wconf 84' lang='lat' dir='ltr'><em>uos</em></span> <span class='ocrx_word' id='word_1_210' title='bbox 1332 1611 1466 1669; x_wconf 79' lang='lat' dir='ltr'><em>pauperes</em></span> <span class='ocrx_word' id='word_1_211' title='bbox 1481 1596 1690 1665; x_wconf 77' lang='lat' dir='ltr'><em>abundantibus,</em></span> <span class='ocrx_word' id='word_1_212' title='bbox 1709 1613 1840 1654; x_wconf 79' lang='lat' dir='ltr'><em>nostum</em></span> 
     </span>
     <span class='ocr_line' id='line_1_16' title="bbox 205 1685 1841 1757; baseline 0.002 -19"><span class='ocrx_word' id='word_1_213' title='bbox 205 1685 363 1739; x_wconf 83' lang='lat' dir='ltr'><em>misercatur</em></span> <span class='ocrx_word' id='word_1_214' title='bbox 374 1687 469 1754; x_wconf 89' lang='lat' dir='ltr'><em>nostri,</em></span> <span class='ocrx_word' id='word_1_215' title='bbox 485 1686 631 1756; x_wconf 82' lang='lat' dir='ltr'><em>quaerentlo</em></span> <span class='ocrx_word' id='word_1_216' title='bbox 643 1701 694 1743; x_wconf 89' lang='lat' dir='ltr'><em>nos</em></span> <span class='ocrx_word' id='word_1_217' title='bbox 705 1693 836 1756; x_wconf 86' lang='lat' dir='ltr'><em>tanquam</em></span> <span class='ocrx_word' id='word_1_218' title='bbox 847 1699 926 1742; x_wconf 82' lang='lat' dir='ltr'><em>orem</em></span> <span class='ocrx_word' id='word_1_219' title='bbox 938 1701 998 1757; x_wconf 87' lang='lat' dir='ltr'><em>per-</em></span> <span class='ocrx_word' id='word_1_220' title='bbox 1049 1687 1153 1744; x_wconf 85' lang='lat' dir='ltr'><em>Lazaro</em></span> <span class='ocrx_word' id='word_1_221' title='bbox 1162 1686 1280 1748; x_wconf 84' lang='lat' dir='ltr'><em>mendici</em></span> <span class='ocrx_word' id='word_1_222' title='bbox 1289 1694 1317 1743; x_wconf 89' lang='lat' dir='ltr'><em>et</em></span> <span class='ocrx_word' id='word_1_223' title='bbox 1329 1686 1446 1745; x_wconf 82' lang='lat' dir='ltr'><em>ulcerosi</em></span> <span class='ocrx_word' id='word_1_224' title='bbox 1457 1686 1841 1753; x_wconf 79' lang='lat' dir='ltr'><em>diuitibusetulundontilus,</em></span> 
     </span>
     <span class='ocr_line' id='line_1_17' title="bbox 205 1774 1843 1855; baseline 0.004 -23"><span class='ocrx_word' id='word_1_225' title='bbox 205 1774 291 1832; x_wconf 89' lang='lat' dir='ltr'><em>ditam</em></span> <span class='ocrx_word' id='word_1_226' title='bbox 306 1790 322 1843; x_wconf 83' lang='lat' dir='ltr'><em>a</em></span> <span class='ocrx_word' id='word_1_227' title='bbox 338 1777 409 1847; x_wconf 90' lang='lat' dir='ltr'><em>iupis</em></span> <span class='ocrx_word' id='word_1_228' title='bbox 424 1777 572 1833; x_wconf 72' lang='lat' dir='ltr'><em>laceratam</em></span> <span class='ocrx_word' id='word_1_229' title='bbox 596 1777 668 1834; x_wconf 87' lang='lat' dir='ltr'><em>inter</em></span> <span class='ocrx_word' id='word_1_230' title='bbox 684 1777 790 1847; x_wconf 90' lang='lat' dir='ltr'><em>spineta</em></span> <span class='ocrx_word' id='word_1_231' title='bbox 813 1785 951 1844; x_wconf 81' lang='lat' dir='ltr'><em>vexatam,</em></span> <span class='ocrx_word' id='word_1_232' title='bbox 970 1786 998 1834; x_wconf 89' lang='lat' dir='ltr'><em>ct</em></span> <span class='ocrx_word' id='word_1_233' title='bbox 1013 1776 1033 1831; x_wconf 86' lang='lat' dir='ltr'><em>u</em></span> <span class='ocrx_word' id='word_1_234' title='bbox 1047 1795 1129 1855; x_wconf 78' lang='lat' dir='ltr'><em>atque</em></span> <span class='ocrx_word' id='word_1_235' title='bbox 1140 1784 1263 1855; x_wconf 77' lang='lat' dir='ltr'><em>quotidie</em></span> <span class='ocrx_word' id='word_1_236' title='bbox 1283 1782 1425 1855; x_wconf 78' lang='lat' dir='ltr'><em>splendide</em></span> <span class='ocrx_word' id='word_1_237' title='bbox 1447 1781 1622 1854; x_wconf 85' lang='lat' dir='ltr'><em>epulantibus</em></span> <span class='ocrx_word' id='word_1_238' title='bbox 1641 1796 1729 1852; x_wconf 72' lang='lat' dir='ltr'><em>neque</em></span> <span class='ocrx_word' id='word_1_239' title='bbox 1751 1782 1843 1839; x_wconf 77' lang='lat' dir='ltr'><em>mima</em></span> 
     </span>
     <span class='ocr_line' id='line_1_18' title="bbox 204 1865 1843 1946; baseline -0.002 -16"><span class='ocrx_word' id='word_1_240' title='bbox 204 1876 336 1937; x_wconf 79' lang='lat' dir='ltr'><em>tanquam</em></span> <span class='ocrx_word' id='word_1_241' title='bbox 357 1865 515 1937; x_wconf 78' lang='lat' dir='ltr'><em>draeismarn</em></span> <span class='ocrx_word' id='word_1_242' title='bbox 531 1867 617 1924; x_wconf 87' lang='lat' dir='ltr'><em>mutto</em></span> <span class='ocrx_word' id='word_1_243' title='bbox 637 1868 748 1940; x_wconf 83' lang='lat' dir='ltr'><em>pulvere</em></span> <span class='ocrx_word' id='word_1_244' title='bbox 769 1866 911 1937; x_wconf 77' lang='lat' dir='ltr'><em>toedatam,</em></span> <span class='ocrx_word' id='word_1_245' title='bbox 931 1869 995 1940; x_wconf 81' lang='lat' dir='ltr'><em>quia</em></span> <span class='ocrx_word' id='word_1_246' title='bbox 1046 1875 1224 1946; x_wconf 78' lang='lat' dir='ltr'><em>erogantium</em></span> <span class='ocrx_word' id='word_1_247' title='bbox 1238 1872 1273 1929; x_wconf 86' lang='lat' dir='ltr'><em>sd</em></span> <span class='ocrx_word' id='word_1_248' title='bbox 1293 1872 1509 1931; x_wconf 81' lang='lat' dir='ltr'><em>consolationem</em></span> <span class='ocrx_word' id='word_1_249' title='bbox 1526 1880 1627 1929; x_wconf 79' lang='lat' dir='ltr'><em>nostra</em></span> <span class='ocrx_word' id='word_1_250' title='bbox 1650 1873 1843 1942; x_wconf 67' lang='lat' dir='ltr'><em>assuetiores,</em></span> 
     </span>
     <span class='ocr_line' id='line_1_19' title="bbox 205 1958 1843 2036; baseline 0.003 -25"><span class='ocrx_word' id='word_1_251' title='bbox 205 1966 231 2020; x_wconf 84' lang='lat' dir='ltr'><em>et</em></span> <span class='ocrx_word' id='word_1_252' title='bbox 249 1958 275 2011; x_wconf 91' lang='lat' dir='ltr'><em>in</em></span> <span class='ocrx_word' id='word_1_253' title='bbox 292 1971 385 2024; x_wconf 89' lang='lat' dir='ltr'><em>came,</em></span> <span class='ocrx_word' id='word_1_254' title='bbox 398 1973 461 2028; x_wconf 73' lang='lat' dir='ltr'><em>quas</em></span> <span class='ocrx_word' id='word_1_255' title='bbox 480 1968 610 2028; x_wconf 84' lang='lat' dir='ltr'><em>tanquam</em></span> <span class='ocrx_word' id='word_1_256' title='bbox 630 1960 689 2015; x_wconf 85' lang='lat' dir='ltr'><em>ouis</em></span> <span class='ocrx_word' id='word_1_257' title='bbox 706 1958 817 2015; x_wconf 85' lang='lat' dir='ltr'><em>deberet</em></span> <span class='ocrx_word' id='word_1_258' title='bbox 837 1975 899 2017; x_wconf 86' lang='lat' dir='ltr'><em>esse</em></span> <span class='ocrx_word' id='word_1_259' title='bbox 912 1976 997 2016; x_wconf 90' lang='lat' dir='ltr'><em>mun·</em></span> <span class='ocrx_word' id='word_1_260' title='bbox 1045 1979 1100 2036; x_wconf 87' lang='lat' dir='ltr'><em>qua</em></span> <span class='ocrx_word' id='word_1_261' title='bbox 1118 1965 1230 2018; x_wconf 89' lang='lat' dir='ltr'><em>utultuns</em></span> <span class='ocrx_word' id='word_1_262' title='bbox 1246 1962 1340 2033; x_wconf 89' lang='lat' dir='ltr'><em>repleti</em></span> <span class='ocrx_word' id='word_1_263' title='bbox 1355 1977 1463 2028; x_wconf 87' lang='lat' dir='ltr'><em>sumus,</em></span> <span class='ocrx_word' id='word_1_264' title='bbox 1478 1978 1530 2033; x_wconf 77' lang='lat' dir='ltr'><em>guo</em></span> <span class='ocrx_word' id='word_1_265' title='bbox 1563 1960 1676 2016; x_wconf 81' lang='lat' dir='ltr'><em>multumt</em></span> <span class='ocrx_word' id='word_1_266' title='bbox 1691 1962 1843 2032; x_wconf 69' lang='lat' dir='ltr'><em>repietrt&#39;et</em></span> 
     </span>
     <span class='ocr_line' id='line_1_20' title="bbox 205 2044 1843 2132; baseline 0.005 -34"><span class='ocrx_word' id='word_1_267' title='bbox 205 2045 240 2112; x_wconf 84' lang='lat' dir='ltr'><em>da</em></span> <span class='ocrx_word' id='word_1_268' title='bbox 255 2044 360 2118; x_wconf 73' lang='lat' dir='ltr'><em>hostia,</em></span> <span class='ocrx_word' id='word_1_269' title='bbox 369 2054 398 2115; x_wconf 77' lang='lat' dir='ltr'><em>et</em></span> <span class='ocrx_word' id='word_1_270' title='bbox 409 2046 436 2101; x_wconf 90' lang='lat' dir='ltr'><em>in</em></span> <span class='ocrx_word' id='word_1_271' title='bbox 457 2056 560 2115; x_wconf 77' lang='lat' dir='ltr'><em>mente,</em></span> <span class='ocrx_word' id='word_1_272' title='bbox 574 2063 635 2132; x_wconf 79' lang='lat' dir='ltr'><em>quae</em></span> <span class='ocrx_word' id='word_1_273' title='bbox 657 2057 786 2120; x_wconf 87' lang='lat' dir='ltr'><em>tanquam</em></span> <span class='ocrx_word' id='word_1_274' title='bbox 803 2049 934 2112; x_wconf 80' lang='lat' dir='ltr'><em>draeisma</em></span> <span class='ocrx_word' id='word_1_275' title='bbox 946 2050 995 2107; x_wconf 84' lang='lat' dir='ltr'><em>tle·</em></span> <span class='ocrx_word' id='word_1_276' title='bbox 1046 2055 1137 2110; x_wconf 83' lang='lat' dir='ltr'><em>estisne</em></span> <span class='ocrx_word' id='word_1_277' title='bbox 1150 2063 1253 2109; x_wconf 88' lang='lat' dir='ltr'><em>nostro.</em></span> <span class='ocrx_word' id='word_1_278' title='bbox 1269 2052 1378 2109; x_wconf 82' lang='lat' dir='ltr'><em>iliseria</em></span> <span class='ocrx_word' id='word_1_279' title='bbox 1392 2061 1444 2120; x_wconf 89' lang='lat' dir='ltr'><em>est,</em></span> <span class='ocrx_word' id='word_1_280' title='bbox 1460 2050 1534 2122; x_wconf 88' lang='lat' dir='ltr'><em>quod</em></span> <span class='ocrx_word' id='word_1_281' title='bbox 1547 2049 1724 2120; x_wconf 83' lang='lat' dir='ltr'><em>despicimur,</em></span> <span class='ocrx_word' id='word_1_282' title='bbox 1738 2067 1843 2107; x_wconf 84' lang='lat' dir='ltr'><em>cumu-</em></span> 
     </span>
     <span class='ocr_line' id='line_1_21' title="bbox 204 2135 1847 2222; baseline 0.004 -33"><span class='ocrx_word' id='word_1_283' title='bbox 204 2136 283 2203; x_wconf 79' lang='lat' dir='ltr'><em>beret</em></span> <span class='ocrx_word' id='word_1_284' title='bbox 303 2151 364 2201; x_wconf 87' lang='lat' dir='ltr'><em>esse</em></span> <span class='ocrx_word' id='word_1_285' title='bbox 384 2135 487 2209; x_wconf 77' lang='lat' dir='ltr'><em>fulgida</em></span> <span class='ocrx_word' id='word_1_286' title='bbox 514 2139 542 2194; x_wconf 90' lang='lat' dir='ltr'><em>in</em></span> <span class='ocrx_word' id='word_1_287' title='bbox 565 2140 651 2212; x_wconf 81' lang='lat' dir='ltr'><em>regali</em></span> <span class='ocrx_word' id='word_1_288' title='bbox 671 2150 782 2203; x_wconf 83' lang='lat' dir='ltr'><em>moneta</em></span> <span class='ocrx_word' id='word_1_289' title='bbox 805 2141 998 2203; x_wconf 72' lang='lat' dir='ltr'><em>similitudinis</em></span> <span class='ocrx_word' id='word_1_290' title='bbox 1046 2145 1090 2211; x_wconf 80' lang='lat' dir='ltr'><em>ius</em></span> <span class='ocrx_word' id='word_1_291' title='bbox 1105 2143 1233 2212; x_wconf 78' lang='lat' dir='ltr'><em>miseria,</em></span> <span class='ocrx_word' id='word_1_292' title='bbox 1247 2142 1321 2222; x_wconf 86' lang='lat' dir='ltr'><em>quod</em></span> <span class='ocrx_word' id='word_1_293' title='bbox 1336 2141 1450 2199; x_wconf 84' lang='lat' dir='ltr'><em>multant</em></span> <span class='ocrx_word' id='word_1_294' title='bbox 1470 2140 1648 2211; x_wconf 88' lang='lat' dir='ltr'><em>despicimur,</em></span> <span class='ocrx_word' id='word_1_295' title='bbox 1662 2148 1689 2195; x_wconf 90' lang='lat' dir='ltr'><em>ct</em></span> <span class='ocrx_word' id='word_1_296' title='bbox 1703 2156 1847 2212; x_wconf 50' lang='lat' dir='ltr'><em>marauna</em></span> 
     </span>
     <span class='ocr_line' id='line_1_22' title="bbox 203 2226 1846 2311; baseline 0.004 -29"><span class='ocrx_word' id='word_1_297' title='bbox 203 2226 395 2300; x_wconf 73' lang='lat' dir='ltr'><em>belligerata,</em></span> <span class='ocrx_word' id='word_1_298' title='bbox 416 2229 585 2311; x_wconf 87' lang='lat' dir='ltr'><em>perdidimus</em></span> <span class='ocrx_word' id='word_1_299' title='bbox 609 2233 637 2288; x_wconf 90' lang='lat' dir='ltr'><em>in</em></span> <span class='ocrx_word' id='word_1_300' title='bbox 662 2232 748 2287; x_wconf 80' lang='lat' dir='ltr'><em>Adam</em></span> <span class='ocrx_word' id='word_1_301' title='bbox 775 2232 908 2305; x_wconf 85' lang='lat' dir='ltr'><em>quidquid</em></span> <span class='ocrx_word' id='word_1_302' title='bbox 930 2235 999 2303; x_wconf 77' lang='lat' dir='ltr'><em>boui</em></span> <span class='ocrx_word' id='word_1_303' title='bbox 1047 2236 1087 2303; x_wconf 82' lang='lat' dir='ltr'><em>tiu</em></span> <span class='ocrx_word' id='word_1_304' title='bbox 1099 2235 1230 2303; x_wconf 74' lang='lat' dir='ltr'><em>misesiae,</em></span> <span class='ocrx_word' id='word_1_305' title='bbox 1242 2233 1318 2306; x_wconf 84' lang='lat' dir='ltr'><em>quod</em></span> <span class='ocrx_word' id='word_1_306' title='bbox 1332 2232 1392 2303; x_wconf 90' lang='lat' dir='ltr'><em>ipsa</em></span> <span class='ocrx_word' id='word_1_307' title='bbox 1407 2231 1517 2288; x_wconf 84' lang='lat' dir='ltr'><em>miseria</em></span> <span class='ocrx_word' id='word_1_308' title='bbox 1532 2240 1559 2288; x_wconf 90' lang='lat' dir='ltr'><em>et</em></span> <span class='ocrx_word' id='word_1_309' title='bbox 1570 2231 1733 2303; x_wconf 83' lang='lat' dir='ltr'><em>despectione</em></span> <span class='ocrx_word' id='word_1_310' title='bbox 1743 2232 1846 2304; x_wconf 81' lang='lat' dir='ltr'><em>repleti</em></span> 
     </span>
     <span class='ocr_line' id='line_1_23' title="bbox 202 2318 1842 2397; baseline 0.005 -24"><span class='ocrx_word' id='word_1_311' title='bbox 202 2318 370 2389; x_wconf 72' lang='lat' dir='ltr'><em>babuimus,</em></span> <span class='ocrx_word' id='word_1_312' title='bbox 393 2329 421 2377; x_wconf 87' lang='lat' dir='ltr'><em>et</em></span> <span class='ocrx_word' id='word_1_313' title='bbox 441 2321 559 2392; x_wconf 89' lang='lat' dir='ltr'><em>duplicis</em></span> <span class='ocrx_word' id='word_1_314' title='bbox 579 2323 700 2380; x_wconf 77' lang='lat' dir='ltr'><em>miseriae</em></span> <span class='ocrx_word' id='word_1_315' title='bbox 724 2323 831 2397; x_wconf 87' lang='lat' dir='ltr'><em>tlagollo</em></span> <span class='ocrx_word' id='word_1_316' title='bbox 853 2325 994 2394; x_wconf 79' lang='lat' dir='ltr'><em>caedimur,</em></span> <span class='ocrx_word' id='word_1_317' title='bbox 1045 2342 1148 2392; x_wconf 79' lang='lat' dir='ltr'><em>suenus,</em></span> <span class='ocrx_word' id='word_1_318' title='bbox 1160 2323 1336 2397; x_wconf 79' lang='lat' dir='ltr'><em>profunditas</em></span> <span class='ocrx_word' id='word_1_319' title='bbox 1347 2325 1477 2390; x_wconf 75' lang='lat' dir='ltr'><em>miserie,</em></span> <span class='ocrx_word' id='word_1_320' title='bbox 1492 2324 1565 2396; x_wconf 86' lang='lat' dir='ltr'><em>quod</em></span> <span class='ocrx_word' id='word_1_321' title='bbox 1580 2338 1635 2379; x_wconf 86' lang='lat' dir='ltr'><em>nou</em></span> <span class='ocrx_word' id='word_1_322' title='bbox 1654 2323 1743 2380; x_wconf 89' lang='lat' dir='ltr'><em>solunt</em></span> <span class='ocrx_word' id='word_1_323' title='bbox 1757 2338 1842 2393; x_wconf 82' lang='lat' dir='ltr'><em>earo,</em></span> 
     </span>
     <span class='ocr_line' id='line_1_24' title="bbox 202 2411 1845 2485; baseline 0.003 -21"><span class='ocrx_word' id='word_1_324' title='bbox 202 2425 268 2465; x_wconf 88' lang='lat' dir='ltr'><em>cnm</em></span> <span class='ocrx_word' id='word_1_325' title='bbox 287 2411 495 2483; x_wconf 86' lang='lat' dir='ltr'><em>peregtiuamut</em></span> <span class='ocrx_word' id='word_1_326' title='bbox 512 2428 629 2483; x_wconf 78' lang='lat' dir='ltr'><em>corpore</em></span> <span class='ocrx_word' id='word_1_327' title='bbox 647 2414 730 2471; x_wconf 85' lang='lat' dir='ltr'><em>simul</em></span> <span class='ocrx_word' id='word_1_328' title='bbox 747 2425 775 2472; x_wconf 88' lang='lat' dir='ltr'><em>et</em></span> <span class='ocrx_word' id='word_1_329' title='bbox 797 2424 918 2472; x_wconf 87' lang='lat' dir='ltr'><em>montes</em></span> <span class='ocrx_word' id='word_1_330' title='bbox 943 2416 996 2471; x_wconf 77' lang='lat' dir='ltr'><em>iio.</em></span> <span class='ocrx_word' id='word_1_331' title='bbox 1045 2415 1093 2472; x_wconf 88' lang='lat' dir='ltr'><em>scd</em></span> <span class='ocrx_word' id='word_1_332' title='bbox 1107 2425 1135 2479; x_wconf 85' lang='lat' dir='ltr'><em>et</em></span> <span class='ocrx_word' id='word_1_333' title='bbox 1152 2415 1242 2479; x_wconf 85' lang='lat' dir='ltr'><em>noima</em></span> <span class='ocrx_word' id='word_1_334' title='bbox 1256 2426 1350 2470; x_wconf 86' lang='lat' dir='ltr'><em>nostre</em></span> <span class='ocrx_word' id='word_1_335' title='bbox 1364 2415 1478 2469; x_wconf 83' lang='lat' dir='ltr'><em>multum</em></span> <span class='ocrx_word' id='word_1_336' title='bbox 1502 2413 1599 2485; x_wconf 82' lang='lat' dir='ltr'><em>repleto</em></span> <span class='ocrx_word' id='word_1_337' title='bbox 1619 2424 1657 2470; x_wconf 88' lang='lat' dir='ltr'><em>est</em></span> <span class='ocrx_word' id='word_1_338' title='bbox 1672 2414 1845 2473; x_wconf 44' lang='lat' dir='ltr'><em>calamitatis</em></span> 
     </span>
     <span class='ocr_line' id='line_1_25' title="bbox 202 2497 1847 2579; baseline 0.002 -19"><span class='ocrx_word' id='word_1_339' title='bbox 202 2499 276 2567; x_wconf 81' lang='lat' dir='ltr'><em>trtius</em></span> <span class='ocrx_word' id='word_1_340' title='bbox 294 2497 351 2555; x_wconf 80' lang='lat' dir='ltr'><em>lieo</em></span> <span class='ocrx_word' id='word_1_341' title='bbox 370 2500 428 2556; x_wconf 84' lang='lat' dir='ltr'><em>siue</em></span> <span class='ocrx_word' id='word_1_342' title='bbox 447 2517 462 2557; x_wconf 89' lang='lat' dir='ltr'><em>a</em></span> <span class='ocrx_word' id='word_1_343' title='bbox 479 2502 587 2557; x_wconf 81' lang='lat' dir='ltr'><em>dotrina</em></span> <span class='ocrx_word' id='word_1_344' title='bbox 606 2504 751 2575; x_wconf 87' lang='lat' dir='ltr'><em>sapientia.</em></span> <span class='ocrx_word' id='word_1_345' title='bbox 778 2502 848 2561; x_wconf 90' lang='lat' dir='ltr'><em>iiuic</em></span> <span class='ocrx_word' id='word_1_346' title='bbox 861 2522 927 2579; x_wconf 87' lang='lat' dir='ltr'><em>ergo</em></span> <span class='ocrx_word' id='word_1_347' title='bbox 939 2505 996 2560; x_wconf 80' lang='lat' dir='ltr'><em>lio·</em></span> <span class='ocrx_word' id='word_1_348' title='bbox 1045 2507 1107 2573; x_wconf 88' lang='lat' dir='ltr'><em>bus,</em></span> <span class='ocrx_word' id='word_1_349' title='bbox 1122 2513 1311 2578; x_wconf 75' lang='lat' dir='ltr'><em>propterquas</em></span> <span class='ocrx_word' id='word_1_350' title='bbox 1326 2505 1496 2576; x_wconf 76' lang='lat' dir='ltr'><em>opprobrium</em></span> <span class='ocrx_word' id='word_1_351' title='bbox 1510 2514 1552 2565; x_wconf 90' lang='lat' dir='ltr'><em>est</em></span> <span class='ocrx_word' id='word_1_352' title='bbox 1565 2504 1777 2575; x_wconf 72' lang='lat' dir='ltr'><em>aiurtduutiius,</em></span> <span class='ocrx_word' id='word_1_353' title='bbox 1797 2516 1847 2563; x_wconf 82' lang='lat' dir='ltr'><em>est</em></span> 
     </span>
     <span class='ocr_line' id='line_1_26' title="bbox 202 2591 1851 2669; baseline 0.007 -26"><span class='ocrx_word' id='word_1_354' title='bbox 202 2591 275 2657; x_wconf 79' lang='lat' dir='ltr'><em>ritino</em></span> <span class='ocrx_word' id='word_1_355' title='bbox 305 2593 467 2664; x_wconf 77' lang='lat' dir='ltr'><em>naturaliter</em></span> <span class='ocrx_word' id='word_1_356' title='bbox 496 2593 680 2661; x_wconf 81' lang='lat' dir='ltr'><em>misericordi,</em></span> <span class='ocrx_word' id='word_1_357' title='bbox 712 2595 757 2651; x_wconf 85' lang='lat' dir='ltr'><em>cui</em></span> <span class='ocrx_word' id='word_1_358' title='bbox 785 2597 927 2667; x_wconf 89' lang='lat' dir='ltr'><em>proprium</em></span> <span class='ocrx_word' id='word_1_359' title='bbox 953 2606 997 2654; x_wconf 91' lang='lat' dir='ltr'><em>cst</em></span> <span class='ocrx_word' id='word_1_360' title='bbox 1045 2597 1177 2669; x_wconf 88' lang='lat' dir='ltr'><em>despectio</em></span> <span class='ocrx_word' id='word_1_361' title='bbox 1190 2596 1320 2667; x_wconf 79' lang='lat' dir='ltr'><em>superbis,</em></span> <span class='ocrx_word' id='word_1_362' title='bbox 1337 2611 1496 2667; x_wconf 85' lang='lat' dir='ltr'><em>qttanquam</em></span> <span class='ocrx_word' id='word_1_363' title='bbox 1519 2612 1575 2655; x_wconf 91' lang='lat' dir='ltr'><em>non</em></span> <span class='ocrx_word' id='word_1_364' title='bbox 1589 2613 1655 2662; x_wconf 86' lang='lat' dir='ltr'><em>tore</em></span> <span class='ocrx_word' id='word_1_365' title='bbox 1673 2599 1729 2658; x_wconf 89' lang='lat' dir='ltr'><em>sint</em></span> <span class='ocrx_word' id='word_1_366' title='bbox 1746 2599 1851 2663; x_wconf 18' lang='lat' dir='ltr'><em>abun-t</em></span> 
     </span>
     <span class='ocr_line' id='line_1_27' title="bbox 202 2674 1843 2762; baseline 0.008 -27"><span class='ocrx_word' id='word_1_367' title='bbox 202 2680 329 2753; x_wconf 77' lang='lat' dir='ltr'><em>misereri</em></span> <span class='ocrx_word' id='word_1_368' title='bbox 350 2682 460 2740; x_wconf 84' lang='lat' dir='ltr'><em>assidue</em></span> <span class='ocrx_word' id='word_1_369' title='bbox 483 2683 554 2740; x_wconf 90' lang='lat' dir='ltr'><em>inter</em></span> <span class='ocrx_word' id='word_1_370' title='bbox 571 2674 696 2754; x_wconf 78' lang='lat' dir='ltr'><em>verbera,</em></span> <span class='ocrx_word' id='word_1_371' title='bbox 715 2701 777 2761; x_wconf 81' lang='lat' dir='ltr'><em>qua</em></span> <span class='ocrx_word' id='word_1_372' title='bbox 803 2702 855 2744; x_wconf 88' lang='lat' dir='ltr'><em>uec</em></span> <span class='ocrx_word' id='word_1_373' title='bbox 878 2687 907 2743; x_wconf 92' lang='lat' dir='ltr'><em>in</em></span> <span class='ocrx_word' id='word_1_374' title='bbox 929 2703 995 2759; x_wconf 91' lang='lat' dir='ltr'><em>pro·</em></span> <span class='ocrx_word' id='word_1_375' title='bbox 1044 2688 1152 2758; x_wconf 89' lang='lat' dir='ltr'><em>dantes,</em></span> <span class='ocrx_word' id='word_1_376' title='bbox 1166 2688 1223 2743; x_wconf 88' lang='lat' dir='ltr'><em>imo</em></span> <span class='ocrx_word' id='word_1_377' title='bbox 1238 2687 1348 2744; x_wconf 90' lang='lat' dir='ltr'><em>miseris</em></span> <span class='ocrx_word' id='word_1_378' title='bbox 1368 2688 1476 2744; x_wconf 86' lang='lat' dir='ltr'><em>caeteris</em></span> <span class='ocrx_word' id='word_1_379' title='bbox 1490 2688 1661 2756; x_wconf 87' lang='lat' dir='ltr'><em>miseriores,</em></span> <span class='ocrx_word' id='word_1_380' title='bbox 1675 2690 1722 2760; x_wconf 89' lang='lat' dir='ltr'><em>qui</em></span> <span class='ocrx_word' id='word_1_381' title='bbox 1737 2705 1843 2762; x_wconf 78' lang='lat' dir='ltr'><em>asper·</em></span> 
     </span>
     <span class='ocr_line' id='line_1_28' title="bbox 202 2764 1843 2855; baseline 0.005 -27"><span class='ocrx_word' id='word_1_382' title='bbox 202 2772 332 2855; x_wconf 83' lang='lat' dir='ltr'><em>speritate</em></span> <span class='ocrx_word' id='word_1_383' title='bbox 352 2774 463 2847; x_wconf 85' lang='lat' dir='ltr'><em>desupt,</em></span> <span class='ocrx_word' id='word_1_384' title='bbox 482 2764 638 2850; x_wconf 73' lang='lat' dir='ltr'><em>clamamus</em></span> <span class='ocrx_word' id='word_1_385' title='bbox 650 2777 772 2843; x_wconf 83' lang='lat' dir='ltr'><em>dicentes</em></span> <span class='ocrx_word' id='word_1_386' title='bbox 798 2793 846 2836; x_wconf 89' lang='lat' dir='ltr'><em>ore</em></span> <span class='ocrx_word' id='word_1_387' title='bbox 866 2779 996 2837; x_wconf 85' lang='lat' dir='ltr'><em>simulet</em></span> <span class='ocrx_word' id='word_1_388' title='bbox 1044 2786 1146 2834; x_wconf 86' lang='lat' dir='ltr'><em>uantur</em></span> <span class='ocrx_word' id='word_1_389' title='bbox 1160 2784 1275 2833; x_wconf 78' lang='lat' dir='ltr'><em>cetcms</em></span> <span class='ocrx_word' id='word_1_390' title='bbox 1296 2776 1479 2833; x_wconf 84' lang='lat' dir='ltr'><em>existimando</em></span> <span class='ocrx_word' id='word_1_391' title='bbox 1500 2792 1530 2834; x_wconf 88' lang='lat' dir='ltr'><em>se</em></span> <span class='ocrx_word' id='word_1_392' title='bbox 1550 2778 1653 2849; x_wconf 82' lang='lat' dir='ltr'><em>aliquid</em></span> <span class='ocrx_word' id='word_1_393' title='bbox 1676 2794 1749 2846; x_wconf 86' lang='lat' dir='ltr'><em>esse,</em></span> <span class='ocrx_word' id='word_1_394' title='bbox 1770 2794 1843 2844; x_wconf 86' lang='lat' dir='ltr'><em>cum</em></span> 
     </span>
     <span class='ocr_line' id='line_1_29' title="bbox 202 2866 1845 2940; baseline 0.004 -21"><span class='ocrx_word' id='word_1_395' title='bbox 202 2866 286 2935; x_wconf 84' lang='lat' dir='ltr'><em>corde</em></span> <span class='ocrx_word' id='word_1_396' title='bbox 298 2884 311 2935; x_wconf 81' lang='lat' dir='ltr'><em>s¹</em></span> <span class='ocrx_word' id='word_1_397' title='bbox 1044 2868 1113 2924; x_wconf 86' lang='lat' dir='ltr'><em>nibil</em></span> <span class='ocrx_word' id='word_1_398' title='bbox 1128 2868 1193 2935; x_wconf 90' lang='lat' dir='ltr'><em>sint,</em></span> <span class='ocrx_word' id='word_1_399' title='bbox 1209 2875 1237 2923; x_wconf 89' lang='lat' dir='ltr'><em>et</em></span> <span class='ocrx_word' id='word_1_400' title='bbox 1250 2868 1413 2938; x_wconf 89' lang='lat' dir='ltr'><em>superbiunt</em></span> <span class='ocrx_word' id='word_1_401' title='bbox 1426 2867 1484 2925; x_wconf 87' lang='lat' dir='ltr'><em>sire</em></span> <span class='ocrx_word' id='word_1_402' title='bbox 1501 2868 1535 2924; x_wconf 90' lang='lat' dir='ltr'><em>dc</em></span> <span class='ocrx_word' id='word_1_403' title='bbox 1551 2868 1741 2940; x_wconf 84' lang='lat' dir='ltr'><em>corporalibus</em></span> <span class='ocrx_word' id='word_1_404' title='bbox 1764 2870 1845 2926; x_wconf 79' lang='lat' dir='ltr'><em>disi·</em></span> 
     </span>
    </p>

    <p class='ocr_par' dir='ltr' id='par_1_4' title="bbox 202 2956 1846 3410">
     <span class='ocr_line' id='line_1_30' title="bbox 238 2956 1846 3034; baseline -0.002 -10"><span class='ocrx_word' id='word_1_405' title='bbox 238 2956 327 3032; x_wconf 55' lang='lat' dir='ltr'><em>Villo„</em></span> <span class='ocrx_word' id='word_1_406' title='bbox 350 2959 383 3034; x_wconf 67' lang='grc'><em>3,,</em></span> <span class='ocrx_word' id='word_1_407' title='bbox 407 2961 435 3034; x_wconf 63' lang='lat' dir='ltr'><em>d·</em></span> <span class='ocrx_word' id='word_1_408' title='bbox 454 2959 580 3031; x_wconf 58' lang='lat' dir='ltr'><em>disserere</em></span> <span class='ocrx_word' id='word_1_409' title='bbox 604 2965 699 3032; x_wconf 74' lang='lat' dir='ltr'><em>nostri,</em></span> <span class='ocrx_word' id='word_1_410' title='bbox 723 2964 845 3031; x_wconf 83' lang='lat' dir='ltr'><em>Domine,</em></span> <span class='ocrx_word' id='word_1_411' title='bbox 870 2965 995 3025; x_wconf 84' lang='lat' dir='ltr'><em>miserere</em></span> <span class='ocrx_word' id='word_1_412' title='bbox 1044 2961 1101 3030; x_wconf 87' lang='lat' dir='ltr'><em>tiis,</em></span> <span class='ocrx_word' id='word_1_413' title='bbox 1116 2975 1185 3033; x_wconf 82' lang='lat' dir='ltr'><em>quas</em></span> <span class='ocrx_word' id='word_1_414' title='bbox 1199 2959 1312 3027; x_wconf 82' lang='lat' dir='ltr'><em>babent,</em></span> <span class='ocrx_word' id='word_1_415' title='bbox 1328 2959 1387 3017; x_wconf 87' lang='lat' dir='ltr'><em>sive</em></span> <span class='ocrx_word' id='word_1_416' title='bbox 1403 2960 1437 3017; x_wconf 87' lang='lat' dir='ltr'><em>dc</em></span> <span class='ocrx_word' id='word_1_417' title='bbox 1451 2960 1630 3031; x_wconf 82' lang='lat' dir='ltr'><em>spiritalibus,</em></span> <span class='ocrx_word' id='word_1_418' title='bbox 1645 2977 1716 3034; x_wconf 87' lang='lat' dir='ltr'><em>quas</em></span> <span class='ocrx_word' id='word_1_419' title='bbox 1733 2963 1846 3020; x_wconf 73' lang='lat' dir='ltr'><em>babem</em></span> 
     </span>
     <span class='ocr_line' id='line_1_31' title="bbox 202 3048 1841 3135; baseline 0.005 -32"><span class='ocrx_word' id='word_1_420' title='bbox 202 3054 299 3118; x_wconf 68' lang='lat' dir='ltr'><em>riustri.</em></span> <span class='ocrx_word' id='word_1_421' title='bbox 314 3053 439 3109; x_wconf 71' lang='lat' dir='ltr'><em>Miserere</em></span> <span class='ocrx_word' id='word_1_422' title='bbox 452 3054 603 3111; x_wconf 86' lang='lat' dir='ltr'><em>secuudum</em></span> <span class='ocrx_word' id='word_1_423' title='bbox 618 3070 739 3125; x_wconf 86' lang='lat' dir='ltr'><em>carnem,</em></span> <span class='ocrx_word' id='word_1_424' title='bbox 752 3065 783 3112; x_wconf 94' lang='lat' dir='ltr'><em>ut</em></span> <span class='ocrx_word' id='word_1_425' title='bbox 796 3072 855 3113; x_wconf 91' lang='lat' dir='ltr'><em>eam</em></span> <span class='ocrx_word' id='word_1_426' title='bbox 883 3056 911 3124; x_wconf 84' lang='lat' dir='ltr'><em>iu</em></span> <span class='ocrx_word' id='word_1_427' title='bbox 938 3056 994 3123; x_wconf 78' lang='lat' dir='ltr'><em>ltp-</em></span> <span class='ocrx_word' id='word_1_428' title='bbox 1045 3068 1075 3111; x_wconf 91' lang='lat' dir='ltr'><em>se</em></span> <span class='ocrx_word' id='word_1_429' title='bbox 1088 3060 1195 3135; x_wconf 83' lang='lat' dir='ltr'><em>putant.</em></span> <span class='ocrx_word' id='word_1_430' title='bbox 1211 3048 1283 3120; x_wconf 71' lang='lat' dir='ltr'><em>lutet</em></span> <span class='ocrx_word' id='word_1_431' title='bbox 1298 3050 1366 3120; x_wconf 74' lang='lat' dir='ltr'><em>tales</em></span> <span class='ocrx_word' id='word_1_432' title='bbox 1378 3052 1459 3108; x_wconf 89' lang='lat' dir='ltr'><em>nobis</em></span> <span class='ocrx_word' id='word_1_433' title='bbox 1472 3053 1698 3110; x_wconf 81' lang='lat' dir='ltr'><em>conversantibus</em></span> <span class='ocrx_word' id='word_1_434' title='bbox 1714 3063 1743 3111; x_wconf 88' lang='lat' dir='ltr'><em>et</em></span> <span class='ocrx_word' id='word_1_435' title='bbox 1755 3054 1841 3111; x_wconf 86' lang='lat' dir='ltr'><em>labo·</em></span> 
     </span>
     <span class='ocr_line' id='line_1_32' title="bbox 202 3143 1845 3218; baseline 0.005 -22"><span class='ocrx_word' id='word_1_436' title='bbox 202 3143 287 3198; x_wconf 80' lang='lat' dir='ltr'><em>trieris</em></span> <span class='ocrx_word' id='word_1_437' title='bbox 301 3144 356 3198; x_wconf 88' lang='lat' dir='ltr'><em>tuis</em></span> <span class='ocrx_word' id='word_1_438' title='bbox 368 3144 463 3201; x_wconf 83' lang='lat' dir='ltr'><em>levans</em></span> <span class='ocrx_word' id='word_1_439' title='bbox 477 3147 608 3216; x_wconf 82' lang='lat' dir='ltr'><em>exhibeas</em></span> <span class='ocrx_word' id='word_1_440' title='bbox 619 3147 668 3202; x_wconf 89' lang='lat' dir='ltr'><em>tibi</em></span> <span class='ocrx_word' id='word_1_441' title='bbox 684 3148 802 3204; x_wconf 89' lang='lat' dir='ltr'><em>bostiam</em></span> <span class='ocrx_word' id='word_1_442' title='bbox 812 3147 915 3216; x_wconf 78' lang='lat' dir='ltr'><em>sitam,</em></span> <span class='ocrx_word' id='word_1_443' title='bbox 928 3161 992 3201; x_wconf 88' lang='lat' dir='ltr'><em>san·</em></span> <span class='ocrx_word' id='word_1_444' title='bbox 1027 3174 1030 3179; x_wconf 88' lang='lat'><strong>·</strong></span> <span class='ocrx_word' id='word_1_445' title='bbox 1045 3145 1171 3213; x_wconf 82' lang='lat' dir='ltr'><em>rantibus</em></span> <span class='ocrx_word' id='word_1_446' title='bbox 1185 3155 1268 3217; x_wconf 82' lang='lat' dir='ltr'><em>atque</em></span> <span class='ocrx_word' id='word_1_447' title='bbox 1280 3144 1467 3216; x_wconf 82' lang='lat' dir='ltr'><em>multiplieiter</em></span> <span class='ocrx_word' id='word_1_448' title='bbox 1476 3146 1695 3218; x_wconf 85' lang='lat' dir='ltr'><em>periclitantibus</em></span> <span class='ocrx_word' id='word_1_449' title='bbox 1712 3156 1741 3203; x_wconf 88' lang='lat' dir='ltr'><em>tu</em></span> <span class='ocrx_word' id='word_1_450' title='bbox 1756 3149 1845 3204; x_wconf 81' lang='lat' dir='ltr'><em>uiss-</em></span> 
     </span>
     <span class='ocr_line' id='line_1_33' title="bbox 202 3233 1842 3313; baseline 0.002 -26"><span class='ocrx_word' id='word_1_451' title='bbox 202 3239 293 3311; x_wconf 64' lang='grc' dir='ltr'><em>ςῳιῐι,ἱ</em></span> <span class='ocrx_word' id='word_1_452' title='bbox 312 3233 366 3304; x_wconf 86' lang='lat' dir='ltr'><em>tibi</em></span> <span class='ocrx_word' id='word_1_453' title='bbox 382 3235 544 3306; x_wconf 85' lang='lat' dir='ltr'><em>placerttcm.</em></span> <span class='ocrx_word' id='word_1_454' title='bbox 560 3235 697 3307; x_wconf 12' lang='lat' dir='ltr'><em>‘iliserere</em></span> <span class='ocrx_word' id='word_1_455' title='bbox 715 3252 824 3313; x_wconf 82' lang='lat' dir='ltr'><em>quoque</em></span> <span class='ocrx_word' id='word_1_456' title='bbox 840 3237 992 3305; x_wconf 84' lang='lat' dir='ltr'><em>secundum</em></span> <span class='ocrx_word' id='word_1_457' title='bbox 1046 3250 1113 3303; x_wconf 88' lang='lat' dir='ltr'><em>rere,</em></span> <span class='ocrx_word' id='word_1_458' title='bbox 1127 3233 1208 3291; x_wconf 86' lang='lat' dir='ltr'><em>Pater</em></span> <span class='ocrx_word' id='word_1_459' title='bbox 1223 3233 1473 3292; x_wconf 84' lang='lat' dir='ltr'><em>misericordiarum</em></span> <span class='ocrx_word' id='word_1_460' title='bbox 1490 3245 1517 3292; x_wconf 84' lang='lat' dir='ltr'><em>et</em></span> <span class='ocrx_word' id='word_1_461' title='bbox 1536 3234 1609 3292; x_wconf 86' lang='lat' dir='ltr'><em>licus</em></span> <span class='ocrx_word' id='word_1_462' title='bbox 1624 3236 1708 3292; x_wconf 92' lang='lat' dir='ltr'><em>totius</em></span> <span class='ocrx_word' id='word_1_463' title='bbox 1731 3249 1842 3292; x_wconf 61' lang='lat' dir='ltr'><em>moso«</em></span> 
     </span>
     <span class='ocr_line' id='line_1_34' title="bbox 203 3324 1165 3410; baseline 0.002 -31"><span class='ocrx_word' id='word_1_464' title='bbox 203 3324 361 3393; x_wconf 80' lang='lat' dir='ltr'><em>interiorem</em></span> <span class='ocrx_word' id='word_1_465' title='bbox 371 3326 509 3382; x_wconf 90' lang='lat' dir='ltr'><em>bomiuem</em></span> <span class='ocrx_word' id='word_1_466' title='bbox 521 3326 650 3398; x_wconf 90' lang='lat' dir='ltr'><em>tergendo</em></span> <span class='ocrx_word' id='word_1_467' title='bbox 659 3327 736 3395; x_wconf 86' lang='lat' dir='ltr'><em>illum</em></span> <span class='ocrx_word' id='word_1_468' title='bbox 744 3327 823 3410; x_wconf 71' lang='lat' dir='ltr'><em>quad</em></span> <span class='ocrx_word' id='word_1_469' title='bbox 831 3327 991 3393; x_wconf 84' lang='lat' dir='ltr'><em>drachmam</em></span> <span class='ocrx_word' id='word_1_470' title='bbox 1045 3326 1165 3382; x_wconf 90' lang='lat' dir='ltr'><em>lationis.</em></span> 
     </span>
    </p>
   </div>
   <div class='ocr_carea' id='block_1_3' title="bbox 763 3629 1285 3733">
    <p class='ocr_par' dir='ltr' id='par_1_5' title="bbox 763 3629 1285 3733">
     <span class='ocr_line' id='line_1_35' title="bbox 763 3629 1285 3733; baseline 0.004 -1"><span class='ocrx_word' id='word_1_471' title='bbox 763 3629 1027 3732; x_wconf 71' lang='lat' dir='ltr'><em>issimus</em></span> <span class='ocrx_word' id='word_1_472' title='bbox 1060 3631 1285 3733; x_wconf 71' lang='lat' dir='ltr'><em>uxxttt.</em></span> 
     </span>
    </p>
   </div>
   <div class='ocr_carea' id='block_1_4' title="bbox 994 3808 1031 3837">
    <p class='ocr_par' dir='ltr' id='par_1_6' title="bbox 994 3808 1031 3837">
     <span class='ocr_line' id='line_1_36' title="bbox 994 3808 1031 3837; baseline 0 0"><span class='ocrx_word' id='word_1_473' title='bbox 994 3808 1031 3837; x_wconf 62' lang='lat' dir='ltr'><em>&#39;R</em></span> 
     </span>
    </p>
   </div>
   <div class='ocr_carea' id='block_1_5' title="bbox 196 3980 1843 5691">
    <p class='ocr_par' dir='ltr' id='par_1_7' title="bbox 196 3980 1843 5511">
     <span class='ocr_line' id='line_1_37' title="bbox 240 3980 1843 4056; baseline 0 -15"><span class='ocrx_word' id='word_1_474' title='bbox 240 3986 321 4043; x_wconf 72' lang='lat' dir='ltr'><em>isus.</em></span> <span class='ocrx_word' id='word_1_475' title='bbox 338 3983 518 4055; x_wconf 66' lang='lat' dir='ltr'><em>bilinguis</em></span> <span class='ocrx_word' id='word_1_476' title='bbox 540 3981 670 4037; x_wconf 74' lang='lat' dir='ltr'><em>dontinus</em></span> <span class='ocrx_word' id='word_1_477' title='bbox 691 3990 749 4036; x_wconf 88' lang='lat' dir='ltr'><em>erst</em></span> <span class='ocrx_word' id='word_1_478' title='bbox 771 3983 799 4037; x_wconf 90' lang='lat' dir='ltr'><em>in</em></span> <span class='ocrx_word' id='word_1_479' title='bbox 812 3983 897 4052; x_wconf 85' lang='lat' dir='ltr'><em>nolis,</em></span> <span class='ocrx_word' id='word_1_480' title='bbox 918 3983 991 4038; x_wconf 85' lang='lat' dir='ltr'><em>dicut</em></span> <span class='ocrx_word' id='word_1_481' title='bbox 1045 3980 1182 4056; x_wconf 80' lang='lat' dir='ltr'><em>AEgyptiis</em></span> <span class='ocrx_word' id='word_1_482' title='bbox 1196 3982 1364 4056; x_wconf 88' lang='lat' dir='ltr'><em>incorporati</em></span> <span class='ocrx_word' id='word_1_483' title='bbox 1388 3998 1444 4040; x_wconf 89' lang='lat' dir='ltr'><em>noo</em></span> <span class='ocrx_word' id='word_1_484' title='bbox 1458 3982 1657 4039; x_wconf 88' lang='lat' dir='ltr'><em>clamasscmus</em></span> <span class='ocrx_word' id='word_1_485' title='bbox 1681 3982 1715 4039; x_wconf 86' lang='lat' dir='ltr'><em>ad</em></span> <span class='ocrx_word' id='word_1_486' title='bbox 1739 3983 1843 4042; x_wconf 58' lang='lat' dir='ltr'><em>Minis</em></span> 
     </span>
     <span class='ocr_line' id='line_1_38' title="bbox 201 4072 1841 4148; baseline -0.002 -14"><span class='ocrx_word' id='word_1_487' title='bbox 201 4094 272 4142; x_wconf 81' lang='lat' dir='ltr'><em>uuus</em></span> <span class='ocrx_word' id='word_1_488' title='bbox 283 4076 380 4142; x_wconf 88' lang='lat' dir='ltr'><em>isreel,</em></span> <span class='ocrx_word' id='word_1_489' title='bbox 395 4084 448 4132; x_wconf 88' lang='lat' dir='ltr'><em>etc.</em></span> <span class='ocrx_word' id='word_1_490' title='bbox 464 4073 493 4129; x_wconf 89' lang='lat' dir='ltr'><em>lu</em></span> <span class='ocrx_word' id='word_1_491' title='bbox 505 4074 560 4130; x_wconf 92' lang='lat' dir='ltr'><em>isto</em></span> <span class='ocrx_word' id='word_1_492' title='bbox 571 4073 668 4145; x_wconf 82' lang='lat' dir='ltr'><em>quinto</em></span> <span class='ocrx_word' id='word_1_493' title='bbox 682 4074 768 4146; x_wconf 88' lang='lat' dir='ltr'><em>gradu</em></span> <span class='ocrx_word' id='word_1_494' title='bbox 788 4084 891 4132; x_wconf 89' lang='lat' dir='ltr'><em>canunt</em></span> <span class='ocrx_word' id='word_1_495' title='bbox 902 4074 991 4148; x_wconf 86' lang='lat' dir='ltr'><em>perie-</em></span> <span class='ocrx_word' id='word_1_496' title='bbox 1044 4090 1121 4130; x_wconf 91' lang='lat' dir='ltr'><em>trum.</em></span> <span class='ocrx_word' id='word_1_497' title='bbox 1138 4074 1327 4148; x_wconf 79' lang='lat' dir='ltr'><em>Deglutissent,</em></span> <span class='ocrx_word' id='word_1_498' title='bbox 1344 4090 1397 4133; x_wconf 90' lang='lat' dir='ltr'><em>uon</em></span> <span class='ocrx_word' id='word_1_499' title='bbox 1415 4081 1562 4145; x_wconf 86' lang='lat' dir='ltr'><em>utcunque,</em></span> <span class='ocrx_word' id='word_1_500' title='bbox 1579 4072 1626 4130; x_wconf 87' lang='lat' dir='ltr'><em>scd</em></span> <span class='ocrx_word' id='word_1_501' title='bbox 1645 4074 1726 4141; x_wconf 83' lang='lat' dir='ltr'><em>oinos,</em></span> <span class='ocrx_word' id='word_1_502' title='bbox 1743 4075 1769 4131; x_wconf 90' lang='lat' dir='ltr'><em>id</em></span> <span class='ocrx_word' id='word_1_503' title='bbox 1792 4087 1841 4141; x_wconf 73' lang='lat' dir='ltr'><em>eat</em></span> 
     </span>
     <span class='ocr_line' id='line_1_39' title="bbox 200 4164 1841 4242; baseline -0.001 -18"><span class='ocrx_word' id='word_1_504' title='bbox 200 4170 410 4238; x_wconf 80' lang='lat' dir='ltr'><em>ctirnagnamm</em></span> <span class='ocrx_word' id='word_1_505' title='bbox 425 4166 558 4221; x_wconf 83' lang='lat' dir='ltr'><em>uirtutum</em></span> <span class='ocrx_word' id='word_1_506' title='bbox 574 4164 626 4221; x_wconf 90' lang='lat' dir='ltr'><em>sibi</em></span> <span class='ocrx_word' id='word_1_507' title='bbox 640 4164 743 4221; x_wconf 91' lang='lat' dir='ltr'><em>conscii</em></span> <span class='ocrx_word' id='word_1_508' title='bbox 759 4165 872 4222; x_wconf 81' lang='lat' dir='ltr'><em>uocibus</em></span> <span class='ocrx_word' id='word_1_509' title='bbox 884 4179 991 4236; x_wconf 71' lang='lat' dir='ltr'><em>magnae</em></span> <span class='ocrx_word' id='word_1_510' title='bbox 1043 4172 1163 4228; x_wconf 86' lang='lat' dir='ltr'><em>scienter</em></span> <span class='ocrx_word' id='word_1_511' title='bbox 1184 4182 1339 4242; x_wconf 85' lang='lat' dir='ltr'><em>peccantes.</em></span> <span class='ocrx_word' id='word_1_512' title='bbox 1363 4169 1416 4236; x_wconf 81' lang='lat' dir='ltr'><em>Qui</em></span> <span class='ocrx_word' id='word_1_513' title='bbox 1439 4168 1513 4224; x_wconf 88' lang='lat' dir='ltr'><em>enirn</em></span> <span class='ocrx_word' id='word_1_514' title='bbox 1533 4168 1650 4225; x_wconf 86' lang='lat' dir='ltr'><em>crimina</em></span> <span class='ocrx_word' id='word_1_515' title='bbox 1674 4168 1841 4240; x_wconf 75' lang='lat' dir='ltr'><em>ignoranter</em></span> 
     </span>
     <span class='ocr_line' id='line_1_40' title="bbox 200 4254 1843 4339; baseline 0.004 -27"><span class='ocrx_word' id='word_1_516' title='bbox 200 4258 391 4331; x_wconf 74' lang='lat' dir='ltr'><em>gratulationis</em></span> <span class='ocrx_word' id='word_1_517' title='bbox 405 4277 416 4312; x_wconf 88' lang='lat'><em>:-</em></span> <span class='ocrx_word' id='word_1_518' title='bbox 431 4255 496 4312; x_wconf 88' lang='lat' dir='ltr'><em>Nisi</em></span> <span class='ocrx_word' id='word_1_519' title='bbox 508 4256 573 4337; x_wconf 77' lang='lat' dir='ltr'><em>grtia</em></span> <span class='ocrx_word' id='word_1_520' title='bbox 587 4254 716 4311; x_wconf 81' lang='lat' dir='ltr'><em>Dominus</em></span> <span class='ocrx_word' id='word_1_521' title='bbox 729 4266 786 4311; x_wconf 71' lang='lat' dir='ltr'><em>unt</em></span> <span class='ocrx_word' id='word_1_522' title='bbox 799 4256 926 4321; x_wconf 82' lang='lat' dir='ltr'><em>innotis,</em></span> <span class='ocrx_word' id='word_1_523' title='bbox 944 4255 988 4309; x_wconf 91' lang='lat' dir='ltr'><em>di·</em></span> <span class='ocrx_word' id='word_1_524' title='bbox 1043 4262 1228 4329; x_wconf 72' lang='lat' dir='ltr'><em>committunt,</em></span> <span class='ocrx_word' id='word_1_525' title='bbox 1243 4277 1293 4333; x_wconf 88' lang='lat' dir='ltr'><em>per</em></span> <span class='ocrx_word' id='word_1_526' title='bbox 1305 4276 1368 4333; x_wconf 77' lang='lat' dir='ltr'><em>qua</em></span> <span class='ocrx_word' id='word_1_527' title='bbox 1390 4261 1418 4317; x_wconf 91' lang='lat' dir='ltr'><em>in</em></span> <span class='ocrx_word' id='word_1_528' title='bbox 1439 4274 1541 4333; x_wconf 88' lang='lat' dir='ltr'><em>corpus</em></span> <span class='ocrx_word' id='word_1_529' title='bbox 1555 4261 1656 4317; x_wconf 86' lang='lat' dir='ltr'><em>diaboii</em></span> <span class='ocrx_word' id='word_1_530' title='bbox 1678 4271 1843 4339; x_wconf 74' lang='lat' dir='ltr'><em>tmtrseuut,</em></span> 
     </span>
     <span class='ocr_line' id='line_1_41' title="bbox 199 4346 1840 4423; baseline 0.001 -14"><span class='ocrx_word' id='word_1_531' title='bbox 199 4359 246 4415; x_wconf 78' lang='lat' dir='ltr'><em>sot·</em></span> <span class='ocrx_word' id='word_1_532' title='bbox 267 4365 341 4404; x_wconf 78' lang='lat' dir='ltr'><em>nsne</em></span> <span class='ocrx_word' id='word_1_533' title='bbox 361 4348 458 4415; x_wconf 76' lang='lat' dir='ltr'><em>terret,</em></span> <span class='ocrx_word' id='word_1_534' title='bbox 475 4357 528 4406; x_wconf 86' lang='lat' dir='ltr'><em>etc.</em></span> <span class='ocrx_word' id='word_1_535' title='bbox 545 4346 649 4420; x_wconf 83' lang='lat' dir='ltr'><em>Nempe</em></span> <span class='ocrx_word' id='word_1_536' title='bbox 669 4349 752 4420; x_wconf 80' lang='lat' dir='ltr'><em>qussi</em></span> <span class='ocrx_word' id='word_1_537' title='bbox 766 4348 824 4419; x_wconf 84' lang='lat' dir='ltr'><em>iam</em></span> <span class='ocrx_word' id='word_1_538' title='bbox 848 4348 991 4419; x_wconf 80' lang='lat' dir='ltr'><em>trtumptro</em></span> <span class='ocrx_word' id='word_1_539' title='bbox 1043 4351 1356 4420; x_wconf 72' lang='lat' dir='ltr'><em>monstruosissima,</em></span> <span class='ocrx_word' id='word_1_540' title='bbox 1371 4351 1521 4423; x_wconf 77' lang='lat' dir='ltr'><em>quitatem</em></span> <span class='ocrx_word' id='word_1_541' title='bbox 1539 4350 1658 4410; x_wconf 84' lang='lat' dir='ltr'><em>scientes</em></span> <span class='ocrx_word' id='word_1_542' title='bbox 1672 4362 1699 4410; x_wconf 89' lang='lat' dir='ltr'><em>et</em></span> <span class='ocrx_word' id='word_1_543' title='bbox 1711 4354 1840 4411; x_wconf 76' lang='lat' dir='ltr'><em>masten·</em></span> 
     </span>
     <span class='ocr_line' id='line_1_42' title="bbox 200 4402 1843 4524; baseline 0.002 -29"><span class='ocrx_word' id='word_1_544' title='bbox 200 4440 279 4511; x_wconf 90' lang='lat' dir='ltr'><em>potiti</em></span> <span class='ocrx_word' id='word_1_545' title='bbox 295 4439 393 4495; x_wconf 86' lang='lat' dir='ltr'><em>dicum</em></span> <span class='ocrx_word' id='word_1_546' title='bbox 411 4438 440 4495; x_wconf 87' lang='lat' dir='ltr'><em>in</em></span> <span class='ocrx_word' id='word_1_547' title='bbox 462 4439 612 4510; x_wconf 85' lang='lat' dir='ltr'><em>gratiarnm</em></span> <span class='ocrx_word' id='word_1_548' title='bbox 634 4439 742 4495; x_wconf 90' lang='lat' dir='ltr'><em>actione</em></span> <span class='ocrx_word' id='word_1_549' title='bbox 758 4455 765 4492; x_wconf 91' lang='lat'>:</span> <span class='ocrx_word' id='word_1_550' title='bbox 787 4436 885 4493; x_wconf 82' lang='lat' dir='ltr'><em>tutus</em></span> <span class='ocrx_word' id='word_1_551' title='bbox 898 4446 990 4493; x_wconf 79' lang='lat' dir='ltr'><em>nostre</em></span> <span class='ocrx_word' id='word_1_552' title='bbox 1005 4402 1200 4497; x_wconf 68' lang='lat' dir='ltr'><em>1&#39;testiculum</em></span> <span class='ocrx_word' id='word_1_553' title='bbox 1216 4454 1288 4508; x_wconf 86' lang='lat' dir='ltr'><em>csse,</em></span> <span class='ocrx_word' id='word_1_554' title='bbox 1310 4438 1384 4524; x_wconf 76' lang='lat' dir='ltr'><em>quod</em></span> <span class='ocrx_word' id='word_1_555' title='bbox 1405 4438 1521 4508; x_wconf 85' lang='lat' dir='ltr'><em>iaciunt,</em></span> <span class='ocrx_word' id='word_1_556' title='bbox 1545 4440 1701 4512; x_wconf 84' lang='lat' dir='ltr'><em>impellente</em></span> <span class='ocrx_word' id='word_1_557' title='bbox 1721 4441 1843 4499; x_wconf 85' lang='lat' dir='ltr'><em>diabolo</em></span> 
     </span>
     <span class='ocr_line' id='line_1_43' title="bbox 199 4527 1840 4608; baseline 0.002 -25"><span class='ocrx_word' id='word_1_558' title='bbox 199 4534 269 4587; x_wconf 84' lang='lat' dir='ltr'><em>sieut</em></span> <span class='ocrx_word' id='word_1_559' title='bbox 283 4546 376 4601; x_wconf 85' lang='lat' dir='ltr'><em>passer</em></span> <span class='ocrx_word' id='word_1_560' title='bbox 388 4537 476 4600; x_wconf 84' lang='lat' dir='ltr'><em>erepto</em></span> <span class='ocrx_word' id='word_1_561' title='bbox 488 4531 576 4584; x_wconf 80' lang='lat' dir='ltr'><em>estde</em></span> <span class='ocrx_word' id='word_1_562' title='bbox 586 4527 680 4608; x_wconf 72' lang='lat' dir='ltr'><em>laqueo</em></span> <span class='ocrx_word' id='word_1_563' title='bbox 692 4530 842 4594; x_wconf 81' lang='lat' dir='ltr'><em>oennntiurn</em></span> <span class='ocrx_word' id='word_1_564' title='bbox 855 4542 866 4582; x_wconf 90' lang='lat'><em>.·</em></span> <span class='ocrx_word' id='word_1_565' title='bbox 880 4528 990 4600; x_wconf 78' lang='lat' dir='ltr'><em>logum</em></span> <span class='ocrx_word' id='word_1_566' title='bbox 1041 4529 1220 4588; x_wconf 76' lang='lat' dir='ltr'><em>criminaliter</em></span> <span class='ocrx_word' id='word_1_567' title='bbox 1233 4537 1358 4602; x_wconf 83' lang='lat' dir='ltr'><em>peccam,</em></span> <span class='ocrx_word' id='word_1_568' title='bbox 1371 4530 1424 4586; x_wconf 87' lang='lat' dir='ltr'><em>oioi</em></span> <span class='ocrx_word' id='word_1_569' title='bbox 1434 4530 1627 4587; x_wconf 85' lang='lat' dir='ltr'><em>absorbentur.</em></span> <span class='ocrx_word' id='word_1_570' title='bbox 1651 4529 1698 4587; x_wconf 85' lang='lat' dir='ltr'><em>Sic</em></span> <span class='ocrx_word' id='word_1_571' title='bbox 1718 4545 1771 4589; x_wconf 88' lang='lat' dir='ltr'><em>uos</em></span> <span class='ocrx_word' id='word_1_572' title='bbox 1782 4546 1840 4589; x_wconf 83' lang='lat' dir='ltr'><em>ex·.</em></span> 
     </span>
     <span class='ocr_line' id='line_1_44' title="bbox 200 4618 1835 4695; baseline 0.001 -17"><span class='ocrx_word' id='word_1_573' title='bbox 200 4624 330 4678; x_wconf 85' lang='lat' dir='ltr'><em>contritus</em></span> <span class='ocrx_word' id='word_1_574' title='bbox 340 4631 390 4690; x_wconf 86' lang='lat' dir='ltr'><em>est,</em></span> <span class='ocrx_word' id='word_1_575' title='bbox 402 4619 712 4677; x_wconf 84' lang='lat' dir='ltr'><em>etnostilerstisrtmus.</em></span> <span class='ocrx_word' id='word_1_576' title='bbox 724 4618 813 4686; x_wconf 83' lang='lat' dir='ltr'><em>Quam</em></span> <span class='ocrx_word' id='word_1_577' title='bbox 824 4620 990 4676; x_wconf 79' lang='lat' dir='ltr'><em>marentius-</em></span> <span class='ocrx_word' id='word_1_578' title='bbox 1040 4621 1217 4693; x_wconf 70' lang='lat' dir='ltr'><em>surgentibus</em></span> <span class='ocrx_word' id='word_1_579' title='bbox 1242 4620 1270 4677; x_wconf 91' lang='lat' dir='ltr'><em>iu</em></span> <span class='ocrx_word' id='word_1_580' title='bbox 1297 4635 1350 4677; x_wconf 89' lang='lat' dir='ltr'><em>uos</em></span> <span class='ocrx_word' id='word_1_581' title='bbox 1371 4621 1531 4679; x_wconf 89' lang='lat' dir='ltr'><em>bominibus</em></span> <span class='ocrx_word' id='word_1_582' title='bbox 1547 4620 1684 4695; x_wconf 84' lang='lat' dir='ltr'><em>AEgyptiis</em></span> <span class='ocrx_word' id='word_1_583' title='bbox 1704 4621 1835 4694; x_wconf 85' lang='lat' dir='ltr'><em>absorpti</em></span> 
     </span>
     <span class='ocr_line' id='line_1_45' title="bbox 199 4708 1836 4781; baseline -0.001 -14"><span class='ocrx_word' id='word_1_584' title='bbox 199 4713 348 4778; x_wconf 83' lang='lat' dir='ltr'><em>rationem,</em></span> <span class='ocrx_word' id='word_1_585' title='bbox 364 4712 428 4780; x_wconf 83' lang='lat' dir='ltr'><em>quia</em></span> <span class='ocrx_word' id='word_1_586' title='bbox 453 4711 511 4768; x_wconf 85' lang='lat' dir='ltr'><em>stris</em></span> <span class='ocrx_word' id='word_1_587' title='bbox 529 4709 635 4766; x_wconf 83' lang='lat' dir='ltr'><em>uiribus</em></span> <span class='ocrx_word' id='word_1_588' title='bbox 649 4724 704 4765; x_wconf 92' lang='lat' dir='ltr'><em>non</em></span> <span class='ocrx_word' id='word_1_589' title='bbox 719 4708 883 4777; x_wconf 89' lang='lat' dir='ltr'><em>attribuunt,</em></span> <span class='ocrx_word' id='word_1_590' title='bbox 909 4718 990 4766; x_wconf 83' lang='lat' dir='ltr'><em>caute</em></span> <span class='ocrx_word' id='word_1_591' title='bbox 1041 4708 1202 4777; x_wconf 88' lang='lat' dir='ltr'><em>iuissemus,</em></span> <span class='ocrx_word' id='word_1_592' title='bbox 1225 4710 1293 4781; x_wconf 70' lang='lat' dir='ltr'><em>forte</em></span> <span class='ocrx_word' id='word_1_593' title='bbox 1315 4726 1362 4766; x_wconf 90' lang='lat' dir='ltr'><em>nos</em></span> <span class='ocrx_word' id='word_1_594' title='bbox 1386 4709 1438 4765; x_wconf 85' lang='lat' dir='ltr'><em>triti</em></span> <span class='ocrx_word' id='word_1_595' title='bbox 1454 4710 1496 4767; x_wconf 90' lang='lat' dir='ltr'><em>eis</em></span> <span class='ocrx_word' id='word_1_596' title='bbox 1517 4710 1635 4767; x_wconf 90' lang='lat' dir='ltr'><em>mortuis</em></span> <span class='ocrx_word' id='word_1_597' title='bbox 1650 4710 1836 4781; x_wconf 83' lang='lat' dir='ltr'><em>incorporati,</em></span> 
     </span>
     <span class='ocr_line' id='line_1_46' title="bbox 198 4799 1837 4883; baseline 0 -28"><span class='ocrx_word' id='word_1_598' title='bbox 198 4802 370 4883; x_wconf 79' lang='lat' dir='ltr'><em>pruentiuunt</em></span> <span class='ocrx_word' id='word_1_599' title='bbox 385 4822 392 4858; x_wconf 77' lang='lat' dir='ltr'><em>s</em></span> <span class='ocrx_word' id='word_1_600' title='bbox 409 4801 471 4856; x_wconf 85' lang='lat' dir='ltr'><em>Nisi</em></span> <span class='ocrx_word' id='word_1_601' title='bbox 483 4804 547 4875; x_wconf 67' lang='lat' dir='ltr'><em>nram</em></span> <span class='ocrx_word' id='word_1_602' title='bbox 559 4801 689 4856; x_wconf 74' lang='lat' dir='ltr'><em>dominus</em></span> <span class='ocrx_word' id='word_1_603' title='bbox 708 4802 806 4857; x_wconf 86' lang='lat' dir='ltr'><em>eratin</em></span> <span class='ocrx_word' id='word_1_604' title='bbox 827 4801 913 4869; x_wconf 67' lang='lat' dir='ltr'><em>uolo,</em></span> <span class='ocrx_word' id='word_1_605' title='bbox 928 4817 988 4856; x_wconf 88' lang='lat' dir='ltr'><em>eunt</em></span> <span class='ocrx_word' id='word_1_606' title='bbox 1040 4800 1164 4872; x_wconf 83' lang='lat' dir='ltr'><em>quianon</em></span> <span class='ocrx_word' id='word_1_607' title='bbox 1180 4800 1307 4869; x_wconf 86' lang='lat' dir='ltr'><em>scienter,</em></span> <span class='ocrx_word' id='word_1_608' title='bbox 1318 4799 1356 4855; x_wconf 92' lang='lat' dir='ltr'><em>illi</em></span> <span class='ocrx_word' id='word_1_609' title='bbox 1371 4799 1440 4870; x_wconf 73' lang='lat' dir='ltr'><em>[orte</em></span> <span class='ocrx_word' id='word_1_610' title='bbox 1453 4799 1613 4871; x_wconf 86' lang='lat' dir='ltr'><em>ignoranter</em></span> <span class='ocrx_word' id='word_1_611' title='bbox 1628 4800 1767 4870; x_wconf 87' lang='lat' dir='ltr'><em>peccando</em></span> <span class='ocrx_word' id='word_1_612' title='bbox 1779 4814 1837 4871; x_wconf 85' lang='lat' dir='ltr'><em>pe·</em></span> 
     </span>
     <span class='ocr_line' id='line_1_47' title="bbox 198 4889 1834 4965; baseline 0.001 -20"><span class='ocrx_word' id='word_1_613' title='bbox 198 4901 372 4962; x_wconf 73' lang='lat' dir='ltr'><em>exsurgerent</em></span> <span class='ocrx_word' id='word_1_614' title='bbox 391 4893 506 4947; x_wconf 84' lang='lat' dir='ltr'><em>transisses</em></span> <span class='ocrx_word' id='word_1_615' title='bbox 519 4895 547 4948; x_wconf 87' lang='lat' dir='ltr'><em>in</em></span> <span class='ocrx_word' id='word_1_616' title='bbox 562 4910 620 4959; x_wconf 86' lang='lat' dir='ltr'><em>tros,</em></span> <span class='ocrx_word' id='word_1_617' title='bbox 635 4894 704 4965; x_wconf 71' lang='lat' dir='ltr'><em>forte</em></span> <span class='ocrx_word' id='word_1_618' title='bbox 724 4895 795 4949; x_wconf 85' lang='lat' dir='ltr'><em>oiuos</em></span> <span class='ocrx_word' id='word_1_619' title='bbox 816 4893 988 4965; x_wconf 78' lang='lat' dir='ltr'><em>deglutissent</em></span> <span class='ocrx_word' id='word_1_620' title='bbox 1039 4892 1182 4959; x_wconf 84' lang='lat' dir='ltr'><em>rissemus,</em></span> <span class='ocrx_word' id='word_1_621' title='bbox 1197 4889 1430 4962; x_wconf 85' lang='lat' dir='ltr'><em>quemadmodum</em></span> <span class='ocrx_word' id='word_1_622' title='bbox 1442 4904 1490 4946; x_wconf 83' lang='lat' dir='ltr'><em>res</em></span> <span class='ocrx_word' id='word_1_623' title='bbox 1503 4904 1599 4946; x_wconf 89' lang='lat' dir='ltr'><em>eorum</em></span> <span class='ocrx_word' id='word_1_624' title='bbox 1615 4889 1723 4946; x_wconf 84' lang='lat' dir='ltr'><em>Pharao</em></span> <span class='ocrx_word' id='word_1_625' title='bbox 1736 4890 1834 4947; x_wconf 82' lang='lat' dir='ltr'><em>disits</em></span> 
     </span>
     <span class='ocr_line' id='line_1_48' title="bbox 198 4977 1833 5057; baseline -0.001 -18"><span class='ocrx_word' id='word_1_626' title='bbox 198 4998 257 5039; x_wconf 87' lang='lat' dir='ltr'><em>nos.</em></span> <span class='ocrx_word' id='word_1_627' title='bbox 271 4980 329 5037; x_wconf 92' lang='lat' dir='ltr'><em>lloc</em></span> <span class='ocrx_word' id='word_1_628' title='bbox 340 4981 413 5036; x_wconf 77' lang='lat' dir='ltr'><em>dicen</em></span> <span class='ocrx_word' id='word_1_629' title='bbox 424 4980 640 5055; x_wconf 83' lang='lat' dir='ltr'><em>israelpopulus</em></span> <span class='ocrx_word' id='word_1_630' title='bbox 652 4983 746 5041; x_wconf 86' lang='lat' dir='ltr'><em>betab</em></span> <span class='ocrx_word' id='word_1_631' title='bbox 758 4982 887 5057; x_wconf 77' lang='lat' dir='ltr'><em>AEgyptia</em></span> <span class='ocrx_word' id='word_1_632' title='bbox 898 4982 987 5040; x_wconf 84' lang='lat' dir='ltr'><em>serti-</em></span> <span class='ocrx_word' id='word_1_633' title='bbox 1043 5002 1053 5035; x_wconf 93' lang='lat' dir='ltr'><em>s</em></span> <span class='ocrx_word' id='word_1_634' title='bbox 1071 4981 1170 5040; x_wconf 89' lang='lat' dir='ltr'><em>Nescio</em></span> <span class='ocrx_word' id='word_1_635' title='bbox 1182 4982 1330 5039; x_wconf 63' lang='lat' dir='ltr'><em>mutinum</em></span> <span class='ocrx_word' id='word_1_636' title='bbox 1352 4988 1381 5037; x_wconf 89' lang='lat' dir='ltr'><em>et</em></span> <span class='ocrx_word' id='word_1_637' title='bbox 1392 4978 1477 5038; x_wconf 88' lang='lat' dir='ltr'><em>lsrael</em></span> <span class='ocrx_word' id='word_1_638' title='bbox 1497 4995 1553 5038; x_wconf 89' lang='lat' dir='ltr'><em>nott</em></span> <span class='ocrx_word' id='word_1_639' title='bbox 1573 4979 1711 5037; x_wconf 90' lang='lat' dir='ltr'><em>dimittam</em></span> <span class='ocrx_word' id='word_1_640' title='bbox 1726 4977 1833 5050; x_wconf 77' lang='lat' dir='ltr'><em>(Eood.</em></span> 
     </span>
     <span class='ocr_line' id='line_1_49' title="bbox 198 5072 1144 5146; baseline -0.004 -16"><span class='ocrx_word' id='word_1_641' title='bbox 198 5085 257 5131; x_wconf 91' lang='lat' dir='ltr'><em>tute</em></span> <span class='ocrx_word' id='word_1_642' title='bbox 269 5074 401 5131; x_wconf 89' lang='lat' dir='ltr'><em>liberatus</em></span> <span class='ocrx_word' id='word_1_643' title='bbox 422 5075 521 5145; x_wconf 89' lang='lat' dir='ltr'><em>partim</em></span> <span class='ocrx_word' id='word_1_644' title='bbox 543 5075 572 5130; x_wconf 91' lang='lat' dir='ltr'><em>in</em></span> <span class='ocrx_word' id='word_1_645' title='bbox 600 5091 641 5143; x_wconf 89' lang='lat' dir='ltr'><em>re,</em></span> <span class='ocrx_word' id='word_1_646' title='bbox 656 5076 755 5146; x_wconf 87' lang='lat' dir='ltr'><em>partim</em></span> <span class='ocrx_word' id='word_1_647' title='bbox 775 5075 803 5131; x_wconf 92' lang='lat' dir='ltr'><em>in</em></span> <span class='ocrx_word' id='word_1_648' title='bbox 824 5089 882 5146; x_wconf 87' lang='lat' dir='ltr'><em>spe.</em></span> <span class='ocrx_word' id='word_1_649' title='bbox 901 5074 931 5131; x_wconf 90' lang='lat' dir='ltr'><em>in</em></span> <span class='ocrx_word' id='word_1_650' title='bbox 946 5090 986 5143; x_wconf 88' lang='lat' dir='ltr'><em>re,</em></span> <span class='ocrx_word' id='word_1_651' title='bbox 1038 5088 1065 5141; x_wconf 84' lang='lat' dir='ltr'><em>u,</em></span> <span class='ocrx_word' id='word_1_652' title='bbox 1078 5072 1144 5145; x_wconf 74' lang='lat' dir='ltr'><em>2).s</em></span> 
     </span>
     <span class='ocr_line' id='line_1_50' title="bbox 197 5160 1835 5239; baseline -0.001 -19"><span class='ocrx_word' id='word_1_653' title='bbox 197 5174 331 5237; x_wconf 81' lang='lat' dir='ltr'><em>quasnam</em></span> <span class='ocrx_word' id='word_1_654' title='bbox 343 5167 376 5221; x_wconf 87' lang='lat' dir='ltr'><em>ad</em></span> <span class='ocrx_word' id='word_1_655' title='bbox 390 5167 461 5232; x_wconf 91' lang='lat' dir='ltr'><em>illos,</em></span> <span class='ocrx_word' id='word_1_656' title='bbox 473 5166 520 5236; x_wconf 85' lang='lat' dir='ltr'><em>qui</em></span> <span class='ocrx_word' id='word_1_657' title='bbox 532 5181 607 5221; x_wconf 89' lang='lat' dir='ltr'><em>nuuc</em></span> <span class='ocrx_word' id='word_1_658' title='bbox 617 5175 731 5238; x_wconf 76' lang='lat' dir='ltr'><em>regirant</em></span> <span class='ocrx_word' id='word_1_659' title='bbox 744 5169 771 5222; x_wconf 91' lang='lat' dir='ltr'><em>iu</em></span> <span class='ocrx_word' id='word_1_660' title='bbox 786 5167 867 5232; x_wconf 76' lang='lat' dir='ltr'><em>coelo,</em></span> <span class='ocrx_word' id='word_1_661' title='bbox 883 5169 910 5224; x_wconf 90' lang='lat' dir='ltr'><em>in</em></span> <span class='ocrx_word' id='word_1_662' title='bbox 927 5184 986 5239; x_wconf 90' lang='lat' dir='ltr'><em>spe,</em></span> <span class='ocrx_word' id='word_1_663' title='bbox 1074 5161 1156 5233; x_wconf 79' lang='lat' dir='ltr'><em>Forte</em></span> <span class='ocrx_word' id='word_1_664' title='bbox 1169 5162 1328 5220; x_wconf 82' lang='lat' dir='ltr'><em>adverbium</em></span> <span class='ocrx_word' id='word_1_665' title='bbox 1339 5161 1481 5220; x_wconf 87' lang='lat' dir='ltr'><em>dubitandi</em></span> <span class='ocrx_word' id='word_1_666' title='bbox 1491 5170 1534 5220; x_wconf 87' lang='lat' dir='ltr'><em>est</em></span> <span class='ocrx_word' id='word_1_667' title='bbox 1548 5162 1750 5235; x_wconf 73' lang='lat' dir='ltr'><em>interpositum,</em></span> <span class='ocrx_word' id='word_1_668' title='bbox 1761 5160 1835 5232; x_wconf 81' lang='lat' dir='ltr'><em>quis</em></span> 
     </span>
     <span class='ocr_line' id='line_1_51' title="bbox 197 5255 1832 5330; baseline 0.001 -20"><span class='ocrx_word' id='word_1_669' title='bbox 197 5267 331 5328; x_wconf 85' lang='lat' dir='ltr'><em>qtratttum</em></span> <span class='ocrx_word' id='word_1_670' title='bbox 346 5259 379 5314; x_wconf 85' lang='lat' dir='ltr'><em>ad</em></span> <span class='ocrx_word' id='word_1_671' title='bbox 392 5258 464 5326; x_wconf 89' lang='lat' dir='ltr'><em>illos,</em></span> <span class='ocrx_word' id='word_1_672' title='bbox 476 5258 524 5329; x_wconf 82' lang='lat' dir='ltr'><em>qui</em></span> <span class='ocrx_word' id='word_1_673' title='bbox 536 5257 626 5313; x_wconf 82' lang='lat' dir='ltr'><em>adbuc</em></span> <span class='ocrx_word' id='word_1_674' title='bbox 638 5258 847 5330; x_wconf 84' lang='lat' dir='ltr'><em>peregrinantur</em></span> <span class='ocrx_word' id='word_1_675' title='bbox 859 5259 886 5314; x_wconf 90' lang='lat' dir='ltr'><em>in</em></span> <span class='ocrx_word' id='word_1_676' title='bbox 901 5270 984 5315; x_wconf 87' lang='lat' dir='ltr'><em>terra.</em></span> <span class='ocrx_word' id='word_1_677' title='bbox 1038 5271 1083 5313; x_wconf 89' lang='lat' dir='ltr'><em>res</em></span> <span class='ocrx_word' id='word_1_678' title='bbox 1099 5255 1133 5310; x_wconf 89' lang='lat' dir='ltr'><em>ad</em></span> <span class='ocrx_word' id='word_1_679' title='bbox 1155 5265 1302 5326; x_wconf 86' lang='lat' dir='ltr'><em>utrumque</em></span> <span class='ocrx_word' id='word_1_680' title='bbox 1316 5271 1346 5313; x_wconf 92' lang='lat' dir='ltr'><em>se</em></span> <span class='ocrx_word' id='word_1_681' title='bbox 1359 5255 1465 5322; x_wconf 86' lang='lat' dir='ltr'><em>babuit,</em></span> <span class='ocrx_word' id='word_1_682' title='bbox 1478 5270 1540 5328; x_wconf 81' lang='lat' dir='ltr'><em>qum</em></span> <span class='ocrx_word' id='word_1_683' title='bbox 1554 5255 1644 5327; x_wconf 78' lang='lat' dir='ltr'><em>poten</em></span> <span class='ocrx_word' id='word_1_684' title='bbox 1658 5255 1716 5310; x_wconf 86' lang='lat' dir='ltr'><em>lieri</em></span> <span class='ocrx_word' id='word_1_685' title='bbox 1729 5263 1757 5311; x_wconf 87' lang='lat' dir='ltr'><em>et</em></span> <span class='ocrx_word' id='word_1_686' title='bbox 1770 5269 1832 5311; x_wconf 87' lang='lat' dir='ltr'><em>nott</em></span> 
     </span>
     <span class='ocr_line' id='line_1_52' title="bbox 201 5344 1832 5420; baseline 0.001 -19"><span class='ocrx_word' id='word_1_687' title='bbox 201 5349 278 5403; x_wconf 79' lang='lat' dir='ltr'><em>Dicet</em></span> <span class='ocrx_word' id='word_1_688' title='bbox 291 5365 356 5420; x_wconf 89' lang='lat' dir='ltr'><em>ergo</em></span> <span class='ocrx_word' id='word_1_689' title='bbox 373 5359 446 5407; x_wconf 90' lang='lat' dir='ltr'><em>totus</em></span> <span class='ocrx_word' id='word_1_690' title='bbox 463 5347 550 5405; x_wconf 86' lang='lat' dir='ltr'><em>isreel</em></span> <span class='ocrx_word' id='word_1_691' title='bbox 564 5348 660 5405; x_wconf 87' lang='lat' dir='ltr'><em>desua</em></span> <span class='ocrx_word' id='word_1_692' title='bbox 675 5348 837 5405; x_wconf 85' lang='lat' dir='ltr'><em>liberatione</em></span> <span class='ocrx_word' id='word_1_693' title='bbox 850 5349 893 5405; x_wconf 85' lang='lat' dir='ltr'><em>ucl</em></span> <span class='ocrx_word' id='word_1_694' title='bbox 912 5349 940 5405; x_wconf 91' lang='lat' dir='ltr'><em>iu</em></span> <span class='ocrx_word' id='word_1_695' title='bbox 956 5365 987 5406; x_wconf 88' lang='lat' dir='ltr'><em>re</em></span> <span class='ocrx_word' id='word_1_696' title='bbox 1037 5345 1106 5401; x_wconf 89' lang='lat' dir='ltr'><em>lieri.</em></span> <span class='ocrx_word' id='word_1_697' title='bbox 1123 5344 1239 5402; x_wconf 84' lang='lat' dir='ltr'><em>Domino</em></span> <span class='ocrx_word' id='word_1_698' title='bbox 1251 5354 1343 5402; x_wconf 91' lang='lat' dir='ltr'><em>tamen</em></span> <span class='ocrx_word' id='word_1_699' title='bbox 1358 5345 1517 5404; x_wconf 84' lang='lat' dir='ltr'><em>dominante</em></span> <span class='ocrx_word' id='word_1_700' title='bbox 1539 5348 1567 5401; x_wconf 90' lang='lat' dir='ltr'><em>in</em></span> <span class='ocrx_word' id='word_1_701' title='bbox 1591 5346 1671 5403; x_wconf 87' lang='lat' dir='ltr'><em>trobis</em></span> <span class='ocrx_word' id='word_1_702' title='bbox 1684 5361 1739 5402; x_wconf 90' lang='lat' dir='ltr'><em>uon</em></span> <span class='ocrx_word' id='word_1_703' title='bbox 1757 5360 1832 5417; x_wconf 71' lang='lat' dir='ltr'><em>prm·</em></span> 
     </span>
     <span class='ocr_line' id='line_1_53' title="bbox 196 5436 1830 5511; baseline 0 -19"><span class='ocrx_word' id='word_1_704' title='bbox 196 5438 239 5492; x_wconf 81' lang='lat' dir='ltr'><em>sel</em></span> <span class='ocrx_word' id='word_1_705' title='bbox 253 5440 280 5494; x_wconf 89' lang='lat' dir='ltr'><em>in</em></span> <span class='ocrx_word' id='word_1_706' title='bbox 297 5456 344 5511; x_wconf 90' lang='lat' dir='ltr'><em>spe</em></span> <span class='ocrx_word' id='word_1_707' title='bbox 358 5442 535 5507; x_wconf 77' lang='lat' dir='ltr'><em>certificatus,</em></span> <span class='ocrx_word' id='word_1_708' title='bbox 550 5440 633 5507; x_wconf 86' lang='lat' dir='ltr'><em>dicat,</em></span> <span class='ocrx_word' id='word_1_709' title='bbox 653 5438 765 5511; x_wconf 85' lang='lat' dir='ltr'><em>inquam</em></span> <span class='ocrx_word' id='word_1_710' title='bbox 781 5458 790 5495; x_wconf 81' lang='lat' dir='ltr'><em>s</em></span> <span class='ocrx_word' id='word_1_711' title='bbox 1036 5436 1122 5492; x_wconf 83' lang='lat' dir='ltr'><em>ualuit</em></span> <span class='ocrx_word' id='word_1_712' title='bbox 1136 5436 1289 5493; x_wconf 88' lang='lat' dir='ltr'><em>dominium</em></span> <span class='ocrx_word' id='word_1_713' title='bbox 1307 5436 1469 5495; x_wconf 84' lang='lat' dir='ltr'><em>Pharaonis.</em></span> <span class='ocrx_word' id='word_1_714' title='bbox 1483 5438 1516 5493; x_wconf 86' lang='lat' dir='ltr'><em>iit</em></span> <span class='ocrx_word' id='word_1_715' title='bbox 1528 5438 1599 5505; x_wconf 89' lang='lat' dir='ltr'><em>ideo,</em></span> <span class='ocrx_word' id='word_1_716' title='bbox 1611 5437 1659 5510; x_wconf 66' lang='lat' dir='ltr'><em>siut</em></span> <span class='ocrx_word' id='word_1_717' title='bbox 1679 5453 1730 5494; x_wconf 86' lang='lat' dir='ltr'><em>tros</em></span> <span class='ocrx_word' id='word_1_718' title='bbox 1745 5437 1830 5494; x_wconf 83' lang='lat' dir='ltr'><em>ouu-</em></span> 
     </span>
    </p>

    <p class='ocr_par' dir='ltr' id='par_1_8' title="bbox 197 5524 1831 5691">
     <span class='ocr_line' id='line_1_54' title="bbox 232 5524 1827 5603; baseline -0.003 -19"><span class='ocrx_word' id='word_1_719' title='bbox 232 5528 316 5586; x_wconf 83' lang='lat' dir='ltr'><em>lisns.</em></span> <span class='ocrx_word' id='word_1_720' title='bbox 345 5532 374 5598; x_wconf 76' lang='lat'><em>2,</em></span> <span class='ocrx_word' id='word_1_721' title='bbox 406 5534 432 5588; x_wconf 73' lang='grc' dir='ltr'><em>ὅ.</em></span> <span class='ocrx_word' id='word_1_722' title='bbox 452 5532 515 5587; x_wconf 87' lang='lat' dir='ltr'><em>Nisi</em></span> <span class='ocrx_word' id='word_1_723' title='bbox 535 5533 599 5603; x_wconf 83' lang='lat' dir='ltr'><em>quin</em></span> <span class='ocrx_word' id='word_1_724' title='bbox 614 5531 744 5587; x_wconf 85' lang='lat' dir='ltr'><em>Dominus</em></span> <span class='ocrx_word' id='word_1_725' title='bbox 766 5539 824 5587; x_wconf 88' lang='lat' dir='ltr'><em>erut</em></span> <span class='ocrx_word' id='word_1_726' title='bbox 846 5532 875 5585; x_wconf 89' lang='lat' dir='ltr'><em>in</em></span> <span class='ocrx_word' id='word_1_727' title='bbox 899 5531 984 5596; x_wconf 74' lang='lat' dir='ltr'><em>uoltis,</em></span> <span class='ocrx_word' id='word_1_728' title='bbox 1036 5527 1110 5584; x_wconf 90' lang='lat' dir='ltr'><em>ditiis</em></span> <span class='ocrx_word' id='word_1_729' title='bbox 1125 5536 1217 5584; x_wconf 88' lang='lat' dir='ltr'><em>tencre</em></span> <span class='ocrx_word' id='word_1_730' title='bbox 1238 5541 1294 5583; x_wconf 86' lang='lat' dir='ltr'><em>non</em></span> <span class='ocrx_word' id='word_1_731' title='bbox 1309 5528 1408 5599; x_wconf 89' lang='lat' dir='ltr'><em>putuit,</em></span> <span class='ocrx_word' id='word_1_732' title='bbox 1424 5528 1558 5600; x_wconf 74' lang='lat' dir='ltr'><em>cuiusque</em></span> <span class='ocrx_word' id='word_1_733' title='bbox 1578 5527 1672 5600; x_wconf 86' lang='lat' dir='ltr'><em>lingua</em></span> <span class='ocrx_word' id='word_1_734' title='bbox 1687 5526 1780 5583; x_wconf 83' lang='lat' dir='ltr'><em>totoss</em></span> <span class='ocrx_word' id='word_1_735' title='bbox 1796 5524 1827 5581; x_wconf 85' lang='lat' dir='ltr'><em>its</em></span> 
     </span>
     <span class='ocr_line' id='line_1_55' title="bbox 197 5610 1831 5691; baseline 0.004 -25"><span class='ocrx_word' id='word_1_736' title='bbox 197 5631 258 5669; x_wconf 83' lang='lat' dir='ltr'><em>rum</em></span> <span class='ocrx_word' id='word_1_737' title='bbox 280 5629 448 5690; x_wconf 72' lang='lat' dir='ltr'><em>exsurgerent</em></span> <span class='ocrx_word' id='word_1_738' title='bbox 472 5622 600 5689; x_wconf 80' lang='lat' dir='ltr'><em>nomines,</em></span> <span class='ocrx_word' id='word_1_739' title='bbox 622 5621 774 5679; x_wconf 84' lang='lat' dir='ltr'><em>Pitaraouis</em></span> <span class='ocrx_word' id='word_1_740' title='bbox 788 5627 941 5688; x_wconf 81' lang='lat' dir='ltr'><em>exactores,</em></span> <span class='ocrx_word' id='word_1_741' title='bbox 956 5624 985 5677; x_wconf 87' lang='lat' dir='ltr'><em>iu</em></span> <span class='ocrx_word' id='word_1_742' title='bbox 1032 5610 1125 5690; x_wconf 66' lang='lat' dir='ltr'><em>⁴primo</em></span> <span class='ocrx_word' id='word_1_743' title='bbox 1138 5618 1223 5691; x_wconf 90' lang='lat' dir='ltr'><em>gradu</em></span> <span class='ocrx_word' id='word_1_744' title='bbox 1240 5618 1348 5690; x_wconf 84' lang='lat' dir='ltr'><em>sagittis</em></span> <span class='ocrx_word' id='word_1_745' title='bbox 1366 5619 1455 5676; x_wconf 88' lang='lat' dir='ltr'><em>acutis</em></span> <span class='ocrx_word' id='word_1_746' title='bbox 1468 5618 1596 5677; x_wconf 81' lang='lat' dir='ltr'><em>confossa</em></span> <span class='ocrx_word' id='word_1_747' title='bbox 1610 5628 1639 5676; x_wconf 89' lang='lat' dir='ltr'><em>et</em></span> <span class='ocrx_word' id='word_1_748' title='bbox 1657 5617 1831 5675; x_wconf 82' lang='lat' dir='ltr'><em>carbonibus.</em></span> 
     </span>
    </p>
   </div>
   <div class='ocr_carea' id='block_1_6' title="bbox 198 5705 1827 5793">
    <p class='ocr_par' dir='ltr' id='par_1_9' title="bbox 198 5705 1827 5793">
     <span class='ocr_line' id='line_1_56' title="bbox 198 5705 1827 5793; baseline 0.006 -35"><span class='ocrx_word' id='word_1_749' title='bbox 198 5718 245 5771; x_wconf 71' lang='lat' dir='ltr'><em>gas</em></span> <span class='ocrx_word' id='word_1_750' title='bbox 269 5705 415 5782; x_wconf 80' lang='lat' dir='ltr'><em>israelitas,</em></span> <span class='ocrx_word' id='word_1_751' title='bbox 433 5712 499 5768; x_wconf 87' lang='lat' dir='ltr'><em>iorte</em></span> <span class='ocrx_word' id='word_1_752' title='bbox 519 5713 590 5769; x_wconf 83' lang='lat' dir='ltr'><em>uiuos</em></span> <span class='ocrx_word' id='word_1_753' title='bbox 609 5713 780 5783; x_wconf 76' lang='lat' dir='ltr'><em>deglutissent</em></span> <span class='ocrx_word' id='word_1_754' title='bbox 797 5729 855 5780; x_wconf 81' lang='lat' dir='ltr'><em>tros,</em></span> <span class='ocrx_word' id='word_1_755' title='bbox 872 5723 902 5768; x_wconf 96' lang='lat' dir='ltr'><em>ut</em></span> <span class='ocrx_word' id='word_1_756' title='bbox 917 5714 984 5793; x_wconf 88' lang='lat' dir='ltr'><em>ipsis</em></span> <span class='ocrx_word' id='word_1_757' title='bbox 1033 5706 1205 5781; x_wconf 74' lang='lat' dir='ltr'><em>desolatoriis</em></span> <span class='ocrx_word' id='word_1_758' title='bbox 1215 5721 1312 5771; x_wconf 86' lang='lat' dir='ltr'><em>esusta</em></span> <span class='ocrx_word' id='word_1_759' title='bbox 1328 5712 1471 5781; x_wconf 89' lang='lat' dir='ltr'><em>conticuit,</em></span> <span class='ocrx_word' id='word_1_760' title='bbox 1487 5712 1546 5786; x_wconf 85' lang='lat' dir='ltr'><em>post</em></span> <span class='ocrx_word' id='word_1_761' title='bbox 1563 5712 1591 5768; x_wconf 90' lang='lat' dir='ltr'><em>iu</em></span> <span class='ocrx_word' id='word_1_762' title='bbox 1615 5712 1684 5771; x_wconf 85' lang='lat' dir='ltr'><em>iram</em></span> <span class='ocrx_word' id='word_1_763' title='bbox 1705 5721 1733 5769; x_wconf 86' lang='lat' dir='ltr'><em>et</em></span> <span class='ocrx_word' id='word_1_764' title='bbox 1745 5710 1827 5770; x_wconf 80' lang='lat' dir='ltr'><em>taro-</em></span> 
     </span>
    </p>
   </div>
   <div class='ocr_carea' id='block_1_7' title="bbox 0 0 1950 6067">
    <p class='ocr_par' dir='ltr' id='par_1_10' title="bbox 0 0 1950 6067">
     <span class='ocr_line' id='line_1_57' title="bbox 0 0 1950 6067; baseline 0 5"><span class='ocrx_word' id='word_1_765' title='bbox 0 0 1950 6067; x_wconf 95' lang='lat' dir='ltr'><em> </em></span> 
     </span>
    </p>
   </div>
  </div>
 </body>
</html>
