3892 6067
122 266 191 343 ιιιιΙ
579 283 769 344 murreus
788 287 832 342 ue
852 284 1013 344 trausteis
1032 280 1069 343 tv
1086 282 1131 342 er
1152 285 1182 355 r,
1203 285 1280 343 ure.
1672 289 1741 345 tare

119 398 243 455 accidere
261 398 340 466 solet,
351 399 501 468 presertim
518 397 553 456 iis
564 399 591 455 in
603 401 704 471 quibus
717 416 800 457 causa
823 401 870 457 llei
884 410 912 456 et
927 400 1054 457 Ecclesia
1066 397 1216 455 Catholicae
1236 407 1331 454 contra
1355 397 1497 455 haereticos
1511 408 1537 455 et
1547 399 1741 456 schismaticos

120 470 221 540 agitur.
234 467 268 521 Et
281 483 342 523 curn
358 470 506 524 universim
522 485 618 525 omncs
635 471 776 540 pontiliees
791 471 943 537 Romanos,
963 480 1094 540 tanquam
1109 470 1211 525 Christi
1225 469 1359 535 vicarios,
1372 478 1399 524 et
1420 466 1449 523 S.
1466 467 1537 524 Petri
1554 484 1743 544 successores,

120 547 275 594 reverenter
287 538 376 593 colam
392 555 425 595 ac
443 554 573 603 venerer,
587 541 680 596 nescio
699 550 788 596 tamen
811 558 865 612 qua
886 541 991 596 ratione
1005 555 1083 594 mens
1100 554 1159 593 mea
1178 539 1366 609 potissimum,
1385 554 1416 593 cx
1437 539 1586 609 superioris
1602 541 1743 600 memorias

119 608 305 679 pontificibus,
321 607 434 673 seratur,
448 609 541 665 imoet
556 611 677 679 rapiatur
695 611 728 665 ad
752 609 912 682 Gregorium
932 609 986 675 llll,
1001 611 1102 675 virum,
1126 619 1156 663 ut
1178 609 1331 672 sanctitate,
1346 610 1382 662 ita
1403 617 1430 661 et
1449 609 1534 663 animi
1553 608 1741 681 magnitudine

119 677 250 734 eximium
264 693 271 743 ;
287 685 314 731 et
331 694 380 732 nec
395 693 527 748 prospero
544 695 635 733 rerum
651 695 734 735 cursu
756 680 932 750 languescere
950 679 1090 749 multoque
1108 679 1200 733 minus
1218 678 1398 743 insolescere;
1423 694 1473 734 uec
1491 677 1612 734 adversae
1627 677 1743 737 tonnae

118 748 257 818 procellis,
272 747 359 816 frangi
375 759 547 804 consuetum.
563 748 630 813 Quae
639 764 721 803 causa
736 764 779 803 ure
792 750 898 819 impulit
918 757 948 804 ut
967 750 994 802 in
1006 748 1215 804 vindicationem
1235 749 1317 817 hujus
1328 750 1394 802 tanti
1416 748 1572 804 autistitisa
1590 748 1740 803 recentium

119 826 147 872 et
161 827 282 872 veterum
294 818 473 873 sectariorum
487 818 736 884 criminationibus,
747 819 890 888 diligenter
902 817 1084 884 incubuerim,
1098 818 1272 886 inquirendo,
1285 827 1312 871 et
1322 817 1484 886 prulersudo
1500 832 1584 874 noras
1594 827 1621 871 et
1633 820 1739 887 priscas

118 886 335 957 copias,qnibus
345 888 564 943 adversariorum
582 887 609 942 io
626 888 698 942 bunc
716 903 874 957 supremum
888 885 1053 943 Christianae
1067 888 1205 957 religionis
1224 887 1366 957 praesulem
1387 903 1418 941 ac
1435 887 1576 956 praesidem
1597 887 1742 956 impressio

120 957 343 1079 propulsaretun
363 957 442 1025 eujus
457 958 520 1023 mei,
534 956 624 1027 qualis
647 958 736 1027 qualis
754 957 847 1023 studii,
862 965 945 1012 testes
955 958 1043 1012 habeo
1064 956 1179 1012 Paulum
1196 957 1431 1021 bernriedensem,
1446 965 1473 1011 et
1485 956 1654 1026 Apologiam,
1674 965 1701 1011 ιι
1713 959 1742 1011 in

139 1040 172 1080 ac
184 1027 413 1094 comprehensuri·
430 1027 597 1082 Bernardum
616 1041 663 1082 seu
678 1026 842 1082 Beroaldum
853 1027 1092 1083 constantiensem
1113 1028 1311 1097 presbyterum.

156 1094 304 1159 Caeterum,
314 1096 364 1150 etsi
377 1111 410 1150 ex
421 1097 546 1151 Aventini
557 1097 672 1152 lectione
686 1096 850 1164 arbitrabar,
862 1096 1021 1153 Gerbobum
1033 1112 1081 1152 seu
1093 1096 1247 1153 Geroeiruru
1265 1096 1352 1151 Vitam
1365 1103 1392 1149 et
1403 1110 1447 1150 res
1473 1105 1546 1151 estas
1557 1093 1680 1165 Gregorii
1696 1094 1741 1150 llll

120 1181 152 1220 ex
170 1164 294 1234 professo
312 1165 338 1218 in
354 1165 460 1221 litteras
473 1166 598 1232 misisse:
612 1166 655 1221 vel
671 1165 832 1238 Apologiam
854 1168 963 1237 proprie
982 1181 1030 1237 pro
1052 1168 1112 1236 ipso
1134 1166 1266 1235 Gregorio
1288 1166 1420 1220 adversus
1446 1111 1520 1220 iflius
1541 1175 1742 1235 oppugnatores

121 1234 291 1298 instituisse;
312 1234 370 1289 viso
385 1244 474 1291 tamen
494 1238 553 1306 ipso
575 1246 698 1300 auctore,
712 1236 832 1305 comperi
849 1251 906 1291 rem
917 1251 998 1292 secus
1013 1252 1042 1291 se
1054 1236 1173 1303 habere;
1193 1246 1220 1289 et
1236 1238 1262 1289 in
1275 1236 1321 1290 illo
1335 1236 1473 1290 volumine
1492 1233 1617 1290 Gerocbo
1632 1236 1742 1288 irruenti·

121 1305 254 1386 gerionem
275 1304 434 1358 Antichristi
449 1306 586 1375 precipue
603 1306 772 1377 propositam
789 1305 894 1372 luisse3
920 1321 1001 1375 quem
1025 1306 1070 1360 ille
1085 1305 1216 1376 singulari
1240 1306 1357 1375 quadam
1381 1320 1431 1359 nee
1450 1305 1590 1374 probanda
1613 1305 1744 1374 opinione

120 1375 260 1438 inductus,
274 1375 414 1429 existimat
426 1391 480 1429 oon
494 1391 555 1431 esse
569 1391 655 1431 unum
669 1388 697 1432 et
711 1375 877 1446 singularem
893 1376 1033 1430 bominem
1052 1377 1103 1431 sub
1114 1376 1209 1430 mundi
1223 1375 1374 1430 clarrsularn
1389 1378 1571 1437 exoriturum,
1584 1375 1631 1429 sed
1647 1389 1743 1430 omues

120 1441 249 1498 Ecclesiae
262 1445 420 1499 orthodoxae
439 1455 640 1516 oppugnatores
655 1455 683 1501 et
696 1455 895 1516 persecutores,
910 1446 969 1501 sive
986 1446 1126 1512 ethnicos,
1152 1447 1209 1500 sive
1229 1445 1389 1509 hereticos,
1405 1445 1462 1498 sive
1486 1443 1686 1498 schismaticos.
1709 1442 1744 1498 Et

121 1514 186 1583 quia
205 1512 338 1568 ilenricus
352 1511 385 1566 ιι
401 1512 550 1569 Ecclesiam
562 1516 724 1585 gravissime
742 1515 891 1582 afflixerat,
907 1524 936 1570 ut
949 1525 977 1571 ιι
996 1516 1069 1570 lilius
1080 1515 1140 1586 ejus
1152 1514 1287 1570 Henricus
1302 1512 1452 1579 ll,creatis
1470 1513 1574 1582 aliquot
1594 1514 1742 1582 antipapis,

120 1595 151 1637 ιιι
163 1583 293 1651 Cadalno,
306 1582 447 1650 Guiberto,
480 1584 613 1651 Burdino,
626 1587 687 1640 ideo
701 1587 735 1640 de
756 1585 800 1642 his
820 1599 971 1655 eorumque
993 1585 1106 1641 nelariis
1131 1586 1208 1640 ausis
1226 1595 1253 1640 et
1272 1586 1341 1638 actis
1360 1582 1505 1638 Gerhobus
1529 1582 1657 1648 disserit,
1677 1581 1742 1651 quia

120 1655 264 1708 ostendere
279 1653 386 1708 volebat
396 1653 446 1708 hos
461 1662 516 1708 tam
530 1655 613 1725 impia
628 1665 655 1710 et
667 1655 802 1711 scelerata
819 1656 951 1710 adversus
966 1653 1040 1710 Petri
1055 1657 1147 1710 sedem
1163 1665 1190 1710 et
1210 1655 1390 1710 orthodoxam
1409 1653 1490 1707 lldem
1507 1667 1663 1723 aggressos,
1674 1651 1743 1708 satis

120 1736 258 1792 superque
270 1723 399 1793 implesse
417 1721 574 1795 Scripturas
587 1726 621 1780 de
635 1724 796 1781 antichristi
812 1726 982 1780 immanitate
991 1740 1023 1780 ac
1034 1724 1178 1796 tyrannide
1193 1725 1384 1779 vaticinantes.

156 1791 191 1845 Αι
204 1806 255 1848 nos
267 1795 369 1847 omissa
386 1792 437 1848 hac
450 1795 599 1863 paradoxia
611 1795 704 1865 (quam
718 1803 809 1850 tamen
821 1795 880 1865 ipse
889 1795 1035 1853 Gerbobus
1055 1795 1082 1849 in
1097 1794 1212 1863 epistola
1226 1792 1391 1849 dedicatoria
1403 1791 1436 1846 ad
1450 1789 1636 1846 Eberhardum
1649 1790 1741 1847 archi·

120 1862 279 1932 episcopum
293 1860 540 1933 salisburgensem,
554 1879 569 1919 a
583 1879 613 1920 se
628 1878 683 1918 non
694 1865 856 1934 definientis,
871 1866 919 1921 sed
931 1865 1090 1934 inquirentis
1106 1879 1183 1919 more
1194 1863 1309 1935 proponi
1320 1864 1413 1985 palam
1425 1861 1561 1932 affirmat),
1573 1862 1742 1931 accipiamus

120 1933 160 1997 id,
175 1931 248 1999 quod
267 1932 481 1987 uolrishistorico
495 1933 575 2003 stylo,
587 1934 819 2004 quemadmodum
838 1935 953 2004 ipsemet
967 1935 1100 2004 loquitur,
1117 1934 1151 1990 do
1165 1933 1289 1989 llerrricis
1305 1932 1316 1985 l
1353 1941 1381 1986 et
1397 1930 1429 1997 v,
1446 1940 1473 1986 ιι
1489 1932 1523 1986 de
1541 1930 1672 2001 Gregoro
1687 1929 1742 1998 llll,

120 2009 148 2057 et
165 2002 266 2072 rliquot
276 2003 339 2058 aliis
351 2005 582 2071 consequentibus
597 2002 771 2073 pontificibus
786 2006 947 2073 suppeditat

156 2069 223 2136 Quae
234 2086 267 2125 es
284 2087 366 2141 opere
377 2072 552 2127 Gerhulriauo
567 2073 702 2143 exscripta
718 2082 746 2127 et
764 2083 904 2143 excerpta,
924 2073 985 2140 tibi,
1005 2073 1106 2129 nobilts
1120 2082 1147 2128 et
1163 2071 1314 2127 clarissime
1333 2070 1442 2128 domiue
1454 2070 1560 2135 doctor,
1573 2067 1668 2135 olioro,
1687 2069 1744 2139 pri·

119 2155 196 2195 num
209 2150 239 2195 ut
251 2142 331 2198 iidem
344 2157 433 2196 meam
449 2143 573 2209 liberem,
588 2145 719 2208 secundo,
733 2153 763 2198 ιιι
776 2144 828 2198 ιιοι
843 2157 990 2198 commune
1001 2142 1161 2198 beoellcium
1179 2144 1206 2197 iu
1225 2142 1385 2212 Gregorium
1401 2139 1445 2194 ιιι
1458 2141 1573 2211 ejusque
1584 2139 1744 2195 defensores

121 2210 263 2277 collatum,
278 2212 313 2268 ad
329 2220 365 2276 te,
377 2219 508 2284 tanquam
526 2213 561 2269 ad
582 2214 684 2267 iontem
706 2219 734 2266 et
748 2213 893 2283 originem,
910 2213 1004 2268 redeat
1016 2223 1043 2267 ct
1062 2214 1141 2284 quasi
1165 2213 1272 2268 relluat.
1295 2211 1335 2266 Tu
1352 2213 1424 2267 enim
1446 2210 1616 2276 Gerhobum,
1641 2210 1744 2281 ubique

120 2282 253 2351 gentium,
275 2284 357 2336 etiam
378 2281 609 2354 Reiclrerspergae,
628 2281 729 2336 frustra
749 2298 765 2337 a
787 2283 920 2349 melicos
941 2298 1073 2364 perquam
1096 2284 1228 2348 studiose,
1247 2284 1405 2352 quaesitum,
1419 2296 1453 2336 ex
1477 2280 1589 2335 latebris
1611 2279 1742 2342 eduxisti,

120 2351 303 2421 eductumque
314 2352 382 2406 mibi
392 2353 420 2408 in
436 2368 535 2407 manus
545 2352 689 2408 tradidisti.
705 2350 764 2406 Νοιι
779 2353 862 2424 igitur
876 2361 982 2407 tantum
998 2362 1139 2424 ingratus,
1155 2354 1201 2408 scd
1219 2362 1246 2406 et
1257 2353 1371 2406 ouruino
1387 2349 1588 2406 inverecundus
1606 2364 1706 2417 essem,
1719 2349 1744 2404 si

121 2417 305 2476 Gerbobiairis
319 2424 445 2491 postibus
466 2424 550 2480 alium
571 2424 680 2478 titulum
703 2424 897 2492 appenderem,
915 2437 998 2492 quam
1018 2422 1122 2476 istum:
1141 2421 1173 2476 ι).
1195 2421 1418 2477 Cunrsroenonus
1438 2421 1590 2476 Genouous
1615 2434 1742 2474 senemr.

124 2487 228 2557 Tertio,
243 2492 296 2546 boe
309 2493 392 2547 veluti
407 2494 517 2561 publico
532 2495 690 2548 testimonio
700 2492 828 2548 omuibus
844 2501 972 2548 testatum
988 2490 1079 2548 iacere
1094 2492 1178 2558 velui,
1198 2502 1224 2546 te
1234 2493 1305 2547 inter
1316 2492 1492 2561 gravissimas
1516 2489 1674 2559 reipublice
1689 2488 1744 2542 Ba·

121 2560 221 2615 rariore
231 2563 436 2633 occupationes,
444 2566 545 2634 quibus
557 2564 678 2633 quotidie
688 2563 839 2628 distineris,
853 2577 916 2618 enm
927 2577 988 2618 esse
997 2564 1045 2632 qui
1059 2579 1074 2617 a
1085 2562 1267 2628 bibliothecis,
1277 2573 1304 2617 ιι
1314 2577 1376 2631 quaa
1388 2562 1415 2615 in
1428 2562 1462 2615 iis
1471 2561 1557 2614 latent
1566 2560 1745 2628 antiquorum

122 2633 309 2687 monumentis
332 2648 426 2687 curam
444 2645 471 2688 et
492 2634 672 2702 cogitatioues
686 2642 747 2687 tuas
763 2647 935 2703 nequaquam
951 2633 1083 2699 abducas,
1098 2634 1145 2688 sed
1165 2633 1192 2685 iu
1216 2631 1250 2685 iis
1266 2631 1465 2700 perlustrandis
1487 2628 1609 2684 sedulam
1629 2641 1744 2696 prorsus

121 2712 231 2768 operam
246 2717 343 2771 ponas,
356 2704 400 2757 cui
420 2713 467 2758 tuo
491 2704 519 2757 iu
539 2716 635 2757 omnes
654 2701 826 2771 antiquitatis
841 2702 981 2758 studiosos
999 2703 1097 2757 merito
1118 2701 1342 2772 depraedicando,
1360 2715 1404 2754 me
1424 2712 1550 2769 praecone
1575 2696 1645 2751 hand
1669 2708 1742 2778 eges,

121 2778 227 2839 utpote,
243 2773 291 2841 qui
309 2774 392 2827 nimis
407 2773 556 2829 indisertus
571 2774 640 2838 sim;
657 2786 791 2840 nemoque
807 2772 835 2827 ιιι
849 2773 922 2843 quod
939 2771 998 2840 jam
1019 2771 1077 2825 dixi
1093 2786 1157 2826 vero
1167 2784 1320 2826 consonare
1339 2770 1503 2824 luculentius
1517 2767 1681 2838 probaturus
1695 2775 1743 2833 sit,

121 2852 244 2964 ςιιιιιιθιιέιιι
260 2844 328 2911 ipse,
347 2843 458 2913 quaudo
475 2842 633 2897 Geronteon
646 2841 921 2912 herenenpergenee,
935 2849 983 2896 tua
996 2856 1062 2898 cura
1073 2842 1225 2906 inventum,
1241 2838 1316 2896 loras
1329 2839 1439 2910 prodire
1449 2840 1598 2908 multisque
1613 2839 1744 2906 prodesse

133 2925 148 2961 u
205 2927 238 2965 rs.

118 2924 129 2977 ¹
157 2975 261 3035 interea
275 2981 368 3052 accipe
382 2983 435 3038 hoc
455 2997 489 3037 ex
508 2989 555 3036 tuo
569 2980 698 3037 Gerbolro
711 2979 894 3052 lragmeutum
897 3019 953 3036 .....
967 2981 1004 3036 At
1022 2982 1080 3051 lam
1104 2978 1194 3036 uerbis
1217 2977 1409 3050 compendium
1433 2976 1516 3045 lacio,
1528 2985 1556 3032 et
1574 2975 1640 3032 illud
1660 2976 1744 3031 etiam

120 3058 204 3116 atque
216 3052 298 3105 eriam
311 3066 362 3107 oro
376 3053 477 3108 utboc
498 3067 567 3107 meae
586 3053 613 3106 in
630 3061 655 3106 te
676 3052 856 3108 observantie
875 3052 1066 3122 qualecunque
1089 3059 1279 3121 argumentum
1291 3059 1398 3122 gratum
1414 3049 1513 3111 habere
1528 3048 1605 3114 relis,
1616 3061 1669 3101 uon
1687 3058 1744 3101 tam

121 3119 245 3187 cogitans
256 3129 389 3191 quantum
400 3124 445 3189 sit,
458 3136 541 3194 quam
553 3137 569 3177 a
587 3130 690 3193 quanto
702 3124 795 3178 auimo
807 3122 1008 3191 prodeiscatur.

157 3190 325 3258 ingolstadr..
339 3192 373 3246 ιι
387 3191 554 3260 Decembris,
567 3206 641 3247 anuo
652 3190 841 3262 Redemptoris
857 3193 938 3248 totu.

602 3546 932 3650 'sinrderls
970 3553 1246 3649 GERHOHl

122 3775 263 3838 basma
273 3770 426 3836 Ecclesiae
439 3769 501 3834 sub
515 3769 665 3834 ilenricis
680 3770 722 3831 lv
732 3777 763 3833 ιι
776 3771 803 3830 V
814 3769 1128 3926 issppfflsctiffigorio
1142 3772 1201 3833 vll
1216 3770 1452 3852 nonnullisque
1469 3771 1746 3853 consequentibus

885 4015 981 4038 ἢ

554 4126 768 4224 lNSTRllCTlO
781 4163 851 4221 PRO
871 4162 1044 4234 SEQUENT!
1065 4162 1310 4221 sturnorum.

155 4309 235 4363 Libro
250 4325 259 4362 ι
272 4306 311 4363 oe
323 4306 531 4377 investigatione
541 4305 702 4363 Antichristi
713 4314 850 4373 comperet
872 4303 1007 4360 Gerholrtts
1024 4302 1173 4359 Ecclesiam
1193 4302 1240 4359 Dei
1260 4319 1320 4357 cem
1344 4305 1440 4374 templo
1454 4304 1608 4375 manufacto
1630 4302 1744 4358 israeli-

121 4380 183 4445 tico,
199 4378 269 4448 quod
281 4376 407 4432 Salomon
423 4379 582 4444 construxit,
593 4386 618 4430 et
632 4375 710 4445 haist
722 4383 912 4444 oppugnatores
925 4390 949 4429 et
963 4390 1094 4430 euersum
1109 4390 1169 4429 cum
1180 4374 1297 4428 hostibus
1321 4372 1464 4439 [desierim
1481 4383 1506 4427 et
1525 4387 1553 4428 ιιι
1569 4378 1695 4444 ternplum
1710 4374 1745 4427 il-

119 4449 167 4501 lad
180 4449 267 4502 aumas
280 4446 369 4502 clades
382 4448 415 4501 ab
425 4448 576 4518 infidelibus
589 4448 700 4517 accepit,
719 4447 760 4500 sie
775 4443 923 4500 ιισιιιιιιιιιι
933 4460 1036 4515 qaoque
1050 4442 1232 4499 Christianum
1245 4445 1278 4498 eb
1289 4443 1411 4510 ethnicis,
1423 4443 1555 4499 hereticis
1569 4454 1595 4498 ct
1615 4446 1744 4498 achinoa-

119 4520 178 4573 ticr'r
194 4518 378 4588 multipliciter
391 4527 569 4588 oppugnatam
579 4527 604 4572 ιι
618 4517 784 4588 exagitatam
796 4515 879 4585 [trisse
891 4515 977 4568 docet.
992 4514 1024 4580 Q.
1069 4530 1152 4571 cossa
1162 4525 1201 4570 est
1213 4530 1262 4568 eor
1277 4514 1359 4569 etium
1373 4514 1428 4569 hece
1438 4515 1470 4569 de
1485 4514 1636 4570 Solomonis
1648 4513 1744 4583 ternplo

118 4589 280 4658 capitohuic
291 4585 461 4659 Syntoguroti
475 4589 590 4642 intexere
604 4587 742 4643 noluerim.
1292 4592 1295 4595 '

368 4848 484 4907 CAPUT
512 4847 658 4904 Ριιιιιιιιι.
920 4846 1168 4918 gadhortantibus
1190 4845 1340 4916 prophetis,
1354 4861 1389 4900 ar
1408 4845 1564 4902 cubitorum
1591 4844 1746 4907 altitudinis

153 4967 191 5023 lle
223 4965 318 5037 templo
349 4964 513 5033 mausueta,
542 4961 643 5030 quoties
669 4967 726 5028 port
754 4958 868 5027 primam
956 4937 1169 4994 rwurflcassear
1182 4936 1225 5010 (ll
1246 4936 1327 4992 Eser.
1340 4952 1371 5003 u,
1383 4936 1424 5008 ιι,
1442 4937 1538 4994 dolens
1552 4938 1587 5005 is,
1602 4954 1684 5010 quem
1697 4940 1746 4996 de·

186 5037 389 5107 oedificotiorrem
406 5035 570 5088 destructum
582 5040 606 5085 et
622 5036 773 5099 reparatum
786 5027 831 5081 rit.
955 5030 1115 5095 scribimus,
1127 5026 1259 5095 Herodes,
1281 5027 1433 5084 altitudinis
1447 5028 1484 5097 ei,
1504 5031 1579 5100 quod
1598 5045 1646 5100 per
1663 5028 1745 5084 Salo·

152 5126 233 5184 Venit
250 5142 324 5183 nunc
345 5127 374 5180 in
397 5134 528 5189 mentem,
539 5121 613 5193 quod
627 5120 693 5175 olim
714 5119 789 5175 circa
810 5116 903 5189 templi
955 5133 1065 5174 monem
1084 5118 1175 5190 primo
1187 5126 1378 5176 constructum
1394 5119 1492 5187 luerat,
1508 5120 1626 5175 mediam
1638 5130 1745 5191 partem

116 5221 248 5278 fabricam
277 5217 455 5291 ierosolymis
482 5216 591 5272 accidit.
618 5212 739 5268 Herodes
766 5209 902 5277 funestus,
955 5210 1059 5278 deesse,
1072 5209 1107 5266 ad
1120 5210 1210 5267 solum
1223 5210 1295 5267 dirui
1309 5214 1455 5283 precepit:
1471 5212 1544 5284 quod
1558 5221 1586 5268 et
1605 5213 1634 5269 iu
1647 5213 1744 5283 pristi-

115 5312 369 5383 parvulorumnece
383 5318 527 5376 cruentus,
546 5306 665 5377 proprie
679 5304 773 5360 uxoris
788 5318 820 5358 ac
833 5301 904 5356 idio·
955 5318 1020 5359 uam
1041 5304 1094 5360 sub
1119 5302 1266 5361 Salomone
1289 5306 1450 5378 dispositam
1475 5305 1647 5385 altitudinem
1672 5305 1745 5361 inter

116 5418 178 5459 rum
191 5403 336 5472 parricida,
349 5403 525 5471 virorumque
537 5414 586 5469 per
597 5398 688 5452 omnia
700 5392 904 5468 sanguinarius,
955 5396 1040 5457 unius
1054 5396 1118 5452 anni
1139 5406 1166 5454 ιι
1176 5398 1298 5469 quinque
1312 5398 1449 5453 mensium
1471 5398 1591 5468 spatium
1607 5396 1745 5453 reforma·

115 5496 246 5566 templum
260 5494 350 5565 ipsum
373 5493 476 5551 olima
498 5490 646 5547 Salomone
670 5504 723 5544 cxx
747 5487 902 5543 cubitorum
955 5490 1150 5557 rir,arbitrans
1161 5489 1231 5547 lorte
1243 5490 1406 5561 obsequium
1418 5499 1583 5561 seprestare
1593 5488 1741 5558 ueo;imo,

113 5586 267 5645 altitudinis
281 5584 442 5643 fabricatum
455 5585 527 5657 (eum
544 5583 714 5638 destructum
733 5596 748 5635 a
767 5577 903 5634 chaldaria
954 5584 1027 5653 quod
1051 5592 1093 5640 est
1106 5584 1214 5650 verius,
1232 5598 1290 5640 suae
1313 5598 1392 5638 ranae
1412 5582 1559 5639 consulens
1574 5581 1678 5655 glorie,
1696 5597 1742 5638 ω.

115 5683 167 5738 sub
183 5681 299 5739 ducibus
313 5679 463 5738 zorobabel
478 5688 506 5736 et
520 5676 642 5744 Necmia,
657 5676 705 5733 lilii
723 5673 900 5747 captiuitatis,
956 5688 1010 5745 que
1025 5676 1106 5732 stulte
1121 5676 1268 5747 preferens
1284 5684 1440 5733 sauctorum
1459 5673 1551 5731 studio
1573 5672 1684 5731 Petrum
1710 5692 1743 5734 ae
