3892 6067
137 288 191 345 919
436 286 714 346 cosummatus
732 288 765 346 lli
786 286 955 346 PSllLllOS.
976 316 1011 330 -
1029 285 1119 343 PARS
1136 286 1172 343 X.
1191 316 1227 327 -·
1243 282 1341 341 Pseu.
1360 278 1462 338 citit,
1716 278 1769 333 bb‘u

137 402 228 474 (i’rul.
243 417 270 465 r,
284 400 323 469 6),
345 420 355 452 r
371 403 399 456 in
417 402 518 472 quibus
529 404 621 473 justus
635 416 663 460 ει
673 421 755 461 verax
769 402 926 469 invenieris,
941 407 965 465 Α
980 416 1051 456 mam
1065 399 1140 471 pueri
1153 397 1263 471 (liciti.
1277 414 1308 465 ιι,
1319 395 1376 467 etr).
1394 416 1403 449 r
1421 393 1496 450 Telis
1508 392 1630 447 inimicus
1644 390 1771 443 dumille-

136 504 201 551 cum
216 492 285 549 iacis
301 495 375 565 quod
385 496 533 565 promittis.
548 495 590 552 'in
608 497 717 553 vertiam
732 497 870 569 promittis
881 510 929 551 re·
979 494 1016 547 eit
1041 491 1068 545 in
1094 500 1193 545 terrum
1213 491 1293 544 eitum
1315 503 1415 550 ineam,
1429 487 1491 541 dico
1506 498 1556 554 ego
1575 498 1657 537 serus
1672 479 1769 546 Dorici,

106 604 108 607 ’
137 585 215 641 uiam
228 585 367 652 dantibus,
387 586 507 643 dicens:
532 589 711 657 immittite,
733 598 760 645 et
777 589 929 645 dimittetur
979 583 1043 654 quia
1066 590 1154 638 morte
1175 580 1333 652 turpissima
1351 579 1432 634 uitem
1457 592 1541 632 rneom
1556 571 1691 645 perimere
1712 580 1771 624 stu·

135 676 233 744 robis,
245 677 318 743 date,
327 686 355 733 ει
364 678 474 734 dabitur
484 680 562 736 robis
573 680 650 753 (Luc.
659 698 697 748 rr,
709 682 816 751 5238).
829 679 929 747 ›Quod
979 677 1049 743 doit,
1064 686 1091 732 et
1102 684 1196 747 postea
1214 673 1351 728 collocarit
1365 689 1405 726 nre
1418 671 1447 726 iu
1462 668 1592 732 obscuris,
1605 666 1632 720 in
1645 663 1770 731 sepulcre

137 767 277 837 promittis
291 768 372 838 exigo
395 769 424 821 in
446 778 493 823 tuo
511 770 632 839 justitia,
648 786 704 827 non
723 773 751 826 in
769 787 841 837 mea,
857 779 887 826 ut
900 778 928 825 tu
979 770 1115 835 videlicet,
1134 783 1188 823 non
1203 775 1343 821 mortuum
1362 762 1466 829 seculi,
1483 761 1548 832 quia
1565 757 1661 813 mortis
1680 756 1709 811 in
1727 770 1772 810 ure

135 857 298 928 justificeris
320 868 347 913 et
367 875 451 915 verax
471 860 621 917 inveniaris
633 862 661 916 in
675 863 850 918 sermonibus
862 862 926 919 tuis.
980 876 1091 916 causam
1115 860 1218 914 nuliam
1244 858 1335 918 liuirui,
1352 871 1400 926 per
1420 869 1503 925 qnam
1528 865 1616 906 essem
1637 847 1771 905 dicendus

141 947 199 1003 Tun
211 956 253 1004 est
264 950 386 1020 justitio,
399 965 459 1019 quae
473 965 522 1020 per
538 950 618 1007 iidem
630 962 682 1017 est,
694 968 750 1024 qua
769 953 860 1009 verbis
875 952 929 1008 tuiis
980 961 1106 1008 mortuus
1119 951 1225 1015 scente
1242 949 1290 1004 sed
1301 957 1391 1003 tamen
1403 946 1472 1021 sierrt
1486 951 1605 998 mortuus
1621 940 1713 995 roecrril
1729 952 1773 995 se·

138 1041 272 1097 creditur.
296 1039 374 1096 Unde
389 1041 472 1096 etiam
494 1042 615 1096 credenti
636 1042 930 1101 Armenianensis
981 1045 1119 1117 pulturam
1138 1042 1273 1109 sustinui,
1290 1048 1318 1095 et
1334 1048 1481 1109 antequam
1498 1036 1525 1090 in
1540 1048 1622 1090 eruce
1636 1031 1772 1089 traderem

139 1131 199 1201 ipsa
210 1130 277 1187 tides
289 1140 413 1201 reputata
424 1139 465 1186 est
475 1130 666 1200 adjustitiam
674 1131 794 1203 justitio,
804 1134 928 1206 inquam,
981 1135 1119 1207 spiritum,

139 1228 188 1273 tur
196 1219 307 1290 justitia
321 1219 383 1275 iidei
397 1219 455 1289 ipsa
469 1229 522 1287 est,
540 1223 567 1275 in
587 1237 642 1291 qua
662 1233 724 1292 peto
736 1224 871 1293 exaudiri,
886 1225 928 1281 di·
1019 1229 1100 1284 iens.
1119 1229 1145 1281 l.
1165 1228 1299 1281 drrxintrrs
1320 1238 1357 1280 ert
1379 1226 1406 1279 irr
1425 1239 1465 1278 mc
1484 1221 1596 1292 spiritus
1611 1234 1693 1282 orcus,
1708 1230 1784 1273 cum·

144 1323 207 1363 ⁵0⁰³
222 1323 229 1360 ²
243 1306 351 1362 1300111
367 1324 407 1361 ’01
429 1309 456 1363 111
471 1319 516 1364 ¹¹⁴⁰
533 1310 654 1380 ,11111111οι
668 1327 730 1383 (illae
752 1322 862 1370 11011001
882 1330 931 1386 1101·
981 1323 1068 1381 tristis
1077 1330 1151 1378 esset
1160 1321 1251 1377 anima
1264 1335 1322 1374 mea
1336 1332 1422 1388 usque
1434 1317 1467 1372 ad
1479 1323 1671 1383 mortemque
1682 1310 1774 1365 immi·

138 1397 667 1468 108011111110010001110051101110111,511
681 1406 855 1477 pergratiam
868 1407 928 1464 ndei
981 1422 1063 1470 nente
1078 1414 1105 1466 in
1122 1427 1162 1465 nre
1180 1409 1315 1464 turiurum
1331 1416 1369 1462 est
1389 1423 1435 1461 cor
1454 1420 1555 1471 meum,
1572 1401 1682 1474 quando
1701 1400 1772 1471 eoepi

142 1486 413 1544 1101111001100111111
425 1504 490 1544 vero
502 1489 635 1546 1001011101
648 1494 848 1562 quantumlibet
858 1506 931 1554 10010
982 1505 1080 1561 tedere
1090 1512 1117 1558 et
1128 1517 1225 1574 pavere
1236 1501 1292 1555 illio
1303 1514 1375 1566 meo,
1385 1497 1521 1567 discipulo
1532 1511 1593 1551 meo
1602 1494 1677 1549 reim
1687 1492 1782 1547 altero«
1831 1538 1841 1549 .

140 1587 325 1648 peractorum,
345 1578 368 1636 si
385 1580 508 1637 districte
521 1580 680 1653 judicentur
695 1592 724 1639 ει
739 1585 931 1641 examinentur
981 1593 1112 1650 Aienlone
1134 1609 1177 1648 me
1190 1604 1292 1663 patrem
1311 1596 1407 1649 terum
1424 1587 1508 1644 David
1524 1593 1714 1658 persequente,
1730 1592 1773 1638 at-

140 1670 293 1726 secundum
307 1670 405 1742 legem,
419 1686 474 1726 non
489 1672 580 1729 levant
602 1673 650 1730 sed
669 1683 783 1745 gravant
798 1677 930 1732 :undeet
982 1700 1035 1755 qne
1057 1699 1102 1740 me
1113 1685 1190 1755 justo
1209 1697 1259 1752 pro
1285 1680 1395 1751 irridetis
1417 1679 1534 1736 libenter
1559 1678 1617 1732 lraec
1642 1674 1770 1745 patiente.

139 1776 239 1833 states
259 1771 338 1816 eraut
358 1777 457 1818 nanus
475 1761 562 1835 110ιεί
583 1764 670 1834 lesem
689 1764 790 1822 dantis.
812 1764 846 1822 Et
869 1766 930 1823 ideo
945 1752 967 1807 Β
981 1775 1104 1842 Quorum
1125 1774 1239 1845 quilibet
1261 1772 1328 1826 nim
1347 1770 1516 1841 comperiens
1530 1777 1557 1823 er
1570 1767 1788 1837 conqmunos,

140 1861 259 1923 1101οι01
980 1865 1054 1922 dicat
1076 1880 1126 1934 pro
1139 1878 1169 1918 sc
1190 1862 1217 1917 in
1238 1860 1351 1918 veritate
1365 1873 1565 1930 recognoscens
1580 1857 1662 1927 juste,
1679 1863 1787 1926 utpote·

178 1943 261 2001 iens.
275 1945 303 2000 2.
325 1945 387 2001 Non
405 1949 487 2003 intres
506 1949 534 2002 in
550 1949 683 2019 judicium
703 1967 762 2005 curn
781 1967 853 2007 serre
874 1960 930 2019 tue,
981 1955 1114 2026 injustum
1130 1970 1159 2009 se
1176 1952 1323 2018 sustinere,
1345 1951 1418 2022 quod
1432 1949 1585 2022 egojustus
1597 1963 1647 2019 pro
1661 1947 1783 2017 injustis

142 2050 194 2091 nec
208 2034 237 2090 in
249 2034 293 2093 liis
305 2036 422 2104 artibus,
438 2038 581 2108 inquibus
598 2039 646 2096 tibi
665 2042 779 2110 seruire,
802 2049 850 2097 aut
873 2056 932 2097 ser·
980 2046 1056 2103 uolui
1070 2046 1222 2111 sustinere;
1242 2044 1324 2109 diret,
1340 2043 1463 2114 inquam,
1480 2056 1531 2113 pro
1549 2055 1589 2104 se,
1603 2040 1666 2111 quia
1681 2038 1773 2095 inimi.-

141 2126 228 2184 viisse
248 2128 351 2184 videor.
366 2127 436 2184 Nolo
447 2130 532 2185 multa
544 2129 701 2187 tortitudine
711 2121 860 2190 contendas
874 2149 933 2189 me·
985 2154 1031 2192 rus
1053 2135 1180 2192 diabulus
1202 2135 1245 2190 vei
1270 2135 1428 2205 quicunque
1449 2131 1547 2187 similis
1569 2129 1679 2193 llerodi,
1698 2129 1772 2185 besti

141 2232 206 2273 curn
231 2218 258 2273 in
280 2219 386 2290 judicio
406 2221 532 2278 districto
547 2228 678 2293 tanquam
698 2239 761 2280 eum
775 2224 931 2280 adversario
981 2239 1086 2299 aperto,
1104 2227 1144 2282 rel
1159 2224 1236 2281 iudae
1248 2225 1305 2281 sire
1318 2223 1454 2288 tiemone,
1469 2223 1539 2278 hosti
1555 2219 1717 2285 domestico,
1728 2221 1772 2276 rel

143 2318 203 2376 100,
225 2309 289 2380 duit
311 2311 359 2380 qui
382 2326 460 2366 suam
475 2311 609 2382 justitiam
629 2315 725 2370 statuit
739 2314 819 2385 quasi
833 2315 932 2370 virtute
981 2320 1064 2375 etiam
1083 2321 1141 2391 ipse
1156 2334 1233 2375 meus
1248 2317 1368 2373 exterior
1381 2316 1475 2382 bomo,
1490 2321 1692 2386 persecutorem
1710 2312 1771 2366 oni·

142 2413 194 2454 sua
208 2399 310 2470 aliquid
322 2398 426 2467 iecerit,
438 2415 502 2456 vere
513 2416 609 2458 servus
623 2412 686 2459 tuus
698 2404 751 2459 dici
764 2419 819 2459 non
832 2411 930 2474 potest,
983 2427 1053 2466 marn
1069 2428 1163 2479 neam,
1187 2419 1218 2465 ut
1240 2409 1292 2480 ipsi
1314 2409 1411 2463 enimn
1432 2420 1501 2462 niem
1522 2404 1629 2460 tolleret
1651 2404 1770 2459 animam

140 2490 208 2562 qnia
224 2494 359 2563 superbus
378 2494 485 2550 bostem
500 2510 581 2550 snum
595 2480 712 2551 aesalon
723 2510 777 2552 non
793 2494 871 2567 logii,
885 2495 932 2551 501
982 2516 1072 2567 suam,
1084 2501 1166 2555 uitem
1177 2515 1266 2564 suam,
1279 2513 1340 2569 qnae
1353 2496 1427 2552 Deus
1439 2504 1491 2561 est,
1507 2510 1569 2566 quic
1582 2494 1704 2550 charitas
1717 2502 1771 2561 est,

142 2584 241 2651 nubit,
255 2585 321 2640 dum
337 2585 389 2641 sibi
413 2601 492 2642 suam
507 2578 642 2655 justitiam
657 2587 791 2642 attribuit.
812 2585 869 2658 Ego
883 2602 933 2642 au·
982 2608 1044 2665 quse
1060 2596 1115 2647 uite
1129 2601 1172 2648 est
1186 2592 1285 2648 anime
1300 2605 1377 2657 ιιιειε,
1393 2590 1466 2645 sieut
1481 2588 1571 2643 anima
1587 2588 1645 2659 ipsa
1662 2587 1715 2642 vita
1730 2595 1773 2644 est

142 2675 272 2746 1111111111
286 2691 341 2733 000
357 2691 418 2732 01110
442 2677 541 2749 dignus
563 2679 657 2733 100011
672 2678 744 2735 111100
759 2687 835 2744 litus,
851 2677 932 2749 cupio
969 2678 1073 2741 carnis
1086 2700 1162 2739 rneae.
1176 2682 1263 2751 eram
1277 2683 1340 2737 lieet
1352 2682 1460 2752 penitus
1473 2681 1598 2736 occidere
1610 2694 1664 2734 non
1677 2687 1772 2749 potne-

141 2765 198 2821 diei
212 2775 240 2821 et
252 2782 313 2823 εεεε
327 2784 415 2823 rerum
431 2779 503 2835 turre,
515 2770 562 2839 qui
574 2769 635 2824 dico
649 2786 656 2822 :
674 2767 736 2823 Non
750 2770 832 2824 intres
845 2770 873 2823 in
885 2770 933 2839 ju·
983 2775 1019 2830 rit
1030 2775 1230 2846 exstinguendo
1245 2773 1272 2828 in
1292 2789 1324 2828 ea
1339 2772 1500 2828 charitatem
1516 2769 1558 2824 rel
1573 2768 1732 2839 inspirando
1746 2770 1773 2824 ei

142 2857 243 2911 dicium
251 2874 311 2912 cum
321 2875 395 2915 seruc
409 2870 464 2926 tuo,
479 2861 543 2931 quio
560 2876 612 2915 uon
620 2860 814 2933 justificabitur
825 2860 853 2914 in
869 2876 932 2914 cerr·
983 2868 1088 2933 odium,
1106 2866 1179 2936 quod
1193 2873 1235 2921 est
1250 2880 1324 2920 mors
1340 2865 1453 2927 animam
1473 2871 1564 2919 tamen
1577 2860 1727 2917 ltuuriliueit
1744 2864 1773 2917 nr

142 2957 235 3019 spectu
245 2959 290 3006 tue
301 2953 386 3007 omnir
397 2953 494 3011 cicens.
505 2952 567 3009 ldco
577 2962 676 3010 recten
689 2952 816 3025 Sapiente
829 2954 932 3010 dictum
984 2967 1055 3014 remu
1068 2959 1150 3012 uitam
1168 2972 1263 3021 meum,
1281 2956 1347 3011 dum
1362 2955 1403 3010 rel
1419 2952 1547 3009 auterens
1562 2963 1671 3011 terrena
1688 2952 1771 3017 bona,

127 3048 208 3099 est:
227 3061 237 3095 r
257 3041 297 3099 Nc
313 3044 408 3101 laudes
427 3046 565 3105 bominem
584 3047 610 3101 in
633 3046 688 3102 vita
710 3062 760 3102 sua
779 3045 874 3117 (Ereti.
892 3061 931 3111 rr,
983 3046 1025 3101 rel
1041 3044 1131 3101 lenens
1146 3053 1252 3100 terrena
1269 3044 1350 3108 mala,
1369 3042 1433 3097 iecit
1447 3056 1490 3095 me
1507 3040 1622 3106 turbari,
1636 3048 1663 3095 ει
1677 3039 1712 3094 ab
1726 3039 1772 3095 iila

142 3132 185 3203 ig
205 3153 215 3185 r
231 3142 359 3204 tanquam
373 3135 396 3190 si
410 3135 483 3191 dicat
498 3154 505 3190 ι
520 3135 614 3191 banda
629 3145 820 3208 postmortem
836 3137 877 3191 rel
890 3135 933 3190 vi·
983 3137 1126 3195 charitatis
1139 3151 1202 3192 aree
1217 3134 1358 3191 humiliari
1369 3144 1397 3189 ει
1411 3133 1629 3203 incurvarique
1645 3132 1773 3187 decrero·-

144 3234 212 3291 tam,
228 3224 349 3296 gloritica
370 3234 433 3297 post
446 3237 665 3283 consummatam
687 3228 843 3284 victoriam.
863 3226 932 3284 Nam
982 3245 1041 3285 ram
1058 3243 1165 3299 semper
1179 3243 1289 3283 sursum
1304 3241 1353 3282 cor
1367 3225 1468 3281 babere
1482 3224 1508 3279 in
1523 3224 1655 3281 eliaritatc
1668 3232 1773 3278 verset

143 3317 266 3387 qnandiu
283 3316 351 3373 risit
370 3317 453 3374 bomo
476 3318 504 3373 in
521 3334 604 3375 carne
617 3320 737 3386 mortali,
755 3336 810 3376 non
834 3321 933 3376 desunt
983 3323 1101 3387 sincera,
1119 3320 1238 3391 patiente
1263 3327 1290 3373 et
1318 3317 1434 3389 benigna
1457 3335 1464 3373 ε
1487 3316 1606 3387 patiente
1630 3316 1657 3370 in
1676 3315 1775 3372 alienis

143 3408 276 3478 pericula,
298 3422 353 3463 non
376 3408 476 3465 desunt
497 3409 585 3474 bella,
606 3424 662 3465 non
682 3410 771 3465 solum
796 3408 933 3466 iorinseta
983 3398 1062 3469 malis
1085 3410 1253 3476 tolerandis3
1268 3409 1383 3478 benigna
1400 3408 1428 3463 in
1444 3409 1503 3464 suis
1522 3408 1601 3463 bonis
1616 3407 1772 3477 erogandis.

144 3499 195 3556 scd
208 3508 235 3556 ει
252 3499 411 3556 intrinseca.
427 3516 438 3551 r
456 3498 656 3571 Forispugnar,
669 3501 744 3556 bitus
760 3501 872 3556 timores
888 3498 932 3571 (ll
983 3502 1071 3574 liujus
1089 3501 1232 3558 clraritatis
1244 3500 1326 3556 oculo
1342 3499 1461 3571 simplici
1473 3509 1502 3554 et
1514 3513 1612 3555 sereno
1625 3514 1657 3554 ac
1669 3497 1772 3563 lucido,

144 3591 341 3662 consmilis
358 3594 395 3648 ait
407 3593 565 3664 Apostolus,
583 3602 675 3664 utpote
692 3593 807 3650 necdum
820 3609 933 3649 securus
983 3595 1031 3666 qui
1047 3603 1132 3651 totum
1150 3608 1252 3665 corpus
1273 3592 1420 3659 illuminat,
1433 3591 1507 3648 volui
1525 3591 1629 3647 amicos
1642 3598 1669 3646 et
1682 3589 1775 3644 inimi·

144 3681 179 3738 de
194 3697 225 3739 se
244 3681 335 3738 adbuc
349 3681 466 3737 virente.
490 3680 558 3738 Nam
579 3690 607 3738 ει
631 3683 714 3737 ιΙΙιιιιι
729 3697 796 3739 ειιιιε
817 3681 933 3737 nlenten
983 3700 1031 3741 cos
1043 3685 1143 3742 intueri
1157 3685 1274 3756 diligens
1284 3685 1346 3739 illos
1359 3684 1386 3739 in
1401 3681 1466 3743 Deo,
1478 3684 1546 3738 istos
1556 3691 1665 3753 propter
1676 3679 1771 3736 licum.

144 3775 369 3846 persequebatur,
388 3775 498 3850 quaudo
521 3791 571 3846 per
590 3775 804 3845 magnitudinem
829 3776 933 3830 reveta-
984 3776 1038 3833 Sed
1054 3776 1182 3833 inimicus
1200 3791 1367 3847 persequens
1381 3775 1435 3831 boc
1448 3775 1557 3830 oculum
1572 3775 1707 3830 turbando
1719 3773 1774 3827 eel-

145 3867 253 3923 tionum
273 3867 471 3937 perurgebatur
484 3866 518 3922 ad
540 3867 726 3922 extollentiam
741 3882 812 3936 que,
827 3882 878 3921 nec
894 3866 933 3921 illi
983 3869 1078 3924 locauit
1092 3884 1132 3923 me
1151 3869 1179 3922 irr
1200 3867 1329 3934 oireurr'r,
1347 3881 1402 3921 non
1421 3874 1511 3921 ιειιιειι
1527 3882 1559 3921 ex
1575 3875 1632 3922 toto
1646 3865 1673 3919 in
1696 3873 1773 3919 tene·

144 3958 290 4025 accideret,
302 3973 349 4029 per
361 3958 488 4029 angelum
504 3956 612 4013 Saunae
623 3957 821 4026 colaphizatus,
834 3964 861 4011 et
874 3970 934 4011 tan·
983 3959 1052 4027 bris,
1063 3960 1128 4031 qnia
1144 3978 1154 4011 ι
1171 3959 1218 4029 qui
1233 3958 1291 4014 odit
1307 3957 1419 4014 tratrem
1436 3974 1528 4023 suum,
1548 3959 1574 4012 in
1594 3956 1713 4013 tenebris
1732 3966 1775 4011 cst

144 4066 230 4122 quam
245 4065 261 4106 a
276 4064 327 4105 sno
341 4048 474 4104 stratone
487 4050 629 4116 liberatus,
647 4048 715 4103 nilril
730 4048 794 4104 boni
810 4063 866 4103 suae
879 4048 934 4101 vir·
984 4051 1010 4124 ll
1024 4050 1104 4107 loon.
1120 4069 1149 4118 u,
1167 4051 1222 4120 ll).
1244 4068 1253 4100 ι
1269 4047 1322 4116 Qut
1338 4057 1429 4104 autem
1446 4064 1497 4104 nec
1511 4047 1630 4118 perlecto
1643 4047 1710 4113 odit,
1723 4063 1775 4102 nee

144 4143 198 4200 tuti
211 4141 373 4207 attribuens,
387 4149 485 4208 totum,
500 4140 572 4211 quod
584 4139 650 4196 boni
662 4140 766 4204 babuit,
780 4139 874 4211 gratie
885 4138 933 4193 liei
983 4139 1102 4212 perfecte
1126 4140 1224 4210 diligit,
1247 4140 1276 4193 in
1298 4138 1414 4193 obscuris
1443 4147 1495 4205 est,
1520 4152 1570 4193 nee
1594 4146 1637 4192 est
1660 4138 1790 4191 omniuo,

144 4234 305 4305 adscripsit,
318 4234 414 4289 dicens
429 4249 437 4288 z
454 4251 463 4284 r
482 4231 576 4288 Gratia
592 4232 638 4288 bei
655 4248 715 4289 sum
730 4232 768 4294 id,
784 4231 856 4302 quod
871 4246 933 4286 sum
984 4243 1104 4288 mortuus
1117 4232 1210 4289 seculi
1224 4246 1321 4291 careus
1335 4232 1443 4301 penitus
1456 4231 1510 4286 vita
1524 4230 1651 4301 spiritali,
1666 4230 1713 4285 sed
1731 4239 1777 4285 εει

144 4323 175 4397 (1
192 4324 255 4382 Cor.
274 4340 319 4391 rr,
337 4322 392 4395 tu).
405 4321 791 4393 ›Quodergodenresentim
804 4321 933 4391 idipsum
984 4324 1078 4394 utique
1090 4324 1157 4378 sicut
1177 4333 1295 4377 mortuus
1310 4321 1411 4387 seculi,
1428 4330 1556 4392 tauquam
1568 4322 1595 4375 in
1613 4321 1711 4376 extasi.

144 4417 181 4473 do
194 4415 270 4472 omni
283 4414 391 4470 vivente
406 4413 598 4471 universaliter
610 4414 725 4470 enuntio
738 4430 745 4465 τ
759 4413 824 4485 quio
838 4412 933 4469 rideli-
947 4410 971 4468 b
1020 4414 1094 4472 Talis
1106 4430 1157 4487 ego
1171 4413 1256 4469 Dauid
1268 4412 1306 4469 iui
1321 4420 1500 4484 persequente
1513 4427 1556 4467 me
1565 4411 1697 4467 distrione
1708 4411 1775 4482 jun·

145 4516 190 4565 εει
202 4521 254 4561 non
262 4504 458 4577 justificabitur
471 4505 501 4558 in
521 4514 660 4575 conspecte
675 4514 731 4571 tuo,
750 4502 833 4572 Deus,
849 4505 934 4562 omnis
986 4516 1030 4564 cte
1044 4506 1095 4563 sibi
1108 4506 1236 4563 uniuerso
1252 4521 1322 4577 pene
1336 4503 1445 4561 israele.
1459 4502 1535 4561 Talis
1546 4514 1573 4560 et
1586 4519 1637 4577 ego
1649 4514 1774 4574 peccator

145 4598 243 4666 vium,
262 4597 369 4653 etiamsi
386 4595 563 4667 sibimetipsis
584 4596 627 4653 rel
648 4597 754 4654 muris
778 4596 935 4654 bominibus
985 4598 1072 4655 ruinis
1091 4597 1226 4669 peccatori
1245 4607 1273 4655 et
1295 4596 1439 4669 penitenti
1459 4594 1715 4658 barid'eonsimilts
1734 4593 1775 4653 tui

143 4688 237 4759 justus
251 4687 387 4753 rideatur,
399 4686 465 4757 quia
484 4700 535 4742 nec
549 4694 622 4742 astra
637 4686 698 4743 eoeli
714 4686 815 4742 munda
828 4694 894 4750 sunt
907 4687 934 4742 in
985 4690 1112 4748 hostibus
1125 4690 1209 4746 rariis
1222 4705 1266 4745 me
1277 4688 1514 4762 persequentibus,
1525 4688 1597 4745 eturl
1612 4688 1705 4744 odium
1719 4685 1775 4743 irn-

146 4778 296 4848 conspectu
319 4784 368 4833 tuo
383 4777 424 4831 tui
448 4774 663 4846 comparatione,
677 4776 741 4832 licet
761 4777 886 4847 quedam
900 4791 936 4833 ex
986 4790 1093 4838 ternum
1118 4797 1163 4838 me
1186 4781 1359 4853 pellentibus.
1377 4777 1455 4846 Quod
1478 4794 1552 4836 nuuc
1574 4793 1790 4851 recognoscens.

146 4868 202 4924 iliis
217 4876 270 4924 tuae
291 4866 431 4923 munditiae
453 4866 662 4937 participatione
682 4867 782 4924 munda
797 4867 840 4922 rel
854 4883 936 4922 mnn-
985 4874 1101 4929 niminm
1116 4873 1275 4938 contristor,
1290 4880 1317 4926 et
1331 4872 1508 4926 arciatrum
1522 4886 1650 4942 superare
1663 4870 1785 4933 enidrus.

129 4960 212 5017 'data
229 4960 296 5016 sint.
322 4957 440 5015 Proinde
464 4973 519 5014 non
540 4956 641 5012 mirum
664 4958 738 5027 quod
758 4972 809 5028 ego
829 4956 935 5029 fragilis
986 4981 1067 5020 nuuc.
1081 4963 1158 5030 Quod
1173 4963 1235 5019 di'co
1245 4978 1382 5033 superma,
1394 4962 1464 5019 idem
1480 4971 1522 5019 est
1535 4977 1567 5018 ae
1582 4961 1605 5020 si
1620 4961 1709 5018 dicam
1721 4978 1729 5015 τ
1740 4960 1774 5017 de

146 5050 236 5107 Dauid
256 5064 373 5123 pavesco
391 5049 525 5119 judicium
541 5057 630 5117 tuum,
647 5047 720 5105 Deus
739 5048 823 5118 juste,
839 5057 935 5105 contra
987 5073 1037 5122 rare,
1049 5055 1114 5125 qnia
1130 5054 1213 5110 totius
1236 5053 1384 5111 anxietatis
1408 5055 1576 5126 perturbatio
1598 5054 1631 5109 de
1650 5070 1690 5108 me
1705 5053 1774 5108 milri

146 5158 230 5213 quem
242 5144 265 5199 si
277 5145 398 5199 nolueris
408 5140 573 5200 contendere
582 5141 759 5213 judicialiter,
774 5157 829 5197 non
840 5151 935 5213 potero
986 5154 1037 5212 est,
1052 5145 1095 5200 rel
1105 5161 1183 5215 super
1195 5161 1235 5199 me
1248 5145 1358 5216 spiritua
1370 5162 1441 5201 meus
1454 5154 1584 5202 extensus
1595 5145 1623 5199 in
1637 5143 1733 5208 altum,
1747 5153 1784 5199 et¹

148 5242 223 5294 stare
241 5245 336 5292 eontra
351 5244 391 5301 te,
409 5242 502 5304 utpote
523 5232 648 5289 infirmus
661 5242 689 5289 ει
701 5232 796 5289 multis
809 5248 936 5305 perseeu-
986 5237 1049 5293 inde
1063 5235 1214 5308 profundas
1238 5237 1333 5293 mundi
1353 5237 1436 5306 hujus
1458 5237 1583 5292 miserias
1606 5235 1784 5307 prospiciens

150 5325 273 5383 tionibus
290 5336 373 5385 atoue
393 5326 590 5384 tentationibus
613 5325 741 5397 fatigatus
761 5332 789 5379 et
811 5325 936 5381 debilite-
985 5330 1113 5384 ancletus
1126 5338 1164 5383 est
1179 5328 1207 5383 in
1222 5344 1276 5395 me,
1292 5330 1334 5383 rel
1347 5345 1425 5397 seper
1438 5343 1478 5383 me
1493 5327 1551 5397 ipso
1564 5328 1675 5396 spiritur
1689 5341 1772 5381 meur.

150 5429 195 5473 1111
212 5434 220 5471 :
985 5421 1024 5477 Dc
1034 5422 1080 5477 tati
1094 5422 1229 5476 anxietate
1241 5420 1366 5492 provenit
1377 5420 1443 5474 mibi
1456 5419 1555 5489 aliquis
1569 5417 1674 5475 fructus
1688 5419 1781 5490 pereni.

186 5505 268 5564 Veris.
282 5509 310 5564 3.
327 5508 398 5576 Quia
413 5517 564 5578 persecutus
580 5516 619 5562 est
636 5507 770 5576 inimicus,
783 5516 894 5578 apertus
906 5518 936 5566 ut
986 5511 1088 5576 tentiae,
1102 5526 1156 5582 qua
1172 5511 1200 5564 irr
1214 5526 1255 5565 nte
1270 5509 1404 5563 turbatum
1419 5519 1456 5563 eet
1468 5524 1619 5563 cormeum.
1632 5507 1666 5562 lrr
1681 5524 1731 5575 me,
1746 5507 1772 5564 ld

148 5601 281 5669 ilerorles,
290 5600 729 5659 reloccultusutludastnnr'runm
738 5603 937 5674 rreumdcquie
986 5611 1027 5659 est
1037 5611 1132 5658 corrtra
1148 5601 1339 5657 uictoriarum
1350 5608 1389 5656 ert
1398 5616 1443 5655 cer
1455 5616 1549 5668 meum,
1561 5601 1625 5672 quia
1640 5601 1775 5658 mibimet·

148 5696 203 5752 bus
217 5692 319 5750 dietum
334 5704 376 5752 eet
392 5713 398 5750 ;
413 5713 423 5747 r
441 5692 540 5751 liortui
560 5704 626 5751 sunt
640 5695 685 5767 qni
705 5694 861 5766 quaerebant
876 5695 935 5750 uni·
987 5694 1037 5766 ipsi
1055 5692 1174 5765 graviter
1188 5692 1330 5751 irascendo
1345 5691 1479 5748 turbatum
1489 5700 1527 5750 est
1538 5709 1583 5750 ror
1595 5709 1688 5750 rreum.
1702 5690 1777 5761 euin
