3892 6067
136 229 193 288 tta

427 222 704 283 cannabinittbtt
724 224 757 279 tri
774 222 945 302 isannes.
962 250 998 267 -r
1014 224 1105 283 PARS
1131 225 1186 284 itt.
1207 259 1242 271 ·—
1259 227 1357 287 PSAL.
1378 229 1482 288 tntu.

1723 236 1775 293 bid

132 347 269 421 jubeatur
282 354 331 401 aut
344 343 527 415 permittatur,
541 342 637 400 ordine
648 341 840 400 decentissimo
851 344 934 399 etiam
947 352 972 410 Λ
986 343 1031 400 his
1045 344 1132 417 magis
1147 345 1299 402 abundaret
1313 347 1437 404 serenus
1450 346 1630 419 daemonibus,
1649 365 1701 423 eqo
1714 362 1775 410 tar·

133 440 166 496 in
179 438 268 495 rebus
279 435 382 493 intimis
395 435 554 506 conspicuo.
577 434 646 501 Quis
664 435 737 491 enim
759 434 853 492 lenum
872 434 933 504 apri

134 529 282 596 sicrestit,
295 536 327 584 ut
347 542 399 584 uec
418 525 549 583 Salomon
568 527 597 582 in
618 527 792 600 omnigloria
815 542 865 584 sua
889 520 928 583 ita

132 622 257 678 restitus
269 627 318 675 aut
328 626 475 690 coopertus
487 616 581 686 luerit,
598 620 651 676 nisi
670 618 747 690 ipse‘.l
767 618 932 685 Quinetiam

134 711 235 781 spinas
250 716 278 765 et
292 707 412 764 tribulos
422 708 458 763 de
477 716 550 763 terra
565 717 677 780 propter
689 719 831 780 peccatum
850 711 931 781 primi
984 752 991 768 .

133 799 263 857 bominis
276 799 421 856 maledicta
436 799 585 871 germinari
608 799 682 867 lacit,
697 800 750 855 nisi
767 801 842 870 lpsel
863 798 932 868 Quis

132 895 185 948 dat
200 891 273 964 pallo
294 891 438 948 scientiam
451 890 485 947 ad
501 892 709 963 distinguendas
722 893 805 949 lroras
827 893 928 962 noctis,

134 983 194 1039 ruisi
209 983 289 1054 ipse?
301 980 370 1050 Quis
383 982 502 1054 denique
516 984 621 1050 omunia,
643 985 786 1055 quatiunt
805 985 832 1041 in
848 986 932 1042 rebus

135 1074 252 1141 creatis,
274 1073 426 1146 dispensat,
452 1074 506 1130 nisi
529 1073 645 1131 Creator
663 1075 738 1146 ipse?
763 1073 815 1143 Qui
830 1076 855 1132 si
869 1091 899 1133 se
916 1093 932 1133 a

135 1164 224 1221 rebus
236 1164 338 1224 creatis
353 1163 466 1221 omniuo
482 1163 666 1233 subtraheret,
693 1164 784 1221 omnis
806 1175 932 1222 creatura

135 1256 167 1311 in
184 1257 304 1312 nibilum
318 1256 428 1324 rediret,
440 1258 505 1329 quia
520 1258 554 1314 de
568 1257 654 1313 nibilo
667 1256 739 1314 iacta
754 1258 813 1315 sine
828 1256 933 1316 lactore

136 1363 192 1404 suo
210 1347 362 1404 subsistere
374 1361 428 1402 uon
444 1356 546 1418 posset.
571 1346 631 1402 Non
645 1348 718 1403 enirn
732 1348 805 1404 Deus
817 1350 854 1405 ita
868 1347 933 1406 lecit

135 1447 295 1496 creaturam
311 1440 383 1499 sicut
398 1437 496 1495 artifex
510 1454 615 1495 arcam.
628 1438 697 1496 Nam
710 1441 868 1497 discedente
886 1457 934 1499 ar·

136 1528 212 1587 ntiae
229 1543 285 1584 non
298 1537 409 1600 propter
422 1529 482 1599 eius
493 1529 644 1586 discessum
660 1530 761 1585 desiuit
774 1545 835 1587 esse
850 1545 930 1599 arca;

136 1621 197 1679 neo
212 1637 279 1678 rcro
289 1620 395 1678 artidce
406 1636 438 1679 ac
452 1619 616 1683 fabricatore
632 1622 756 1677 omnium
781 1637 811 1678 se
833 1623 932 1678 abscu-

137 1722 227 1781 tante,
242 1712 311 1768 nibil
326 1712 450 1769 omnium
470 1712 591 1771 inrebus
603 1727 692 1784 perse
706 1713 855 1775 subsistere
871 1728 933 1783 pos·
948 1700 970 1757 Β

136 1814 192 1873 set,
213 1805 286 1861 sicut
302 1803 362 1860 dies
376 1819 431 1860 non
447 1803 582 1870 subsistit,
596 1803 707 1874 quaudo
728 1804 780 1869 sul,
802 1804 849 1874 qui
872 1818 932 1859 earn

136 1913 191 1955 sua
206 1896 354 1969 presentia
371 1893 448 1963 lacit,
463 1909 493 1951 sc
508 1894 654 1952 subtrabit.
675 1891 759 1949 llulto
777 1894 864 1965 magis
881 1893 934 1949 hoc

136 1988 174 2044 de
196 1987 264 2044 sulae
283 1974 398 2059 justitiae
421 1985 594 2042 sentiendum
622 1994 674 2052 est,
693 1985 804 2057 quando
819 1985 877 2041 sola
891 1984 932 2040 sui

137 2079 258 2151 spiritali
270 2079 415 2151 praeseutia
428 2088 539 2136 creatur
553 2078 582 2133 in
596 2078 756 2145 bominibus
767 2076 885 2147 justitia,
906 2084 934 2131 et

136 2188 173 2228 eo
188 2173 333 2229 subtracto
350 2187 382 2229 ac
402 2181 513 2242 propter
536 2171 686 2240 injustitias
712 2171 855 2226 absentato
878 2183 934 2223 nox

135 2265 248 2321 accedit
260 2265 288 2320 in
298 2266 422 2335 justitia,
440 2271 534 2334 utpote
557 2263 701 2319 absentato
723 2259 786 2316 Sole
807 2260 932 2330 justitian,

983 433 1064 494 batus
1077 436 1114 490 ita
1128 436 1194 503 dixi,
1212 436 1265 493 boc
1277 437 1350 509 apud
1366 453 1411 494 me
1422 439 1551 510 cogitari.

1019 569 1102 627 Vens.
1116 571 1150 626 ta
1163 581 1191 627 et
1205 572 1248 627 li.
1276 570 1348 644 Erpo
1373 574 1430 629 sine
1458 590 1540 628 causo
1563 574 1773 645 justificaricor

983 677 1093 717 menna:
1110 672 1135 717 et
1154 661 1206 717 loni
1227 663 1297 717 inter
1312 664 1462 719 innocentes
1477 682 1572 720 manns
1584 683 1666 722 meos.
1691 666 1775 739 Ergo,

983 769 1107 823 unquam,
1130 754 1153 808 si
1176 752 1259 820 Deus,
1278 763 1327 809 aut
1342 752 1447 809 inscius
1461 764 1509 809 aut
1527 754 1641 824 iniquus
1655 765 1707 823 est,
1723 771 1775 828 ego

982 842 1073 913 droplt
1094 844 1151 897 alne
1175 859 1268 908 consa,
1297 841 1324 897 id
1354 851 1396 897 est
1422 842 1534 911 irustra,
1556 845 1705 913 justificari
1730 860 1776 900 cor

983 952 1069 991 mcum
1085 952 1133 1007 per
1150 937 1313 992 munditiam
1338 944 1440 992 sanctae
1462 936 1652 1008 cogitationis,
1673 948 1698 992 ct
1721 935 1776 993 loni

982 1027 1210 1083 interinnocenter
1222 1045 1316 1082 monus
1329 1044 1401 1084 meos
1413 1044 1460 1100 per
1472 1028 1607 1099 justitiam
1621 1029 1700 1085 bonae
1712 1044 1777 1099 ope-

982 1120 1108 1187 rationis,
1124 1131 1147 1175 et
1163 1122 1263 1190 [rostro
1275 1119 1315 1190 sui
1325 1118 1478 1191 depellatur
1492 1131 1549 1175 tota
1561 1120 1615 1187 die,
1630 1137 1692 1177 cunr
1707 1120 1777 1176 nliril

983 1211 1049 1266 mibi
1061 1211 1147 1282 prosit
1160 1210 1247 1266 virtus
1258 1211 1405 1281 parientiae,
1417 1220 1444 1266 et
1456 1211 1559 1281 frustra
1571 1210 1623 1267 luit
1635 1210 1777 1282 costipotio

983 1318 1041 1357 men
1053 1304 1080 1357 in
1095 1298 1244 1369 matutinis,
1259 1302 1306 1373 qui
1321 1318 1375 1358 non
1389 1302 1465 1358 tarde
1475 1304 1519 1358 rel
1534 1318 1597 1359 sero
1609 1303 1670 1358 reni
1682 1302 1716 1358 ad
1730 1303 1777 1358 iu·

982 1393 1154 1449 seruiendum
1169 1393 1304 1461 Creatori,
1319 1405 1349 1450 nt
1364 1396 1475 1466 quidam
1492 1396 1572 1467 pigri,
1587 1396 1634 1453 sed
1650 1396 1677 1452 lu
1691 1407 1779 1454 niatu·

983 1485 1052 1553 tino,
1068 1485 1156 1555 primo
1171 1502 1251 1543 mane
1265 1487 1417 1542 conductus
1429 1488 1461 1541 ad
1477 1488 1646 1557 operandum
1661 1504 1693 1544 ac
1708 1505 1777 1559 pon-

982 1575 1035 1631 dus
1047 1576 1101 1631 diei
1115 1586 1142 1649 et
1154 1587 1238 1632 aestus
1249 1578 1427 1648 portandum.
1449 1575 1509 1631 Non
1530 1578 1587 1633 lraec
1601 1578 1669 1633 dicit
1686 1579 1777 1649 Asopi

985 1672 1184 1737 conlirmando,
1202 1672 1249 1726 sed
1265 1672 1439 1734 estimando,
1456 1671 1531 1741 quod
1548 1671 1647 1728 melius
1663 1681 1778 1743 apparet

985 1762 1012 1816 in
1029 1760 1153 1828 llebraeo,
1169 1761 1215 1817 ubi
1228 1763 1269 1817 sic
1284 1762 1402 1833 legitur:
1419 1761 1522 1832 Erpone
1534 1762 1637 1832 {rastro
1650 1764 1777 1818 nanndaoi

985 1868 1141 1919 cormeum,
1156 1862 1181 1908 et
1196 1851 1248 1908 lani
1268 1852 1297 1905 in
1313 1853 1465 1907 innocentio
1481 1868 1574 1906 marrus
1591 1869 1673 1920 mena,
1689 1862 1715 1909 et
1736 1854 1778 1924 [ai

984 1944 1136 2015 depellatur
1157 1953 1212 1999 toto
1236 1944 1290 2011 die,
1306 1955 1331 1999 et
1350 1944 1495 2015 increpatio
1513 1960 1572 1999 naen
1586 1944 1614 1998 in
1627 1945 1776 2012 matutinis,

984 2033 1021 2089 Et
1034 2034 1111 2089 disi:
1124 2033 1155 2090 Si
1168 2051 1311 2091 nnrrnoeru
1324 2034 1373 2102 sic,
1386 2051 1443 2090 ecce
1454 2035 1648 2106 persecutionem
1658 2035 1777 2107 filioram

986 2134 1093 2180 tuorum
1106 2124 1214 2197 reliqui.
1234 2125 1364 2197 Sequitur
1377 2144 1384 2182 :

1020 2265 1104 2324 Vens.
1123 2267 1168 2323 lb.
1188 2266 1219 2324 st
1235 2268 1352 2324 nennio
1369 2268 1419 2336 sic,
1437 2284 1496 2324 ecce
1513 2268 1647 2323 nationem
1658 2265 1777 2337 filioram

136 2373 195 2423 non
208 2356 292 2414 locali
300 2367 347 2413 aut
356 2355 495 2413 essentiali
503 2355 703 2421 absentatione,
716 2355 763 2411 sed
774 2369 831 2410 suae
840 2353 934 2426 gratim
985 2367 1091 2417 tuorum
1112 2360 1262 2430 reprobari.
1288 2357 1362 2415 Ordo
1383 2360 1530 2415 verborum
1556 2367 1607 2425 est,
1626 2357 1776 2414 Dicebam:

136 2448 339 2512 subtractione,
358 2462 440 2521 prout
465 2448 626 2519 ipsasciens
640 2447 733 2505 omnia
748 2448 808 2510 scit,
833 2447 933 2518 quibus
985 2447 1111 2505 Nunnio
1133 2452 1182 2516 ric,
1208 2465 1263 2505 non
1288 2461 1432 2509 contentus
1450 2452 1523 2523 apud
1538 2467 1582 2508 nte
1597 2452 1650 2508 buc
1663 2452 1776 2520 sentire,

135 2540 318 2612 ecquomodo
330 2540 479 2596 adessesel
491 2540 588 2596 abesse
599 2539 706 2596 debeat.
718 2536 932 2609 llabemusjtrm,
983 2542 1057 2611 quod
1074 2542 1179 2599 inscius
1195 2543 1238 2598 rel
1255 2543 1374 2613 injustus
1396 2553 1470 2601 esset
1494 2543 1579 2608 lleus,
1605 2554 1690 2615 atque
1715 2544 1777 2601 ideo

135 2646 195 2702 quo
208 2630 303 2698 modo,
314 2631 371 2687 imo
384 2647 467 2703 quarn
480 2632 540 2688 sine
554 2631 646 2697 modo,
664 2631 724 2687 sine
737 2645 878 2695 mensura,
891 2630 933 2687 ul·
984 2630 1086 2688 frustm
1103 2632 1128 2687 ei
1142 2632 1290 2689 serviretur
1307 2634 1348 2688 rel
1368 2633 1504 2704 ignoranti
1524 2634 1564 2689 rel
1586 2650 1641 2689 non
1656 2634 1776 2701 curanti,

136 2732 181 2791 tra
195 2738 295 2781 omnes
309 2724 405 2780 modos
421 2733 447 2780 et
464 2721 694 2779 mensuraslleus
709 2725 759 2779 scit
778 2724 880 2806 omnnia,
899 2724 933 2780 de
983 2736 1017 2778 ac
1031 2722 1145 2792 proinde
1164 2737 1218 2777 non
1237 2723 1423 2778 remuneranti
1442 2723 1585 2779 servitium
1601 2724 1653 2779 sibi
1668 2722 1777 2779 exbibi·

136 2830 195 2885 qno
207 2821 268 2870 erat
281 2815 397 2892 quaestio
412 2814 474 2881 ista,
491 2814 622 2889 quomodo
636 2815 686 2869 scit
701 2814 793 2870 Densi
815 2813 932 2882 Quodsi
984 2819 1053 2868 turn.
1071 2810 1148 2867 Talia
1171 2812 1237 2867 milri
1262 2814 1422 2882 proponenti
1446 2822 1505 2869 erat
1525 2815 1640 2883 inriguor
1658 2813 1777 2870 fortissl·

137 2908 239 2972 ltaest,
251 2917 276 2969 et
286 2908 310 2961 ri
320 2915 359 2962 est
369 2907 480 2962 sanatio
490 2909 519 2963 in
529 2906 642 2977 Encelro
655 2916 711 2981 tarn
722 2905 931 2987 inaestimabilis,
984 2920 1057 2966 anus,
1070 2906 1107 2960 ita
1121 2914 1149 2959 ut
1163 2920 1218 2959 non
1230 2904 1409 2973 remansisset
1421 2904 1447 2958 in
1459 2919 1503 2963 rne
1515 2905 1626 2971 balitus,
1641 2905 1693 2963 nisi
1707 2904 1777 2961 rnilri

137 3010 170 3056 nt
190 3000 286 3056 omnia
306 3000 385 3066 sciat,
399 3001 492 3056 otnrria
515 3010 602 3064 curret,
618 3002 711 3056 omnia
725 3001 874 3072 dispenset,
891 3010 969 3099 abc
984 2997 1153 3059 occurrisset
1167 3005 1194 3061 et
1215 2997 1400 3053 succurrisset
1422 2997 1573 3053 aremoritas
1593 2996 1732 3067 justorum
1749 3006 1778 3054 et

137 3109 195 3166 que
205 3091 327 3160 ordinet,
342 3092 414 3149 unde
424 3092 477 3157 ista
491 3091 618 3149 eoniusio
636 3092 664 3147 in
676 3093 770 3157 rebus,
782 3093 855 3165 quod
867 3108 931 3162 pec-
984 3097 1142 3144 sanctorum
1158 3087 1300 3143 sententiae
1315 3103 1382 3142 meae
1392 3103 1447 3141 non
1463 3088 1700 3164 concordantium,
1713 3087 1777 3163 iden

138 3192 249 3240 catores
266 3183 437 3240 abundantes
456 3183 484 3238 in
503 3183 604 3243 sacculo
617 3168 797 3242 obtinuerunt
812 3184 931 3258 diuitias,
983 3178 1133 3235 dicebam:
1159 3178 1190 3235 st
1212 3179 1329 3234 norrolo
1349 3180 1409 3233 sic:
1424 3196 1482 3236 ecre
1506 3181 1638 3235 notionem
1657 3182 1776 3261 fitiornnp

137 3274 209 3334 Nam
984 3282 1091 3328 tuorem
1110 3271 1263 3343 reprobarit
1281 3272 1346 3342 quia
1362 3273 1502 3329 contraria
1515 3273 1582 3328 mibi
1598 3282 1639 3329 est
1653 3275 1776 3343 auctrrrif

176 3366 261 3424 Vens.
273 3366 317 3423 tt.
337 3364 406 3421 Ecce
422 3365 449 3421 in
460 3364 579 3421 euidenti
593 3366 660 3422 satis
676 3366 805 3422 omnibus
819 3366 933 3423 domon-
983 3374 1026 3422 tas
1039 3365 1150 3422 Parrum
1172 3375 1342 3429 sanctorum,
1356 3364 1404 3435 qui
1419 3365 1518 3420 docent
1542 3364 1627 3445 linum
1654 3382 1708 3422 non
1731 3365 1777 3437 ing

139 3460 255 3519 strabilc
267 3468 320 3526 est,
333 3458 405 3530 quod
425 3458 504 3513 multi
524 3466 588 3514 sunt
601 3466 629 3513 et
642 3467 789 3529 peccatores
804 3467 829 3513 et
843 3467 933 3514 tamen
985 3460 1083 3526 scium,
1099 3476 1153 3515 nnn
1169 3458 1313 3529 injurstum,
1335 3459 1407 3514 sieut
1425 3457 1536 3528 quidam
1555 3469 1680 3514 errantes
1694 3467 1776 3529 putas

140 3552 308 3608 domantes
333 3553 360 3606 r'n
388 3550 487 3606 aoecnio
514 3549 684 3604 obtinuerunt
713 3550 839 3616 diuitias,
870 3566 934 3605 cum
983 3562 1092 3608 rerunt.
1113 3550 1236 3618 Quorum
1260 3566 1354 3606 errore
1366 3541 1508 3619 destructo
1521 3552 1654 3607 astruitur
1665 3552 1718 3608 lrnc
1731 3567 1778 3617 νος

140 3653 255 3700 econtra
267 3643 336 3714 justi
349 3641 427 3699 multi
445 3642 634 3714 sinistrales,
651 3641 812 3712 allssssslhlb
829 3640 933 3708 amitii,
984 3663 1046 3703 rum
1069 3661 1102 3700 er
1126 3645 1291 3700 auctoritate
1313 3654 1472 3703 sanctorum
1494 3644 1612 3714 filiorum
1628 3644 1686 3720 Dei,
1704 3645 1777 3714 quod

141 3738 245 3808 quibus
266 3736 366 3803 ditatis
390 3748 446 3793 nnn
471 3741 513 3790 est
535 3733 665 3789 mundus.
681 3732 721 3788 illi
741 3744 889 3803 precatores
909 3742 935 3789 et
984 3739 1077 3795 omnia
1102 3738 1206 3794 sciente
1229 3736 1284 3792 beo
1297 3746 1340 3792 est
1354 3736 1468 3793 scientia
1482 3737 1510 3792 in
1525 3737 1651 3803 Excelsa,
1667 3748 1695 3793 at
1712 3754 1775 3797 curn

141 3830 308 3886 madentes
322 3830 351 3883 in
367 3828 482 3895 anonim
499 3826 544 3884 isti
566 3826 654 3882 sancti
665 3835 692 3881 et
705 3826 794 3895 epenl.
820 3826 859 3881 illi
887 3842 935 3896 per
984 3829 1020 3885 sit
1034 3827 1058 3884 ei
1074 3843 1139 3883 cura
1150 3829 1183 3882 de
1197 3827 1445 3894 omnibns,·nullns
1457 3828 1546 3885 bonus
1562 3830 1605 3886 rel
1622 3829 1711 3886 malus
1724 3830 1778 3900 erit

143 3920 288 3977 riolentias
302 3921 411 3991 iniquas
421 3920 590 3977 obtinuerunt
599 3918 708 3982 diuitias
718 3918 800 3971 etlam
813 3919 932 3985 alienas3
985 3921 1045 3990 ipso
1057 3920 1196 3990 judicante
1209 3919 1436 3986 irremuneratus,
1448 3936 1510 3977 cum
1525 3931 1550 3977 et
1564 3922 1629 3978 boni
1645 3923 1778 3993 recipiant

143 4016 188 4069 isti
201 4028 258 4069 nnn
271 4015 333 4070 dico
348 4014 452 4077 alienas
466 4013 602 4078 obtinere,
617 4010 664 4066 sed
691 4026 741 4065 uec
758 4022 829 4071 ‘suas
844 4020 935 4067 tenere
985 4013 1057 4067 mala
1082 4013 1110 4066 in
1131 4012 1187 4066 uita
1204 4027 1266 4089 sua,
1290 4019 1319 4066 et
1341 4012 1405 4067 nrali
1428 4013 1554 4069 similiter
1567 4014 1638 4070 bona
1662 4030 1713 4085 pro
1734 4017 1778 4087 bis

142 4112 302 4174 potueruut,
318 4104 383 4173 quia
396 4111 500 4174 quanto
513 4101 577 4173 quis
594 4101 630 4156 ab
648 4100 793 4171 iniquitate
811 4100 933 4167 recessit,
985 4101 1118 4155 duntaxat
1138 4101 1254 4166 meritis,
1268 4117 1329 4171 quae
1343 4101 1370 4155 in
1382 4101 1435 4157 bac
1449 4103 1503 4157 vita
1518 4087 1777 4174 sunt'rernnneran·¹

143 4204 220 4253 tanto
232 4195 321 4265 magis
336 4193 432 4264 praedre
443 4194 540 4264 patuit.
558 4191 656 4265 llagna
675 4177 820 4263 oppositio.
837 4206 934 4262 nragna
985 4191 1029 4245 da.
1047 4188 1115 4245 Nam
1131 4190 1233 4259 qulbus
1248 4199 1349 4244 aeterua
1365 4190 1500 4245 debentur
1512 4192 1622 4260 praemia
1634 4194 1692 4249 sire
1705 4194 1776 4255 bona

142 4287 325 4342 contrarietas
345 4300 407 4342 esse
428 4293 600 4355 peccatorem
619 4292 646 4339 et
663 4284 803 4349 abundare
820 4282 932 4347 divitiis,
963 4335 965 4339 ,
986 4283 1044 4338 sira
1058 4283 1141 4347 nrala,
1157 4283 1184 4336 in
1201 4280 1322 4337 futurum
1337 4294 1483 4340 serrantur
1496 4287 1576 4342 bonis
1590 4288 1660 4342 buna
1674 4295 1702 4343 et
1715 4271 1777 4344 rna·¹

141 4391 203 4432 esse
211 4375 317 4446 justum
333 4385 360 4430 et
370 4390 450 4447 egere
462 4375 642 4441 necessariis;
658 4373 734 4428 illurn
749 4373 854 4443 epulari
865 4389 930 4445 quo·
950 4379 972 4433 Ι)
985 4373 1020 4428 lis
1038 4373 1120 4438 mala,
1132 4373 1169 4427 ita
1189 4380 1219 4429 ut
1238 4383 1349 4443 peracto
1361 4385 1484 4431 extremo
1500 4377 1604 4447 iudicio
1618 4379 1684 4434 nulli
1703 4379 1777 4435 bono

141 4467 208 4524 tidie
221 4467 373 4538 splendide,
387 4467 470 4525 istum
484 4481 534 4522 nec
548 4467 633 4523 micas
644 4467 677 4522 de
693 4482 787 4523 mensa
802 4466 875 4522 illius
886 4482 933 4522 ca·
984 4466 1066 4533 male,
1088 4466 1156 4520 nulli
1175 4467 1247 4521 malo
1266 4466 1334 4522 Ιιειιι
1348 4468 1393 4523 sit.
1409 4467 1456 4525 Sic
1477 4469 1558 4526 docet
1574 4471 1648 4531 notio
1659 4470 1776 4541 filioram

141 4559 239 4615 denas
248 4575 329 4631 posse
339 4559 479 4622 obtinere;
493 4557 569 4612 illum
582 4558 698 4613 sanitate
708 4559 836 4630 gaudere,
846 4559 932 4614 istum
985 4568 1091 4613 tuorum
1110 4559 1195 4623 Dens,
1207 4575 1289 4629 quam
1304 4560 1440 4628 reprobari
1455 4568 1483 4614 et
1499 4561 1606 4631 reliqui,
1620 4561 1644 4615 si
1659 4560 1737 4631 aliter
1749 4569 1777 4616 et

141 4650 273 4706 diuturna
286 4649 448 4722 aeqritudine
470 4648 617 4720 languere3
633 4664 795 4706 marnmonae
809 4652 933 4713 seruien-

143 4751 197 4798 tem
212 4742 442 4813 prosperitatibus
460 4740 567 4807 llorere,
584 4739 640 4796 beo
661 4743 824 4797 seruientem
849 4744 934 4800 uariis

141 4835 354 4892 adversitatibus
365 4850 527 4907 oppressum
548 4834 651 4889 dolere.
670 4833 739 4889 Cum
755 4835 813 4890 lraec
827 4835 864 4890 ita
878 4834 934 4895 sint

142 4926 258 4983 enoiosa
280 4929 308 4983 in
326 4944 423 5003 magna
443 4927 593 5000 republica,
606 4929 734 4998 quomedo
749 4927 799 4981 scit
810 4925 892 4993 Dens,
907 4936 934 4983 et

140 5020 283 5088 mornado
298 5020 370 5079 scire
392 5019 546 5076 credendus
568 5029 610 5074 est
635 5019 698 5086 istu,
715 5018 762 5090 qui
780 5034 833 5085 nou
856 5020 934 5090 punit

139 5123 291 5179 perrersos
305 5122 335 5167 et
357 5126 412 5167 non
435 5112 596 5166 corrsolatur
614 5111 674 5180 pios
688 5126 720 5165 ac
736 5111 787 5166 eibi
803 5111 934 5166 devotos?

142 5201 251 5258 ridetur
258 5203 344 5273 juder
354 5203 474 5283 iniquus,
487 5206 545 5275 qui,
556 5205 645 5261 sciens
658 5204 779 5275 iniquos,
789 5220 844 5259 nou
856 5205 944 5275 punit·

139 5308 208 5351 eos:
223 5296 410 5352 excusabilior
422 5307 513 5353 autem
529 5304 613 5365 osset,
632 5297 655 5352 si
674 5312 721 5352 eos
738 5298 865 5363 nesciret,
883 5313 935 5364 nec

139 5390 263 5460 puniret.
279 5387 359 5445 Nunc
379 5399 550 5445 autemeam
570 5390 596 5445 id
618 5400 725 5447 cortstet
744 5393 817 5462 quod
842 5392 935 5449 omnia

139 5480 190 5537 acic
206 5481 291 5546 Deus,
312 5490 340 5535 et
360 5491 398 5536 est
415 5483 527 5536 seientia
542 5483 569 5536 in
586 5480 710 5549 Excelsa,
725 5483 853 5553 grarrdlor
867 5484 934 5539 miltl

138 5574 232 5645 Asnpl
253 5583 367 5631 ortaest
384 5582 510 5629 nontam
528 5573 642 5645 quaestio
657 5590 740 5644 quam
762 5576 933 5647 conquestio.

138 5661 223 5739 risu,
237 5680 303 5724 cum
314 5665 404 5725 adbuc
416 5664 472 5723 beo
485 5664 615 5722 servirem
624 5680 674 5745 pro
687 5667 894 5751 temporalibus,
909 5678 936 5726 et

984 4652 1057 4721 attunt
1075 4651 1202 4716 nurrcio,
1219 4666 1300 4721 qnam
1317 4651 1366 4705 illi.
1392 4648 1438 4706 Sic
1456 4651 1592 4722 loquendo
1610 4667 1716 4709 mecum
1731 4668 1776 4708 re·

984 4744 1071 4815 pressi
1082 4745 1184 4799 erroris
1196 4746 1337 4812 impetum,
1351 4757 1396 4807 ne,
1409 4742 1456 4812 qul
1476 4759 1564 4799 meam
1579 4743 1775 4800 conscientiam

984 4838 1118 4910 polluerat
1132 4851 1180 4907 per
1192 4836 1389 4891 haesitationem
1401 4852 1525 4906 prauam,
1536 4837 1618 4892 etiarn
1634 4836 1704 4893 alios
1714 4851 1776 4892 cor-

984 4937 1124 5000 rumperet
1149 4943 1197 4998 pur
1220 4926 1372 4987 doctrinam
1398 4929 1600 4998 pronissimam.
1630 4927 1776 4983 Correctus

984 5009 1060 5089 ergo,
1076 5030 1106 5075 ut
1122 5020 1278 5091 auctoritati
1301 5021 1437 5090 majorum
1464 5023 1588 5078 cederem
1604 5030 1631 5077 et
1645 5017 1776 5075 doctrinae

985 5114 1095 5169 illorum
1121 5114 1272 5177 crederem,
1298 5122 1360 5182 post
1385 5121 1521 5183 receptam
1547 5126 1622 5167 saum
1645 5108 1776 5165 doctrinm

985 5206 1173 5272 eredulitatem
1194 5220 1242 5274 per
1258 5204 1318 5258 dulci
1335 5204 1438 5259 scalam
1454 5202 1561 5258 nitebar
1572 5200 1607 5254 ad
1623 5199 1776 5270 intelligen-

986 5299 1047 5354 dam
1059 5296 1221 5369 questionis
1233 5295 1315 5364 hujus
1327 5309 1424 5364 puram
1440 5294 1593 5356 veritatem,
1605 5306 1689 5363 quare
1701 5291 1777 5347 ride·

987 5389 1050 5444 licet
1065 5390 1092 5443 in
1106 5387 1224 5442 baerna
1239 5386 1340 5456 iniquis
1355 5385 1474 5440 arrideat
1492 5383 1670 5454 prosperitas,
1681 5391 1709 5438 et
1730 5383 1777 5453 ju·

987 5492 1044 5549 stos
1063 5482 1223 5551 plerumque
1239 5486 1313 5532 tanta
1328 5484 1407 5531 reret
1430 5473 1591 5540 adversitas,
1616 5485 1647 5529 ut
1661 5482 1776 5545 cogatur

988 5573 1172 5643 bomojustus
1186 5570 1334 5641 aliquando
1348 5569 1478 5631 clamare,
1490 5567 1623 5624 aedicere
1635 5585 1642 5622 ι
1658 5585 1668 5619 ι
1682 5564 1777 5623 Taedet

988 5668 1108 5737 animam
1119 5680 1208 5723 nream
1221 5664 1283 5721 ritae
1295 5679 1363 5722 mete
1375 5661 1436 5737 (lod
1452 5678 1481 5733 r,
1495 5661 1532 5734 l).
1548 5682 1558 5716 ι
1579 5662 1643 5741 ltern
1663 5679 1669 5731 ς
1694 5681 1703 5716 r
1716 5658 1774 5716 lleu
