<?xml version="1.0" encoding="UTF-8"?>
<!DOCTYPE html PUBLIC "-//W3C//DTD XHTML 1.0 Transitional//EN"
    "http://www.w3.org/TR/xhtml1/DTD/xhtml1-transitional.dtd">
<html xmlns="http://www.w3.org/1999/xhtml" xml:lang="en" lang="en">
 <head>
  <title>
</title>
<meta http-equiv="Content-Type" content="text/html;charset=utf-8" />
  <meta name='ocr-system' content='tesseract 3.04.00' />
  <meta name='ocr-capabilities' content='ocr_page ocr_carea ocr_par ocr_line ocrx_word'/>
</head>
<body>
  <div class='ocr_page' id='page_1' title='image "./patrologiaecurs03berngoog_0049.png"; bbox 0 0 3892 6067; ppageno 0'>
   <div class='ocr_carea' id='block_1_1' title="bbox 341 160 3601 388">
    <p class='ocr_par' dir='ltr' id='par_1_1' title="bbox 341 160 3601 388">
     <span class='ocr_line' id='line_1_1' title="bbox 341 160 3601 257; baseline -0.006 0"><span class='ocrx_word' id='word_1_1' title='bbox 341 199 406 257; x_wconf 75' lang='lat' dir='ltr'><strong>at</strong></span> <span class='ocrx_word' id='word_1_2' title='bbox 875 188 1185 251; x_wconf 68' lang='lat' dir='ltr'><strong>Genuum</strong></span> <span class='ocrx_word' id='word_1_3' title='bbox 1221 184 1616 247; x_wconf 73' lang='lat' dir='ltr'><strong>PRAEPost‘rt</strong></span> <span class='ocrx_word' id='word_1_4' title='bbox 1653 183 2208 246; x_wconf 79' lang='lat' dir='ltr'><strong>RElCHERSPERG.</strong></span> <span class='ocrx_word' id='word_1_5' title='bbox 2252 186 2612 247; x_wconf 65' lang='lat' dir='ltr'><strong>connum.</strong></span> <span class='ocrx_word' id='word_1_6' title='bbox 2656 185 2720 243; x_wconf 78' lang='grc' dir='ltr'><strong>ΙΝ</strong></span> <span class='ocrx_word' id='word_1_7' title='bbox 2759 160 3098 244; x_wconf 58' lang='grc' dir='ltr'><strong>ΡΕΑιΠῠὲ</strong></span> <span class='ocrx_word' id='word_1_8' title='bbox 3530 183 3601 241; x_wconf 68' lang='lat'><strong>92</strong></span> 
     </span>
     <span class='ocr_line' id='line_1_2' title="bbox 344 302 3599 388; baseline -0.004 -17"><span class='ocrx_word' id='word_1_9' title='bbox 344 313 700 388; x_wconf 80' lang='lat' dir='ltr'><strong>erymabilem</strong></span> <span class='ocrx_word' id='word_1_10' title='bbox 741 309 1168 368; x_wconf 73' lang='lat' dir='ltr'><strong>satisfactionem</strong></span> <span class='ocrx_word' id='word_1_11' title='bbox 1193 349 1209 375; x_wconf 94' lang='lat'><strong>,</strong></span> <span class='ocrx_word' id='word_1_12' title='bbox 1235 307 1366 379; x_wconf 84' lang='lat' dir='ltr'><strong>quia</strong></span> <span class='ocrx_word' id='word_1_13' title='bbox 1404 308 1548 363; x_wconf 87' lang='lat' dir='ltr'><strong>trina</strong></span> <span class='ocrx_word' id='word_1_14' title='bbox 1586 322 1642 361; x_wconf 82' lang='lat' dir='ltr'><strong>tn</strong></span> <span class='ocrx_word' id='word_1_15' title='bbox 1679 321 1806 363; x_wconf 90' lang='lat' dir='ltr'><strong>eum</strong></span> <span class='ocrx_word' id='word_1_16' title='bbox 1837 305 1923 361; x_wconf 83' lang='lat' dir='ltr'><strong>di·</strong></span> <span class='ocrx_word' id='word_1_17' title='bbox 1950 308 1998 365; x_wconf 77' lang='grc' dir='ltr'><strong>Α</strong></span> <span class='ocrx_word' id='word_1_18' title='bbox 2027 305 2456 376; x_wconf 68' lang='lat' dir='ltr'><strong>congregatione</strong></span> <span class='ocrx_word' id='word_1_19' title='bbox 2480 302 3090 361; x_wconf 79' lang='lat' dir='ltr'><strong>viventes-admittenda</strong></span> <span class='ocrx_word' id='word_1_20' title='bbox 3123 308 3246 369; x_wconf 87' lang='lat' dir='ltr'><strong>est,</strong></span> <span class='ocrx_word' id='word_1_21' title='bbox 3300 317 3432 374; x_wconf 80' lang='lat' dir='ltr'><strong>quta</strong></span> <span class='ocrx_word' id='word_1_22' title='bbox 3488 319 3599 358; x_wconf 89' lang='lat' dir='ltr'><strong>non</strong></span> 
     </span>
    </p>
   </div>
   <div class='ocr_carea' id='block_1_2' title="bbox 281 398 1928 1662">
    <p class='ocr_par' dir='ltr' id='par_1_2' title="bbox 281 398 1928 1662">
     <span class='ocr_line' id='line_1_3' title="bbox 342 398 1917 477; baseline -0.006 -14"><span class='ocrx_word' id='word_1_23' title='bbox 342 408 506 464; x_wconf 83' lang='lat' dir='ltr'><strong>lectio</strong></span> <span class='ocrx_word' id='word_1_24' title='bbox 544 405 763 477; x_wconf 84' lang='lat' dir='ltr'><strong>patuit,</strong></span> <span class='ocrx_word' id='word_1_25' title='bbox 803 402 982 475; x_wconf 84' lang='lat' dir='ltr'><strong>gregis</strong></span> <span class='ocrx_word' id='word_1_26' title='bbox 1017 418 1049 457; x_wconf 86' lang='lat' dir='ltr'><strong>a</strong></span> <span class='ocrx_word' id='word_1_27' title='bbox 1076 401 1311 457; x_wconf 86' lang='lat' dir='ltr'><strong>Domino</strong></span> <span class='ocrx_word' id='word_1_28' title='bbox 1350 399 1596 470; x_wconf 84' lang='lat' dir='ltr'><strong>injuncta</strong></span> <span class='ocrx_word' id='word_1_29' title='bbox 1626 400 1700 455; x_wconf 87' lang='lat' dir='ltr'><strong>sit</strong></span> <span class='ocrx_word' id='word_1_30' title='bbox 1719 398 1917 469; x_wconf 87' lang='lat' dir='ltr'><strong>pastio.</strong></span> 
     </span>
     <span class='ocr_line' id='line_1_4' title="bbox 346 488 1921 568; baseline -0.006 -15"><span class='ocrx_word' id='word_1_31' title='bbox 346 498 472 555; x_wconf 79' lang='lat' dir='ltr'><strong>llaec</strong></span> <span class='ocrx_word' id='word_1_32' title='bbox 525 497 692 568; x_wconf 89' lang='lat' dir='ltr'><strong>igitur</strong></span> <span class='ocrx_word' id='word_1_33' title='bbox 740 496 901 551; x_wconf 78' lang='lat' dir='ltr'><strong>trinae</strong></span> <span class='ocrx_word' id='word_1_34' title='bbox 935 492 1251 550; x_wconf 72' lang='lat' dir='ltr'><strong>dilectionis</strong></span> <span class='ocrx_word' id='word_1_35' title='bbox 1302 491 1480 547; x_wconf 80' lang='lat' dir='ltr'><strong>forma</strong></span> <span class='ocrx_word' id='word_1_36' title='bbox 1507 530 1523 556; x_wconf 93' lang='lat'><strong>,</strong></span> <span class='ocrx_word' id='word_1_37' title='bbox 1566 489 1763 545; x_wconf 74' lang='lat' dir='ltr'><strong>iratres</strong></span> <span class='ocrx_word' id='word_1_38' title='bbox 1788 488 1921 544; x_wconf 89' lang='lat' dir='ltr'><strong>cha·</strong></span> 
     </span>
     <span class='ocr_line' id='line_1_5' title="bbox 342 581 1921 657; baseline -0.006 -13"><span class='ocrx_word' id='word_1_39' title='bbox 342 588 590 653; x_wconf 76' lang='lat' dir='ltr'><strong>tissimi,</strong></span> <span class='ocrx_word' id='word_1_40' title='bbox 646 589 704 642; x_wconf 84' lang='lat' dir='ltr'><strong>in</strong></span> <span class='ocrx_word' id='word_1_41' title='bbox 747 586 931 657; x_wconf 83' lang='lat' dir='ltr'><strong>primo</strong></span> <span class='ocrx_word' id='word_1_42' title='bbox 981 593 1205 656; x_wconf 77' lang='lat' dir='ltr'><strong>pastore</strong></span> <span class='ocrx_word' id='word_1_43' title='bbox 1253 598 1365 638; x_wconf 88' lang='lat' dir='ltr'><strong>non</strong></span> <span class='ocrx_word' id='word_1_44' title='bbox 1413 581 1484 637; x_wconf 87' lang='lat' dir='ltr'><strong>ab</strong></span> <span class='ocrx_word' id='word_1_45' title='bbox 1524 581 1635 638; x_wconf 79' lang='lat' dir='ltr'><strong>alio</strong></span> <span class='ocrx_word' id='word_1_46' title='bbox 1682 596 1848 652; x_wconf 90' lang='lat' dir='ltr'><strong>quam</strong></span> <span class='ocrx_word' id='word_1_47' title='bbox 1887 596 1921 636; x_wconf 87' lang='lat' dir='ltr'><strong>a</strong></span> 
     </span>
     <span class='ocr_line' id='line_1_6' title="bbox 341 673 1919 750; baseline -0.005 -16"><span class='ocrx_word' id='word_1_48' title='bbox 341 680 566 734; x_wconf 80' lang='lat' dir='ltr'><strong>Christo</strong></span> <span class='ocrx_word' id='word_1_49' title='bbox 607 678 935 750; x_wconf 65' lang='lat' dir='ltr'><strong>praesignata</strong></span> <span class='ocrx_word' id='word_1_50' title='bbox 992 677 1046 731; x_wconf 93' lang='lat' dir='ltr'><strong>in</strong></span> <span class='ocrx_word' id='word_1_51' title='bbox 1096 675 1364 746; x_wconf 79' lang='lat' dir='ltr'><strong>eligendis</strong></span> <span class='ocrx_word' id='word_1_52' title='bbox 1412 684 1497 730; x_wconf 88' lang='lat' dir='ltr'><strong>est</strong></span> <span class='ocrx_word' id='word_1_53' title='bbox 1539 673 1919 746; x_wconf 68' lang='lat' dir='ltr'><strong>praevidenda,</strong></span> 
     </span>
     <span class='ocr_line' id='line_1_7' title="bbox 345 764 1922 841; baseline -0.004 -16"><span class='ocrx_word' id='word_1_54' title='bbox 345 785 456 826; x_wconf 92' lang='lat' dir='ltr'><strong>non</strong></span> <span class='ocrx_word' id='word_1_55' title='bbox 493 770 671 825; x_wconf 87' lang='lat' dir='ltr'><strong>solum</strong></span> <span class='ocrx_word' id='word_1_56' title='bbox 702 769 980 841; x_wconf 81' lang='lat' dir='ltr'><strong>prioribus</strong></span> <span class='ocrx_word' id='word_1_57' title='bbox 1004 808 1021 836; x_wconf 96' lang='lat'><strong>,</strong></span> <span class='ocrx_word' id='word_1_58' title='bbox 1053 767 1151 823; x_wconf 87' lang='lat' dir='ltr'><strong>sed</strong></span> <span class='ocrx_word' id='word_1_59' title='bbox 1188 776 1248 823; x_wconf 87' lang='lat' dir='ltr'><strong>et</strong></span> <span class='ocrx_word' id='word_1_60' title='bbox 1287 766 1547 823; x_wconf 89' lang='lat' dir='ltr'><strong>omnibus</strong></span> <span class='ocrx_word' id='word_1_61' title='bbox 1575 764 1828 837; x_wconf 88' lang='lat' dir='ltr'><strong>personis</strong></span> <span class='ocrx_word' id='word_1_62' title='bbox 1866 764 1922 820; x_wconf 92' lang='lat' dir='ltr'><strong>in</strong></span> 
     </span>
     <span class='ocr_line' id='line_1_8' title="bbox 345 855 1923 933; baseline -0.004 -16"><span class='ocrx_word' id='word_1_63' title='bbox 345 860 578 918; x_wconf 86' lang='lat' dir='ltr'><strong>ecclesia</strong></span> <span class='ocrx_word' id='word_1_64' title='bbox 612 860 987 933; x_wconf 81' lang='lat' dir='ltr'><strong>praet&#39;erendis.</strong></span> <span class='ocrx_word' id='word_1_65' title='bbox 1030 878 1050 913; x_wconf 74' lang='grc' dir='ltr'>ι</span> <span class='ocrx_word' id='word_1_66' title='bbox 1085 857 1206 915; x_wconf 84' lang='grc' dir='ltr'>Ηιιε</span> <span class='ocrx_word' id='word_1_67' title='bbox 1239 873 1418 929; x_wconf 86' lang='lat' dir='ltr'><strong>usque</strong></span> <span class='ocrx_word' id='word_1_68' title='bbox 1449 857 1617 914; x_wconf 78' lang='lat' dir='ltr'><strong>verba</strong></span> <span class='ocrx_word' id='word_1_69' title='bbox 1640 855 1923 913; x_wconf 76' lang='lat' dir='ltr'><strong>Paschalis</strong></span> 
     </span>
     <span class='ocr_line' id='line_1_9' title="bbox 345 965 520 1023; baseline 0 -18"><span class='ocrx_word' id='word_1_70' title='bbox 345 965 520 1023; x_wconf 84' lang='lat' dir='ltr'><strong>papae.</strong></span> 
     </span>
     <span class='ocr_line' id='line_1_10' title="bbox 281 1036 1925 1111; baseline -0.005 -13"><span class='ocrx_word' id='word_1_71' title='bbox 281 1040 295 1058; x_wconf 88' lang='lat'><em>&#39;</em></span> <span class='ocrx_word' id='word_1_72' title='bbox 416 1039 678 1097; x_wconf 81' lang='lat' dir='ltr'><strong>Cxxxll.</strong></span> <span class='ocrx_word' id='word_1_73' title='bbox 715 1039 857 1097; x_wconf 78' lang='lat' dir='ltr'><strong>Huic</strong></span> <span class='ocrx_word' id='word_1_74' title='bbox 901 1040 1109 1111; x_wconf 86' lang='lat' dir='ltr'><strong>scripto</strong></span> <span class='ocrx_word' id='word_1_75' title='bbox 1134 1038 1191 1094; x_wconf 92' lang='lat' dir='ltr'><strong>in</strong></span> <span class='ocrx_word' id='word_1_76' title='bbox 1220 1038 1349 1096; x_wconf 88' lang='lat' dir='ltr'><strong>sede</strong></span> <span class='ocrx_word' id='word_1_77' title='bbox 1389 1036 1688 1110; x_wconf 84' lang='lat' dir='ltr'><strong>apostolica</strong></span> <span class='ocrx_word' id='word_1_78' title='bbox 1738 1036 1925 1091; x_wconf 83' lang='lat' dir='ltr'><strong>nrma-</strong></span> 
     </span>
     <span class='ocr_line' id='line_1_11' title="bbox 345 1129 1926 1207; baseline -0.007 -13"><span class='ocrx_word' id='word_1_79' title='bbox 345 1144 406 1194; x_wconf 82' lang='lat' dir='ltr'><strong>to</strong></span> <span class='ocrx_word' id='word_1_80' title='bbox 433 1144 488 1193; x_wconf 91' lang='lat' dir='ltr'><strong>et</strong></span> <span class='ocrx_word' id='word_1_81' title='bbox 513 1136 814 1207; x_wconf 84' lang='lat' dir='ltr'><strong>approbato</strong></span> <span class='ocrx_word' id='word_1_82' title='bbox 844 1134 1291 1206; x_wconf 86' lang='lat' dir='ltr'><strong>subscripserunt</strong></span> <span class='ocrx_word' id='word_1_83' title='bbox 1316 1133 1495 1203; x_wconf 90' lang='lat' dir='ltr'><strong>primo</strong></span> <span class='ocrx_word' id='word_1_84' title='bbox 1521 1129 1809 1188; x_wconf 87' lang='lat' dir='ltr'><strong>Paschalis</strong></span> <span class='ocrx_word' id='word_1_85' title='bbox 1829 1144 1926 1199; x_wconf 90' lang='lat' dir='ltr'><strong>pa-</strong></span> 
     </span>
     <span class='ocr_line' id='line_1_12' title="bbox 346 1220 1924 1299; baseline -0.006 -16"><span class='ocrx_word' id='word_1_86' title='bbox 346 1244 416 1299; x_wconf 88' lang='lat' dir='ltr'><strong>pa</strong></span> <span class='ocrx_word' id='word_1_87' title='bbox 441 1271 456 1296; x_wconf 90' lang='lat'><strong>,</strong></span> <span class='ocrx_word' id='word_1_88' title='bbox 495 1227 694 1283; x_wconf 88' lang='lat' dir='ltr'><strong>deinde</strong></span> <span class='ocrx_word' id='word_1_89' title='bbox 732 1227 1045 1283; x_wconf 75' lang='lat' dir='ltr'><strong>cardinales</strong></span> <span class='ocrx_word' id='word_1_90' title='bbox 1089 1234 1295 1282; x_wconf 66' lang='lat' dir='ltr'><strong>sanctae</strong></span> <span class='ocrx_word' id='word_1_91' title='bbox 1335 1223 1599 1280; x_wconf 77' lang='lat' dir='ltr'><strong>Romame</strong></span> <span class='ocrx_word' id='word_1_92' title='bbox 1645 1220 1924 1288; x_wconf 62' lang='lat' dir='ltr'><strong>Ecclesiae,</strong></span> 
     </span>
     <span class='ocr_line' id='line_1_13' title="bbox 346 1314 1927 1391; baseline -0.004 -16"><span class='ocrx_word' id='word_1_93' title='bbox 346 1335 584 1391; x_wconf 85' lang='lat' dir='ltr'><strong>quorum</strong></span> <span class='ocrx_word' id='word_1_94' title='bbox 618 1319 843 1375; x_wconf 88' lang='lat' dir='ltr'><strong>nomina</strong></span> <span class='ocrx_word' id='word_1_95' title='bbox 875 1326 1004 1375; x_wconf 88' lang='lat' dir='ltr'><strong>sunt</strong></span> <span class='ocrx_word' id='word_1_96' title='bbox 1035 1318 1291 1373; x_wconf 86' lang='lat' dir='ltr'><strong>adnotata</strong></span> <span class='ocrx_word' id='word_1_97' title='bbox 1323 1334 1337 1371; x_wconf 74' lang='grc' dir='ltr'>ε</span> <span class='ocrx_word' id='word_1_98' title='bbox 1382 1314 1734 1371; x_wconf 79' lang='lat' dir='ltr'><strong>crescentius</strong></span> <span class='ocrx_word' id='word_1_99' title='bbox 1771 1314 1927 1369; x_wconf 87' lang='lat' dir='ltr'><strong>Sabi-</strong></span> 
     </span>
     <span class='ocr_line' id='line_1_14' title="bbox 347 1406 1928 1481; baseline -0.003 -16"><span class='ocrx_word' id='word_1_100' title='bbox 347 1410 537 1467; x_wconf 88' lang='lat' dir='ltr'><strong>nensis</strong></span> <span class='ocrx_word' id='word_1_101' title='bbox 564 1409 877 1481; x_wconf 87' lang='lat' dir='ltr'><strong>episeopus,</strong></span> <span class='ocrx_word' id='word_1_102' title='bbox 901 1407 1100 1465; x_wconf 88' lang='lat' dir='ltr'><strong>Petrus</strong></span> <span class='ocrx_word' id='word_1_103' title='bbox 1139 1407 1463 1464; x_wconf 76' lang='lat' dir='ltr'><strong>portuensis</strong></span> <span class='ocrx_word' id='word_1_104' title='bbox 1482 1406 1794 1478; x_wconf 87' lang='lat' dir='ltr'><strong>episcopus,</strong></span> <span class='ocrx_word' id='word_1_105' title='bbox 1821 1406 1928 1462; x_wconf 89' lang='lat' dir='ltr'><strong>Co-</strong></span> 
     </span>
     <span class='ocr_line' id='line_1_15' title="bbox 348 1497 1928 1571; baseline -0.003 -15"><span class='ocrx_word' id='word_1_106' title='bbox 348 1516 424 1557; x_wconf 88' lang='lat' dir='ltr'><strong>no</strong></span> <span class='ocrx_word' id='word_1_107' title='bbox 444 1499 819 1557; x_wconf 71' lang='lat' dir='ltr'><strong>Praenestinus</strong></span> <span class='ocrx_word' id='word_1_108' title='bbox 840 1500 1157 1571; x_wconf 77' lang='lat' dir='ltr'><strong>episcopuS,</strong></span> <span class='ocrx_word' id='word_1_109' title='bbox 1202 1497 1400 1555; x_wconf 81' lang='lat' dir='ltr'><strong>Vitalis</strong></span> <span class='ocrx_word' id='word_1_110' title='bbox 1425 1498 1673 1554; x_wconf 82' lang='lat' dir='ltr'><strong>Albanus</strong></span> <span class='ocrx_word' id='word_1_111' title='bbox 1714 1498 1928 1569; x_wconf 87' lang='lat' dir='ltr'><strong>episco-</strong></span> 
     </span>
     <span class='ocr_line' id='line_1_16' title="bbox 350 1588 1927 1662; baseline -0.001 -16"><span class='ocrx_word' id='word_1_112' title='bbox 350 1607 479 1662; x_wconf 77' lang='lat' dir='ltr'><strong>puS,</strong></span> <span class='ocrx_word' id='word_1_113' title='bbox 511 1590 830 1647; x_wconf 82' lang='lat' dir='ltr'><strong>Bonil&#39;aeius</strong></span> <span class='ocrx_word' id='word_1_114' title='bbox 855 1590 1154 1646; x_wconf 86' lang='lat' dir='ltr'><strong>cardinalis</strong></span> <span class='ocrx_word' id='word_1_115' title='bbox 1180 1588 1369 1645; x_wconf 84' lang='lat' dir='ltr'><strong>Sancti</strong></span> <span class='ocrx_word' id='word_1_116' title='bbox 1405 1588 1595 1657; x_wconf 77' lang='lat' dir='ltr'><strong>Marci,</strong></span> <span class='ocrx_word' id='word_1_117' title='bbox 1631 1589 1927 1645; x_wconf 86' lang='lat' dir='ltr'><strong>Deusdedit</strong></span> 
     </span>
    </p>
   </div>
   <div class='ocr_carea' id='block_1_3' title="bbox 2021 395 3605 1663">
    <p class='ocr_par' dir='ltr' id='par_1_3' title="bbox 2021 395 3605 1663">
     <span class='ocr_line' id='line_1_17' title="bbox 2021 395 3597 473; baseline -0.004 -17"><span class='ocrx_word' id='word_1_118' title='bbox 2021 401 2302 473; x_wconf 72' lang='lat' dir='ltr'><strong>aequaliter</strong></span> <span class='ocrx_word' id='word_1_119' title='bbox 2347 401 2602 458; x_wconf 88' lang='lat' dir='ltr'><strong>omnibus</strong></span> <span class='ocrx_word' id='word_1_120' title='bbox 2635 403 2811 457; x_wconf 82' lang='lat' dir='ltr'><strong>victus</strong></span> <span class='ocrx_word' id='word_1_121' title='bbox 2841 407 2897 455; x_wconf 91' lang='grc' dir='ltr'><strong>ει</strong></span> <span class='ocrx_word' id='word_1_122' title='bbox 2926 397 3156 454; x_wconf 82' lang='lat' dir='ltr'><strong>vestitus</strong></span> <span class='ocrx_word' id='word_1_123' title='bbox 3174 395 3464 452; x_wconf 83' lang='lat' dir='ltr'><strong>donandus</strong></span> <span class='ocrx_word' id='word_1_124' title='bbox 3493 405 3597 460; x_wconf 89' lang='lat' dir='ltr'><strong>est,</strong></span> 
     </span>
     <span class='ocr_line' id='line_1_18' title="bbox 2024 489 3599 565; baseline -0.004 -14"><span class='ocrx_word' id='word_1_125' title='bbox 2024 511 2150 552; x_wconf 91' lang='lat' dir='ltr'><strong>cum</strong></span> <span class='ocrx_word' id='word_1_126' title='bbox 2192 511 2303 550; x_wconf 92' lang='lat' dir='ltr'><strong>non</strong></span> <span class='ocrx_word' id='word_1_127' title='bbox 2333 510 2528 552; x_wconf 86' lang='lat' dir='ltr'><strong>omnes</strong></span> <span class='ocrx_word' id='word_1_128' title='bbox 2556 493 2840 565; x_wconf 68' lang='lat' dir='ltr'><strong>aequaliter</strong></span> <span class='ocrx_word' id='word_1_129' title='bbox 2861 491 3097 547; x_wconf 80' lang='lat' dir='ltr'><strong>valeant.</strong></span> <span class='ocrx_word' id='word_1_130' title='bbox 3132 489 3199 545; x_wconf 89' lang='lat' dir='ltr'><strong>Et</strong></span> <span class='ocrx_word' id='word_1_131' title='bbox 3222 489 3348 546; x_wconf 90' lang='lat' dir='ltr'><strong>ideo</strong></span> <span class='ocrx_word' id='word_1_132' title='bbox 3372 498 3599 560; x_wconf 85' lang='lat' dir='ltr'><strong>pensata</strong></span> 
     </span>
     <span class='ocr_line' id='line_1_19' title="bbox 2024 580 3597 657; baseline -0.006 -16"><span class='ocrx_word' id='word_1_133' title='bbox 2024 586 2366 657; x_wconf 88' lang='lat' dir='ltr'><strong>singulorum</strong></span> <span class='ocrx_word' id='word_1_134' title='bbox 2423 584 2742 656; x_wconf 79' lang='lat' dir='ltr'><strong>diligentia,</strong></span> <span class='ocrx_word' id='word_1_135' title='bbox 2785 592 2950 654; x_wconf 91' lang='lat' dir='ltr'><strong>prout</strong></span> <span class='ocrx_word' id='word_1_136' title='bbox 2987 580 3186 651; x_wconf 80' lang='lat' dir='ltr'><strong>cuique</strong></span> <span class='ocrx_word' id='word_1_137' title='bbox 3236 592 3376 649; x_wconf 88' lang='lat' dir='ltr'><strong>opus</strong></span> <span class='ocrx_word' id='word_1_138' title='bbox 3428 588 3513 634; x_wconf 85' lang='lat' dir='ltr'><strong>est</strong></span> <span class='ocrx_word' id='word_1_139' title='bbox 3543 594 3597 633; x_wconf 86' lang='lat' dir='ltr'><strong>tn</strong></span> 
     </span>
     <span class='ocr_line' id='line_1_20' title="bbox 2026 671 3600 753; baseline -0.007 -15"><span class='ocrx_word' id='word_1_140' title='bbox 2026 681 2344 753; x_wconf 83' lang='lat' dir='ltr'><strong>hujusmodi</strong></span> <span class='ocrx_word' id='word_1_141' title='bbox 2378 679 2630 736; x_wconf 80' lang='lat' dir='ltr'><strong>habenda</strong></span> <span class='ocrx_word' id='word_1_142' title='bbox 2654 687 2741 735; x_wconf 91' lang='lat' dir='ltr'><strong>est</strong></span> <span class='ocrx_word' id='word_1_143' title='bbox 2765 674 3088 733; x_wconf 87' lang='lat' dir='ltr'><strong>cautissima</strong></span> <span class='ocrx_word' id='word_1_144' title='bbox 3116 673 3443 730; x_wconf 75' lang='lat' dir='ltr'><strong>differentia.</strong></span> <span class='ocrx_word' id='word_1_145' title='bbox 3467 671 3600 740; x_wconf 82' lang='lat' dir='ltr'><strong>Quae</strong></span> 
     </span>
     <span class='ocr_line' id='line_1_21' title="bbox 2024 764 3601 840; baseline -0.005 -12"><span class='ocrx_word' id='word_1_146' title='bbox 2024 788 2150 829; x_wconf 86' lang='lat' dir='ltr'><strong>cum</strong></span> <span class='ocrx_word' id='word_1_147' title='bbox 2179 773 2255 829; x_wconf 86' lang='lat' dir='ltr'><strong>ita</strong></span> <span class='ocrx_word' id='word_1_148' title='bbox 2296 789 2357 830; x_wconf 91' lang='lat' dir='ltr'><strong>se</strong></span> <span class='ocrx_word' id='word_1_149' title='bbox 2394 772 2651 839; x_wconf 88' lang='lat' dir='ltr'><strong>habeant,</strong></span> <span class='ocrx_word' id='word_1_150' title='bbox 2678 784 2846 840; x_wconf 87' lang='lat' dir='ltr'><strong>super</strong></span> <span class='ocrx_word' id='word_1_151' title='bbox 2871 767 3036 839; x_wconf 79' lang='lat' dir='ltr'><strong>huius</strong></span> <span class='ocrx_word' id='word_1_152' title='bbox 3060 766 3370 822; x_wconf 87' lang='lat' dir='ltr'><strong>doctrinam</strong></span> <span class='ocrx_word' id='word_1_153' title='bbox 3401 764 3601 835; x_wconf 65' lang='lat' dir='ltr'><strong>regulae</strong></span> 
     </span>
     <span class='ocr_line' id='line_1_22' title="bbox 2026 856 3601 929; baseline -0.006 -10"><span class='ocrx_word' id='word_1_154' title='bbox 2026 863 2105 920; x_wconf 86' lang='lat' dir='ltr'><strong>ira</strong></span> <span class='ocrx_word' id='word_1_155' title='bbox 2153 863 2251 920; x_wconf 86' lang='lat' dir='ltr'><strong>Dei</strong></span> <span class='ocrx_word' id='word_1_156' title='bbox 2280 864 2348 920; x_wconf 92' lang='lat' dir='ltr'><strong>de</strong></span> <span class='ocrx_word' id='word_1_157' title='bbox 2376 864 2517 919; x_wconf 87' lang='lat' dir='ltr'><strong>coelo</strong></span> <span class='ocrx_word' id='word_1_158' title='bbox 2546 871 2694 918; x_wconf 88' lang='lat' dir='ltr'><strong>recte</strong></span> <span class='ocrx_word' id='word_1_159' title='bbox 2714 859 2953 917; x_wconf 89' lang='lat' dir='ltr'><strong>creditur</strong></span> <span class='ocrx_word' id='word_1_160' title='bbox 2979 856 3311 929; x_wconf 84' lang='lat' dir='ltr'><strong>quandoque</strong></span> <span class='ocrx_word' id='word_1_161' title='bbox 3350 856 3601 911; x_wconf 82' lang='lat' dir='ltr'><strong>revelan-</strong></span> 
     </span>
     <span class='ocr_line' id='line_1_23' title="bbox 2025 946 3604 1025; baseline -0.008 -13"><span class='ocrx_word' id='word_1_162' title='bbox 2025 956 2116 1022; x_wconf 89' lang='lat' dir='ltr'><strong>da,</strong></span> <span class='ocrx_word' id='word_1_163' title='bbox 2145 965 2199 1011; x_wconf 88' lang='lat' dir='ltr'><strong>et</strong></span> <span class='ocrx_word' id='word_1_164' title='bbox 2223 956 2313 1010; x_wconf 91' lang='lat' dir='ltr'><strong>illa</strong></span> <span class='ocrx_word' id='word_1_165' title='bbox 2347 955 2528 1025; x_wconf 83' lang='lat' dir='ltr'><strong>phiala</strong></span> <span class='ocrx_word' id='word_1_166' title='bbox 2558 951 2857 1008; x_wconf 86' lang='lat' dir='ltr'><strong>iracundiae</strong></span> <span class='ocrx_word' id='word_1_167' title='bbox 2877 949 2973 1006; x_wconf 86' lang='lat' dir='ltr'><strong>Dei</strong></span> <span class='ocrx_word' id='word_1_168' title='bbox 2996 950 3154 1020; x_wconf 87' lang='lat' dir='ltr'><strong>plena</strong></span> <span class='ocrx_word' id='word_1_169' title='bbox 3183 948 3402 1019; x_wconf 86' lang='lat' dir='ltr'><strong>plenius</strong></span> <span class='ocrx_word' id='word_1_170' title='bbox 3434 946 3604 1003; x_wconf 75' lang='lat' dir='ltr'><strong>effun-</strong></span> 
     </span>
     <span class='ocr_line' id='line_1_24' title="bbox 2026 1039 3603 1117; baseline -0.006 -13"><span class='ocrx_word' id='word_1_171' title='bbox 2026 1048 2223 1115; x_wconf 88' lang='lat' dir='ltr'><strong>denda,</strong></span> <span class='ocrx_word' id='word_1_172' title='bbox 2255 1049 2322 1104; x_wconf 91' lang='lat' dir='ltr'><strong>de</strong></span> <span class='ocrx_word' id='word_1_173' title='bbox 2351 1062 2459 1117; x_wconf 87' lang='lat' dir='ltr'><strong>qua</strong></span> <span class='ocrx_word' id='word_1_174' title='bbox 2489 1046 2685 1117; x_wconf 87' lang='lat' dir='ltr'><strong>legitur</strong></span> <span class='ocrx_word' id='word_1_175' title='bbox 2731 1045 2787 1099; x_wconf 91' lang='lat' dir='ltr'><strong>in</strong></span> <span class='ocrx_word' id='word_1_176' title='bbox 2834 1041 3159 1114; x_wconf 76' lang='lat' dir='ltr'><strong>Apocalypsi</strong></span> <span class='ocrx_word' id='word_1_177' title='bbox 3192 1060 3206 1096; x_wconf 70' lang='grc' dir='ltr'>ε</span> <span class='ocrx_word' id='word_1_178' title='bbox 3249 1059 3270 1093; x_wconf 74' lang='lat' dir='ltr'><strong>e</strong></span> <span class='ocrx_word' id='word_1_179' title='bbox 3302 1039 3370 1095; x_wconf 88' lang='lat' dir='ltr'><strong>Et</strong></span> <span class='ocrx_word' id='word_1_180' title='bbox 3414 1051 3603 1097; x_wconf 79' lang='lat' dir='ltr'><strong>sextus</strong></span> 
     </span>
     <span class='ocr_line' id='line_1_25' title="bbox 2029 1131 3600 1208; baseline -0.005 -15"><span class='ocrx_word' id='word_1_181' title='bbox 2029 1137 2258 1208; x_wconf 83' lang='lat' dir='ltr'><strong>angelus</strong></span> <span class='ocrx_word' id='word_1_182' title='bbox 2300 1137 2493 1192; x_wconf 78' lang='lat' dir='ltr'><strong>effudit</strong></span> <span class='ocrx_word' id='word_1_183' title='bbox 2521 1136 2760 1207; x_wconf 90' lang='lat' dir='ltr'><strong>phialam</strong></span> <span class='ocrx_word' id='word_1_184' title='bbox 2794 1150 2950 1190; x_wconf 85' lang='lat' dir='ltr'><strong>suam</strong></span> <span class='ocrx_word' id='word_1_185' title='bbox 2981 1133 3034 1188; x_wconf 91' lang='lat' dir='ltr'><strong>in</strong></span> <span class='ocrx_word' id='word_1_186' title='bbox 3069 1132 3268 1188; x_wconf 84' lang='lat' dir='ltr'><strong>llnmen</strong></span> <span class='ocrx_word' id='word_1_187' title='bbox 3298 1131 3431 1188; x_wconf 89' lang='lat' dir='ltr'><strong>illud</strong></span> <span class='ocrx_word' id='word_1_188' title='bbox 3478 1146 3600 1186; x_wconf 86' lang='lat' dir='ltr'><strong>ma-</strong></span> 
     </span>
     <span class='ocr_line' id='line_1_26' title="bbox 2028 1224 3602 1300; baseline -0.003 -18"><span class='ocrx_word' id='word_1_189' title='bbox 2028 1243 2197 1300; x_wconf 87' lang='lat' dir='ltr'><strong>gnum</strong></span> <span class='ocrx_word' id='word_1_190' title='bbox 2224 1226 2582 1298; x_wconf 83' lang='lat' dir='ltr'><strong>Euphratem,</strong></span> <span class='ocrx_word' id='word_1_191' title='bbox 2609 1237 2665 1282; x_wconf 91' lang='lat' dir='ltr'><strong>et</strong></span> <span class='ocrx_word' id='word_1_192' title='bbox 2685 1225 2913 1282; x_wconf 79' lang='lat' dir='ltr'><strong>siccavit</strong></span> <span class='ocrx_word' id='word_1_193' title='bbox 2942 1239 3143 1295; x_wconf 84' lang='lat' dir='ltr'><strong>aquam</strong></span> <span class='ocrx_word' id='word_1_194' title='bbox 3174 1224 3314 1293; x_wconf 78' lang='lat' dir='ltr'><strong>eius,</strong></span> <span class='ocrx_word' id='word_1_195' title='bbox 3346 1232 3405 1278; x_wconf 91' lang='lat' dir='ltr'><strong>ut</strong></span> <span class='ocrx_word' id='word_1_196' title='bbox 3441 1238 3602 1294; x_wconf 86' lang='lat' dir='ltr'><strong>para·</strong></span> 
     </span>
     <span class='ocr_line' id='line_1_27' title="bbox 2029 1313 3600 1388; baseline -0.004 -14"><span class='ocrx_word' id='word_1_197' title='bbox 2029 1328 2181 1374; x_wconf 84' lang='lat' dir='ltr'><strong>retur</strong></span> <span class='ocrx_word' id='word_1_198' title='bbox 2211 1318 2299 1373; x_wconf 77' lang='lat' dir='ltr'><strong>via</strong></span> <span class='ocrx_word' id='word_1_199' title='bbox 2328 1317 2549 1388; x_wconf 88' lang='lat' dir='ltr'><strong>regibus</strong></span> <span class='ocrx_word' id='word_1_200' title='bbox 2571 1318 2642 1372; x_wconf 89' lang='lat' dir='ltr'><strong>ab</strong></span> <span class='ocrx_word' id='word_1_201' title='bbox 2665 1326 2788 1372; x_wconf 89' lang='lat' dir='ltr'><strong>ortu</strong></span> <span class='ocrx_word' id='word_1_202' title='bbox 2818 1314 2973 1371; x_wconf 87' lang='lat' dir='ltr'><strong>solis.</strong></span> <span class='ocrx_word' id='word_1_203' title='bbox 3019 1313 3086 1369; x_wconf 89' lang='lat' dir='ltr'><strong>Et</strong></span> <span class='ocrx_word' id='word_1_204' title='bbox 3104 1315 3218 1370; x_wconf 79' lang='lat' dir='ltr'><strong>vidi</strong></span> <span class='ocrx_word' id='word_1_205' title='bbox 3248 1315 3315 1370; x_wconf 89' lang='lat' dir='ltr'><strong>de</strong></span> <span class='ocrx_word' id='word_1_206' title='bbox 3357 1330 3451 1370; x_wconf 89' lang='lat' dir='ltr'><strong>ore</strong></span> <span class='ocrx_word' id='word_1_207' title='bbox 3476 1314 3600 1369; x_wconf 89' lang='lat' dir='ltr'><strong>dra-</strong></span> 
     </span>
     <span class='ocr_line' id='line_1_28' title="bbox 2030 1403 3605 1476; baseline -0.005 -9"><span class='ocrx_word' id='word_1_208' title='bbox 2030 1409 2187 1467; x_wconf 85' lang='lat' dir='ltr'><strong>conis</strong></span> <span class='ocrx_word' id='word_1_209' title='bbox 2240 1419 2296 1465; x_wconf 82' lang='lat' dir='ltr'><strong>et</strong></span> <span class='ocrx_word' id='word_1_210' title='bbox 2339 1410 2411 1465; x_wconf 86' lang='lat' dir='ltr'><strong>de</strong></span> <span class='ocrx_word' id='word_1_211' title='bbox 2452 1424 2552 1464; x_wconf 88' lang='lat' dir='ltr'><strong>ore</strong></span> <span class='ocrx_word' id='word_1_212' title='bbox 2601 1408 2789 1464; x_wconf 70' lang='lat' dir='ltr'><strong>hestiae</strong></span> <span class='ocrx_word' id='word_1_213' title='bbox 2814 1416 2869 1463; x_wconf 89' lang='lat' dir='ltr'><strong>et</strong></span> <span class='ocrx_word' id='word_1_214' title='bbox 2899 1406 2969 1461; x_wconf 90' lang='lat' dir='ltr'><strong>de</strong></span> <span class='ocrx_word' id='word_1_215' title='bbox 2994 1420 3091 1461; x_wconf 92' lang='lat' dir='ltr'><strong>ore</strong></span> <span class='ocrx_word' id='word_1_216' title='bbox 3119 1403 3605 1476; x_wconf 80' lang='lat' dir='ltr'><strong>pseudoprophetae</strong></span> 
     </span>
     <span class='ocr_line' id='line_1_29' title="bbox 2030 1498 3604 1574; baseline -0.004 -16"><span class='ocrx_word' id='word_1_217' title='bbox 2030 1503 2257 1574; x_wconf 88' lang='lat' dir='ltr'><strong>spiritus</strong></span> <span class='ocrx_word' id='word_1_218' title='bbox 2283 1512 2393 1557; x_wconf 89' lang='lat' dir='ltr'><strong>tres</strong></span> <span class='ocrx_word' id='word_1_219' title='bbox 2435 1501 2747 1557; x_wconf 89' lang='lat' dir='ltr'><strong>immundos</strong></span> <span class='ocrx_word' id='word_1_220' title='bbox 2775 1500 2831 1555; x_wconf 91' lang='lat' dir='ltr'><strong>in</strong></span> <span class='ocrx_word' id='word_1_221' title='bbox 2860 1498 3085 1555; x_wconf 91' lang='lat' dir='ltr'><strong>modum</strong></span> <span class='ocrx_word' id='word_1_222' title='bbox 3123 1513 3379 1553; x_wconf 88' lang='lat' dir='ltr'><strong>ranarum</strong></span> <span class='ocrx_word' id='word_1_223' title='bbox 3415 1511 3604 1568; x_wconf 87' lang='lat' dir='ltr'><strong>proce·</strong></span> 
     </span>
     <span class='ocr_line' id='line_1_30' title="bbox 2031 1592 2864 1663; baseline -0.008 -12"><span class='ocrx_word' id='word_1_224' title='bbox 2031 1594 2161 1651; x_wconf 89' lang='lat' dir='ltr'><strong>dere</strong></span> <span class='ocrx_word' id='word_1_225' title='bbox 2201 1594 2388 1663; x_wconf 80' lang='grc' dir='ltr'>(Λροε.</span> <span class='ocrx_word' id='word_1_226' title='bbox 2415 1609 2527 1660; x_wconf 78' lang='lat' dir='ltr'><strong>xvi,</strong></span> <span class='ocrx_word' id='word_1_227' title='bbox 2561 1592 2649 1659; x_wconf 77' lang='lat'><strong>¹2,</strong></span> <span class='ocrx_word' id='word_1_228' title='bbox 2685 1592 2797 1663; x_wconf 64' lang='grc' dir='ltr'><strong>ιδ).</strong></span> <span class='ocrx_word' id='word_1_229' title='bbox 2844 1611 2864 1644; x_wconf 71' lang='lat' dir='ltr'><strong>i</strong></span> 
     </span>
    </p>
   </div>
   <div class='ocr_carea' id='block_1_4' title="bbox 347 1659 3605 1756">
    <p class='ocr_par' dir='ltr' id='par_1_4' title="bbox 347 1659 3605 1756">
     <span class='ocr_line' id='line_1_31' title="bbox 347 1659 3605 1756; baseline -0.001 -19"><span class='ocrx_word' id='word_1_230' title='bbox 347 1682 644 1737; x_wconf 85' lang='lat' dir='ltr'><strong>cardinalis</strong></span> <span class='ocrx_word' id='word_1_231' title='bbox 688 1678 875 1737; x_wconf 86' lang='lat' dir='ltr'><strong>Sancti</strong></span> <span class='ocrx_word' id='word_1_232' title='bbox 912 1679 1216 1748; x_wconf 85' lang='lat' dir='ltr'><strong>Laurentii,</strong></span> <span class='ocrx_word' id='word_1_233' title='bbox 1264 1678 1580 1736; x_wconf 83' lang='lat' dir='ltr'><strong>Desiderius</strong></span> <span class='ocrx_word' id='word_1_234' title='bbox 1630 1678 1928 1736; x_wconf 90' lang='lat' dir='ltr'><strong>cardinalis</strong></span> <span class='ocrx_word' id='word_1_235' title='bbox 1958 1659 2001 1714; x_wconf 77' lang='grc' dir='ltr'><strong>Β</strong></span> <span class='ocrx_word' id='word_1_236' title='bbox 2099 1684 2387 1743; x_wconf 74' lang='lat' dir='ltr'><strong>cxxxiv.</strong></span> <span class='ocrx_word' id='word_1_237' title='bbox 2421 1685 2639 1756; x_wconf 79' lang='lat' dir='ltr'><strong>Septem</strong></span> <span class='ocrx_word' id='word_1_238' title='bbox 2669 1684 2988 1753; x_wconf 73' lang='lat' dir='ltr'><strong>arigelorum</strong></span> <span class='ocrx_word' id='word_1_239' title='bbox 3016 1689 3221 1752; x_wconf 85' lang='lat' dir='ltr'><strong>septem</strong></span> <span class='ocrx_word' id='word_1_240' title='bbox 3246 1680 3459 1750; x_wconf 86' lang='lat' dir='ltr'><strong>phialas</strong></span> <span class='ocrx_word' id='word_1_241' title='bbox 3496 1678 3605 1734; x_wconf 90' lang='lat' dir='ltr'><strong>ira-</strong></span> 
     </span>
    </p>
   </div>
   <div class='ocr_carea' id='block_1_5' title="bbox 346 1768 1936 2943">
    <p class='ocr_par' dir='ltr' id='par_1_5' title="bbox 346 1768 1932 2465">
     <span class='ocr_line' id='line_1_32' title="bbox 349 1768 1924 1840; baseline -0.003 -11"><span class='ocrx_word' id='word_1_242' title='bbox 349 1775 568 1830; x_wconf 80' lang='lat' dir='ltr'><strong>Sanctae</strong></span> <span class='ocrx_word' id='word_1_243' title='bbox 590 1773 876 1840; x_wconf 84' lang='lat' dir='ltr'><strong>Praxedis,</strong></span> <span class='ocrx_word' id='word_1_244' title='bbox 903 1773 1083 1830; x_wconf 87' lang='lat' dir='ltr'><strong>Guido</strong></span> <span class='ocrx_word' id='word_1_245' title='bbox 1103 1771 1401 1828; x_wconf 89' lang='lat' dir='ltr'><strong>cardinalis</strong></span> <span class='ocrx_word' id='word_1_246' title='bbox 1425 1768 1640 1826; x_wconf 86' lang='lat' dir='ltr'><strong>Sanctae</strong></span> <span class='ocrx_word' id='word_1_247' title='bbox 1663 1769 1924 1837; x_wconf 84' lang='lat' dir='ltr'><strong>Balbinae,</strong></span> 
     </span>
     <span class='ocr_line' id='line_1_33' title="bbox 349 1859 1925 1928; baseline -0.003 -7"><span class='ocrx_word' id='word_1_248' title='bbox 349 1866 549 1921; x_wconf 85' lang='lat' dir='ltr'><strong>Petrus</strong></span> <span class='ocrx_word' id='word_1_249' title='bbox 585 1864 881 1920; x_wconf 87' lang='lat' dir='ltr'><strong>cardinalis</strong></span> <span class='ocrx_word' id='word_1_250' title='bbox 917 1861 1243 1920; x_wconf 87' lang='lat' dir='ltr'><strong>Sanctorum</strong></span> <span class='ocrx_word' id='word_1_251' title='bbox 1285 1861 1503 1917; x_wconf 82' lang='lat' dir='ltr'><strong>Cosmae</strong></span> <span class='ocrx_word' id='word_1_252' title='bbox 1550 1871 1604 1917; x_wconf 91' lang='lat' dir='ltr'><strong>et</strong></span> <span class='ocrx_word' id='word_1_253' title='bbox 1654 1859 1925 1928; x_wconf 84' lang='lat' dir='ltr'><strong>Damiani,</strong></span> 
     </span>
     <span class='ocr_line' id='line_1_34' title="bbox 349 1952 1930 2022; baseline -0.001 -13"><span class='ocrx_word' id='word_1_254' title='bbox 349 1955 543 2012; x_wconf 83' lang='lat' dir='ltr'><strong>Petrus</strong></span> <span class='ocrx_word' id='word_1_255' title='bbox 565 1955 862 2011; x_wconf 84' lang='lat' dir='ltr'><strong>cardinalis</strong></span> <span class='ocrx_word' id='word_1_256' title='bbox 889 1952 1073 2009; x_wconf 86' lang='lat' dir='ltr'><strong>Sancti</strong></span> <span class='ocrx_word' id='word_1_257' title='bbox 1097 1952 1344 2022; x_wconf 79' lang='lat' dir='ltr'><strong>Adriani,</strong></span> <span class='ocrx_word' id='word_1_258' title='bbox 1375 1952 1788 2009; x_wconf 82' lang='lat' dir='ltr'><strong>Rossemannus</strong></span> <span class='ocrx_word' id='word_1_259' title='bbox 1811 1953 1930 2008; x_wconf 86' lang='lat' dir='ltr'><strong>dia·-</strong></span> 
     </span>
     <span class='ocr_line' id='line_1_35' title="bbox 346 2044 1924 2117; baseline -0.001 -14"><span class='ocrx_word' id='word_1_260' title='bbox 346 2063 529 2103; x_wconf 89' lang='lat' dir='ltr'><strong>conus</strong></span> <span class='ocrx_word' id='word_1_261' title='bbox 559 2045 747 2102; x_wconf 81' lang='lat' dir='ltr'><strong>Sancti</strong></span> <span class='ocrx_word' id='word_1_262' title='bbox 788 2045 1030 2117; x_wconf 81' lang='lat' dir='ltr'><strong>Georgii,</strong></span> <span class='ocrx_word' id='word_1_263' title='bbox 1085 2044 1285 2101; x_wconf 90' lang='lat' dir='ltr'><strong>Comes</strong></span> <span class='ocrx_word' id='word_1_264' title='bbox 1311 2044 1609 2101; x_wconf 88' lang='lat' dir='ltr'><strong>cardinalis</strong></span> <span class='ocrx_word' id='word_1_265' title='bbox 1657 2044 1924 2102; x_wconf 88' lang='lat' dir='ltr'><strong>diaconus</strong></span> 
     </span>
     <span class='ocr_line' id='line_1_36' title="bbox 353 2135 1931 2207; baseline 0 -16"><span class='ocrx_word' id='word_1_266' title='bbox 353 2138 571 2192; x_wconf 79' lang='lat' dir='ltr'><strong>Sanctae</strong></span> <span class='ocrx_word' id='word_1_267' title='bbox 598 2135 783 2191; x_wconf 76' lang='lat' dir='ltr'><strong>Mariae</strong></span> <span class='ocrx_word' id='word_1_268' title='bbox 803 2136 858 2191; x_wconf 93' lang='lat' dir='ltr'><strong>in</strong></span> <span class='ocrx_word' id='word_1_269' title='bbox 882 2135 1114 2207; x_wconf 82' lang='lat' dir='ltr'><strong>Aquiro,</strong></span> <span class='ocrx_word' id='word_1_270' title='bbox 1148 2135 1448 2207; x_wconf 78' lang='lat' dir='ltr'><strong>Gregorius</strong></span> <span class='ocrx_word' id='word_1_271' title='bbox 1475 2136 1774 2194; x_wconf 84' lang='lat' dir='ltr'><strong>cardinalis</strong></span> <span class='ocrx_word' id='word_1_272' title='bbox 1813 2136 1931 2192; x_wconf 89' lang='lat' dir='ltr'><strong>dia-</strong></span> 
     </span>
     <span class='ocr_line' id='line_1_37' title="bbox 351 2226 1930 2299; baseline 0 -15"><span class='ocrx_word' id='word_1_273' title='bbox 351 2244 528 2284; x_wconf 84' lang='lat' dir='ltr'><strong>conus</strong></span> <span class='ocrx_word' id='word_1_274' title='bbox 549 2226 736 2284; x_wconf 87' lang='lat' dir='ltr'><strong>Sancti</strong></span> <span class='ocrx_word' id='word_1_275' title='bbox 760 2228 976 2299; x_wconf 76' lang='lat' dir='ltr'><strong>Angeli,</strong></span> <span class='ocrx_word' id='word_1_276' title='bbox 993 2228 1088 2297; x_wconf 89' lang='lat' dir='ltr'><strong>qui</strong></span> <span class='ocrx_word' id='word_1_277' title='bbox 1106 2228 1458 2299; x_wconf 86' lang='lat' dir='ltr'><strong>postmodum</strong></span> <span class='ocrx_word' id='word_1_278' title='bbox 1478 2228 1702 2284; x_wconf 80' lang='lat' dir='ltr'><strong>effectus</strong></span> <span class='ocrx_word' id='word_1_279' title='bbox 1725 2237 1809 2284; x_wconf 90' lang='lat' dir='ltr'><strong>est</strong></span> <span class='ocrx_word' id='word_1_280' title='bbox 1834 2243 1930 2298; x_wconf 88' lang='lat' dir='ltr'><strong>pa-</strong></span> 
     </span>
     <span class='ocr_line' id='line_1_38' title="bbox 351 2317 1932 2389; baseline 0.003 -17"><span class='ocrx_word' id='word_1_281' title='bbox 351 2322 421 2389; x_wconf 75' lang='lat' dir='ltr'><strong>p‘a</strong></span> <span class='ocrx_word' id='word_1_282' title='bbox 461 2319 644 2374; x_wconf 87' lang='lat' dir='ltr'><strong>dictus</strong></span> <span class='ocrx_word' id='word_1_283' title='bbox 683 2317 1057 2387; x_wconf 75' lang='lat' dir='ltr'><strong>Innocentius,</strong></span> <span class='ocrx_word' id='word_1_284' title='bbox 1083 2318 1325 2377; x_wconf 74' lang='lat' dir='ltr'><strong>loannes</strong></span> <span class='ocrx_word' id='word_1_285' title='bbox 1346 2319 1643 2377; x_wconf 87' lang='lat' dir='ltr'><strong>cardinalis</strong></span> <span class='ocrx_word' id='word_1_286' title='bbox 1668 2319 1932 2377; x_wconf 84' lang='lat' dir='ltr'><strong>diaconus</strong></span> 
     </span>
     <span class='ocr_line' id='line_1_39' title="bbox 356 2408 810 2465; baseline 0.002 -1"><span class='ocrx_word' id='word_1_287' title='bbox 356 2408 576 2465; x_wconf 81' lang='lat' dir='ltr'><strong>Sanctae</strong></span> <span class='ocrx_word' id='word_1_288' title='bbox 608 2408 810 2465; x_wconf 81' lang='lat' dir='ltr'><strong>aniae.</strong></span> 
     </span>
    </p>

    <p class='ocr_par' dir='ltr' id='par_1_6' title="bbox 355 2499 1936 2943">
     <span class='ocr_line' id='line_1_40' title="bbox 426 2499 1932 2572; baseline 0.003 -19"><span class='ocrx_word' id='word_1_289' title='bbox 426 2499 712 2556; x_wconf 82' lang='lat' dir='ltr'><strong>cxxxltt.</strong></span> <span class='ocrx_word' id='word_1_290' title='bbox 739 2500 872 2569; x_wconf 86' lang='lat' dir='ltr'><strong>Quae</strong></span> <span class='ocrx_word' id='word_1_291' title='bbox 895 2517 1022 2558; x_wconf 88' lang='lat' dir='ltr'><strong>eum</strong></span> <span class='ocrx_word' id='word_1_292' title='bbox 1053 2502 1128 2558; x_wconf 83' lang='lat' dir='ltr'><strong>ita</strong></span> <span class='ocrx_word' id='word_1_293' title='bbox 1162 2519 1222 2561; x_wconf 82' lang='lat' dir='ltr'><strong>se</strong></span> <span class='ocrx_word' id='word_1_294' title='bbox 1265 2504 1530 2572; x_wconf 85' lang='lat' dir='ltr'><strong>habeant,</strong></span> <span class='ocrx_word' id='word_1_295' title='bbox 1580 2503 1628 2560; x_wconf 90' lang='lat' dir='ltr'><strong>si</strong></span> <span class='ocrx_word' id='word_1_296' title='bbox 1678 2503 1932 2560; x_wconf 85' lang='lat' dir='ltr'><strong>doctrina</strong></span> 
     </span>
     <span class='ocr_line' id='line_1_41' title="bbox 358 2594 1929 2668; baseline 0.001 -19"><span class='ocrx_word' id='word_1_297' title='bbox 358 2594 478 2650; x_wconf 78' lang='lat' dir='ltr'><strong>hoec</strong></span> <span class='ocrx_word' id='word_1_298' title='bbox 504 2595 803 2665; x_wconf 81' lang='lat' dir='ltr'><strong>apostolica</strong></span> <span class='ocrx_word' id='word_1_299' title='bbox 838 2595 934 2650; x_wconf 90' lang='lat' dir='ltr'><strong>uni</strong></span> <span class='ocrx_word' id='word_1_300' title='bbox 963 2604 1177 2652; x_wconf 87' lang='lat' dir='ltr'><strong>tantum</strong></span> <span class='ocrx_word' id='word_1_301' title='bbox 1201 2596 1608 2668; x_wconf 78' lang='lat' dir='ltr'><strong>congregationi</strong></span> <span class='ocrx_word' id='word_1_302' title='bbox 1636 2597 1929 2661; x_wconf 86' lang='lat' dir='ltr'><strong>destinata,</strong></span> 
     </span>
     <span class='ocr_line' id='line_1_42' title="bbox 355 2686 1934 2759; baseline 0.002 -20"><span class='ocrx_word' id='word_1_303' title='bbox 355 2686 740 2742; x_wconf 72' lang='lat' dir='ltr'><strong>universaliter</strong></span> <span class='ocrx_word' id='word_1_304' title='bbox 779 2698 927 2744; x_wconf 86' lang='lat' dir='ltr'><strong>esset</strong></span> <span class='ocrx_word' id='word_1_305' title='bbox 969 2689 1278 2755; x_wconf 88' lang='lat' dir='ltr'><strong>enuntiata,</strong></span> <span class='ocrx_word' id='word_1_306' title='bbox 1314 2697 1528 2759; x_wconf 85' lang='lat' dir='ltr'><strong>poterat</strong></span> <span class='ocrx_word' id='word_1_307' title='bbox 1566 2688 1692 2744; x_wconf 90' lang='lat' dir='ltr'><strong>inde</strong></span> <span class='ocrx_word' id='word_1_308' title='bbox 1740 2688 1934 2744; x_wconf 88' lang='lat' dir='ltr'><strong>ahsor-</strong></span> 
     </span>
     <span class='ocr_line' id='line_1_43' title="bbox 357 2778 1935 2849; baseline 0.002 -17"><span class='ocrx_word' id='word_1_309' title='bbox 357 2778 475 2833; x_wconf 88' lang='lat' dir='ltr'><strong>heri</strong></span> <span class='ocrx_word' id='word_1_310' title='bbox 500 2793 643 2849; x_wconf 88' lang='lat' dir='ltr'><strong>aqna</strong></span> <span class='ocrx_word' id='word_1_311' title='bbox 673 2778 845 2835; x_wconf 83' lang='lat' dir='ltr'><strong>multa</strong></span> <span class='ocrx_word' id='word_1_312' title='bbox 874 2789 930 2835; x_wconf 90' lang='lat' dir='ltr'><strong>et</strong></span> <span class='ocrx_word' id='word_1_313' title='bbox 957 2781 1172 2836; x_wconf 87' lang='lat' dir='ltr'><strong>turbida</strong></span> <span class='ocrx_word' id='word_1_314' title='bbox 1212 2796 1281 2835; x_wconf 81' lang='lat' dir='ltr'><strong>ex</strong></span> <span class='ocrx_word' id='word_1_315' title='bbox 1321 2795 1417 2837; x_wconf 88' lang='lat' dir='ltr'><strong>ore</strong></span> <span class='ocrx_word' id='word_1_316' title='bbox 1462 2781 1719 2836; x_wconf 89' lang='lat' dir='ltr'><strong>draconis</strong></span> <span class='ocrx_word' id='word_1_317' title='bbox 1768 2780 1935 2836; x_wconf 86' lang='lat' dir='ltr'><strong>emis·</strong></span> 
     </span>
     <span class='ocr_line' id='line_1_44' title="bbox 356 2870 1936 2943; baseline 0.001 -19"><span class='ocrx_word' id='word_1_318' title='bbox 356 2884 441 2937; x_wconf 75' lang='lat' dir='ltr'><strong>sa,</strong></span> <span class='ocrx_word' id='word_1_319' title='bbox 474 2870 633 2940; x_wconf 76' lang='lat' dir='ltr'><strong>cuius</strong></span> <span class='ocrx_word' id='word_1_320' title='bbox 682 2887 788 2926; x_wconf 90' lang='lat' dir='ltr'><strong>non</strong></span> <span class='ocrx_word' id='word_1_321' title='bbox 839 2872 1053 2927; x_wconf 86' lang='lat' dir='ltr'><strong>modica</strong></span> <span class='ocrx_word' id='word_1_322' title='bbox 1077 2871 1278 2927; x_wconf 86' lang='lat' dir='ltr'><strong>lacuna</strong></span> <span class='ocrx_word' id='word_1_323' title='bbox 1302 2880 1386 2928; x_wconf 89' lang='lat' dir='ltr'><strong>est</strong></span> <span class='ocrx_word' id='word_1_324' title='bbox 1413 2872 1468 2926; x_wconf 90' lang='lat' dir='ltr'><strong>in</strong></span> <span class='ocrx_word' id='word_1_325' title='bbox 1497 2871 1590 2926; x_wconf 90' lang='lat' dir='ltr'><strong>illa</strong></span> <span class='ocrx_word' id='word_1_326' title='bbox 1617 2871 1802 2943; x_wconf 84' lang='lat' dir='ltr'><strong>regula</strong></span> <span class='ocrx_word' id='word_1_327' title='bbox 1833 2886 1936 2926; x_wconf 84' lang='lat' dir='ltr'><strong>sae-</strong></span> 
     </span>
    </p>
   </div>
   <div class='ocr_carea' id='block_1_6' title="bbox 2030 1770 3614 2943">
    <p class='ocr_par' dir='ltr' id='par_1_7' title="bbox 2030 1770 3614 2943">
     <span class='ocr_line' id='line_1_45' title="bbox 2034 1770 3606 1846; baseline -0.006 -12"><span class='ocrx_word' id='word_1_328' title='bbox 2034 1776 2237 1834; x_wconf 86' lang='lat' dir='ltr'><strong>cundia</strong></span> <span class='ocrx_word' id='word_1_329' title='bbox 2267 1775 2364 1831; x_wconf 88' lang='lat' dir='ltr'><strong>Dei</strong></span> <span class='ocrx_word' id='word_1_330' title='bbox 2400 1775 2591 1846; x_wconf 89' lang='lat' dir='ltr'><strong>plenas</strong></span> <span class='ocrx_word' id='word_1_331' title='bbox 2616 1782 2742 1846; x_wconf 89' lang='lat' dir='ltr'><strong>post</strong></span> <span class='ocrx_word' id='word_1_332' title='bbox 2765 1783 2987 1831; x_wconf 90' lang='lat' dir='ltr'><strong>cantum</strong></span> <span class='ocrx_word' id='word_1_333' title='bbox 3032 1781 3236 1843; x_wconf 85' lang='lat' dir='ltr'><strong>septem</strong></span> <span class='ocrx_word' id='word_1_334' title='bbox 3287 1770 3606 1843; x_wconf 87' lang='lat' dir='ltr'><strong>angelorum</strong></span> 
     </span>
     <span class='ocr_line' id='line_1_46' title="bbox 2030 1861 3607 1938; baseline -0.006 -13"><span class='ocrx_word' id='word_1_335' title='bbox 2030 1877 2239 1938; x_wconf 84' lang='lat' dir='ltr'><strong>septem</strong></span> <span class='ocrx_word' id='word_1_336' title='bbox 2285 1866 2447 1923; x_wconf 89' lang='lat' dir='ltr'><strong>tubas</strong></span> <span class='ocrx_word' id='word_1_337' title='bbox 2477 1866 2797 1921; x_wconf 81' lang='lat' dir='ltr'><strong>habentium</strong></span> <span class='ocrx_word' id='word_1_338' title='bbox 2849 1866 3082 1938; x_wconf 85' lang='lat' dir='ltr'><strong>legimus</strong></span> <span class='ocrx_word' id='word_1_339' title='bbox 3122 1863 3347 1929; x_wconf 73' lang='lat' dir='ltr'><strong>effusas,</strong></span> <span class='ocrx_word' id='word_1_340' title='bbox 3370 1871 3426 1919; x_wconf 91' lang='lat' dir='ltr'><strong>et</strong></span> <span class='ocrx_word' id='word_1_341' title='bbox 3459 1861 3607 1917; x_wconf 85' lang='lat' dir='ltr'><strong>tubis</strong></span> 
     </span>
     <span class='ocr_line' id='line_1_47' title="bbox 2031 1951 3601 2031; baseline -0.004 -17"><span class='ocrx_word' id='word_1_342' title='bbox 2031 1960 2257 2031; x_wconf 82' lang='lat' dir='ltr'><strong>quidem</strong></span> <span class='ocrx_word' id='word_1_343' title='bbox 2281 1958 2608 2016; x_wconf 86' lang='lat' dir='ltr'><strong>sonantibus</strong></span> <span class='ocrx_word' id='word_1_344' title='bbox 2633 1959 2821 2029; x_wconf 82' lang='lat' dir='ltr'><strong>plagas</strong></span> <span class='ocrx_word' id='word_1_345' title='bbox 2867 1973 3115 2028; x_wconf 82' lang='lat' dir='ltr'><strong>magnas,</strong></span> <span class='ocrx_word' id='word_1_346' title='bbox 3146 1955 3345 2028; x_wconf 88' lang='lat' dir='ltr'><strong>phialis</strong></span> <span class='ocrx_word' id='word_1_347' title='bbox 3375 1970 3503 2011; x_wconf 79' lang='lat' dir='ltr'><strong>vero</strong></span> <span class='ocrx_word' id='word_1_348' title='bbox 3530 1951 3601 2011; x_wconf 77' lang='lat' dir='ltr'><strong>es·</strong></span> 
     </span>
     <span class='ocr_line' id='line_1_48' title="bbox 2031 2043 3610 2122; baseline -0.004 -15"><span class='ocrx_word' id='word_1_349' title='bbox 2031 2050 2171 2107; x_wconf 75' lang='lat' dir='ltr'><strong>susis</strong></span> <span class='ocrx_word' id='word_1_350' title='bbox 2198 2051 2385 2122; x_wconf 79' lang='lat' dir='ltr'><strong>plagas</strong></span> <span class='ocrx_word' id='word_1_351' title='bbox 2412 2050 2649 2122; x_wconf 85' lang='lat' dir='ltr'><strong>majores</strong></span> <span class='ocrx_word' id='word_1_352' title='bbox 2708 2050 3015 2105; x_wconf 86' lang='lat' dir='ltr'><strong>invenimus</strong></span> <span class='ocrx_word' id='word_1_353' title='bbox 3048 2058 3104 2105; x_wconf 91' lang='lat' dir='ltr'><strong>et</strong></span> <span class='ocrx_word' id='word_1_354' title='bbox 3145 2047 3474 2103; x_wconf 84' lang='lat' dir='ltr'><strong>novissimas</strong></span> <span class='ocrx_word' id='word_1_355' title='bbox 3497 2086 3513 2112; x_wconf 93' lang='lat'><strong>,</strong></span> <span class='ocrx_word' id='word_1_356' title='bbox 3543 2043 3610 2100; x_wconf 83' lang='lat' dir='ltr'><strong>de</strong></span> 
     </span>
     <span class='ocr_line' id='line_1_49' title="bbox 2033 2139 3611 2214; baseline -0.003 -17"><span class='ocrx_word' id='word_1_357' title='bbox 2033 2142 2236 2214; x_wconf 86' lang='lat' dir='ltr'><strong>quibus</strong></span> <span class='ocrx_word' id='word_1_358' title='bbox 2262 2142 2370 2198; x_wconf 90' lang='lat' dir='ltr'><strong>dici</strong></span> <span class='ocrx_word' id='word_1_359' title='bbox 2402 2143 2686 2199; x_wconf 75' lang='lat' dir='ltr'><strong>conveniat</strong></span> <span class='ocrx_word' id='word_1_360' title='bbox 2714 2161 2727 2197; x_wconf 74' lang='grc' dir='ltr'><strong><em>ε</em></strong></span> <span class='ocrx_word' id='word_1_361' title='bbox 2763 2140 2919 2213; x_wconf 72' lang='grc' dir='ltr'><strong>19ηἰε</strong></span> <span class='ocrx_word' id='word_1_362' title='bbox 2951 2156 3201 2196; x_wconf 78' lang='lat' dir='ltr'><strong>accensus</strong></span> <span class='ocrx_word' id='word_1_363' title='bbox 3220 2151 3298 2195; x_wconf 75' lang='lat' dir='ltr'><strong>est</strong></span> <span class='ocrx_word' id='word_1_364' title='bbox 3331 2140 3385 2193; x_wconf 82' lang='lat' dir='ltr'><strong>in</strong></span> <span class='ocrx_word' id='word_1_365' title='bbox 3430 2139 3611 2209; x_wconf 73' lang='lat' dir='ltr'><strong>surore</strong></span> 
     </span>
     <span class='ocr_line' id='line_1_50' title="bbox 2033 2226 3610 2305; baseline -0.003 -17"><span class='ocrx_word' id='word_1_366' title='bbox 2033 2249 2147 2289; x_wconf 82' lang='lat' dir='ltr'><strong>meo</strong></span> <span class='ocrx_word' id='word_1_367' title='bbox 2169 2275 2185 2301; x_wconf 94' lang='lat'><strong>,</strong></span> <span class='ocrx_word' id='word_1_368' title='bbox 2227 2242 2278 2290; x_wconf 81' lang='grc' dir='ltr'><strong>ει</strong></span> <span class='ocrx_word' id='word_1_369' title='bbox 2324 2234 2516 2289; x_wconf 80' lang='lat' dir='ltr'><strong>ardens</strong></span> <span class='ocrx_word' id='word_1_370' title='bbox 2569 2250 2731 2305; x_wconf 73' lang='lat' dir='ltr'><strong>usque</strong></span> <span class='ocrx_word' id='word_1_371' title='bbox 2787 2233 2856 2288; x_wconf 82' lang='lat' dir='ltr'><strong>ad</strong></span> <span class='ocrx_word' id='word_1_372' title='bbox 2913 2234 3110 2304; x_wconf 70' lang='lat' dir='ltr'><strong>inferni</strong></span> <span class='ocrx_word' id='word_1_373' title='bbox 3154 2232 3459 2287; x_wconf 73' lang='lat' dir='ltr'><strong>novissima.</strong></span> <span class='ocrx_word' id='word_1_374' title='bbox 3505 2226 3610 2286; x_wconf 85' lang='lat' dir='ltr'><strong>Ubi</strong></span> 
     </span>
     <span class='ocr_line' id='line_1_51' title="bbox 2036 2323 3601 2398; baseline -0.004 -16"><span class='ocrx_word' id='word_1_375' title='bbox 2036 2340 2168 2398; x_wconf 86' lang='lat' dir='ltr'><strong>ergo</strong></span> <span class='ocrx_word' id='word_1_376' title='bbox 2197 2335 2386 2382; x_wconf 79' lang='lat' dir='ltr'><strong>sextus</strong></span> <span class='ocrx_word' id='word_1_377' title='bbox 2422 2325 2651 2397; x_wconf 85' lang='lat' dir='ltr'><strong>angelus</strong></span> <span class='ocrx_word' id='word_1_378' title='bbox 2695 2325 2827 2381; x_wconf 91' lang='lat' dir='ltr'><strong>tuba</strong></span> <span class='ocrx_word' id='word_1_379' title='bbox 2858 2324 3082 2391; x_wconf 88' lang='lat' dir='ltr'><strong>cecinit,</strong></span> <span class='ocrx_word' id='word_1_380' title='bbox 3117 2323 3280 2380; x_wconf 90' lang='lat' dir='ltr'><strong>soluti</strong></span> <span class='ocrx_word' id='word_1_381' title='bbox 3324 2331 3453 2379; x_wconf 88' lang='lat' dir='ltr'><strong>sunt</strong></span> <span class='ocrx_word' id='word_1_382' title='bbox 3474 2337 3601 2391; x_wconf 86' lang='lat' dir='ltr'><strong>qna·</strong></span> 
     </span>
     <span class='ocr_line' id='line_1_52' title="bbox 2036 2412 3613 2488; baseline -0.004 -17"><span class='ocrx_word' id='word_1_383' title='bbox 2036 2424 2163 2471; x_wconf 88' lang='lat' dir='ltr'><strong>tuor</strong></span> <span class='ocrx_word' id='word_1_384' title='bbox 2205 2414 2385 2486; x_wconf 87' lang='lat' dir='ltr'><strong>angeli</strong></span> <span class='ocrx_word' id='word_1_385' title='bbox 2434 2413 2529 2486; x_wconf 85' lang='lat' dir='ltr'><strong>qui</strong></span> <span class='ocrx_word' id='word_1_386' title='bbox 2580 2414 2789 2488; x_wconf 87' lang='lat' dir='ltr'><strong>alligati</strong></span> <span class='ocrx_word' id='word_1_387' title='bbox 2833 2423 2991 2470; x_wconf 89' lang='lat' dir='ltr'><strong>erant</strong></span> <span class='ocrx_word' id='word_1_388' title='bbox 3041 2414 3099 2469; x_wconf 91' lang='lat' dir='ltr'><strong>in</strong></span> <span class='ocrx_word' id='word_1_389' title='bbox 3142 2412 3366 2468; x_wconf 84' lang='lat' dir='ltr'><strong>flumine</strong></span> <span class='ocrx_word' id='word_1_390' title='bbox 3412 2426 3613 2482; x_wconf 88' lang='lat' dir='ltr'><strong>magno</strong></span> 
     </span>
     <span class='ocr_line' id='line_1_53' title="bbox 2035 2502 3610 2578; baseline -0.003 -17"><span class='ocrx_word' id='word_1_391' title='bbox 2035 2506 2335 2578; x_wconf 84' lang='lat' dir='ltr'><strong>Euphrate,</strong></span> <span class='ocrx_word' id='word_1_392' title='bbox 2388 2516 2444 2562; x_wconf 89' lang='lat' dir='ltr'><strong>et</strong></span> <span class='ocrx_word' id='word_1_393' title='bbox 2492 2507 2652 2578; x_wconf 83' lang='lat' dir='ltr'><strong>plaga</strong></span> <span class='ocrx_word' id='word_1_394' title='bbox 2699 2506 2802 2562; x_wconf 76' lang='lat' dir='ltr'><strong>suit</strong></span> <span class='ocrx_word' id='word_1_395' title='bbox 2850 2506 3157 2577; x_wconf 86' lang='lat' dir='ltr'><strong>corripiens</strong></span> <span class='ocrx_word' id='word_1_396' title='bbox 3207 2506 3473 2576; x_wconf 86' lang='lat' dir='ltr'><strong>populum</strong></span> <span class='ocrx_word' id='word_1_397' title='bbox 3511 2502 3610 2557; x_wconf 85' lang='lat' dir='ltr'><strong>Dei</strong></span> 
     </span>
     <span class='ocr_line' id='line_1_54' title="bbox 2035 2595 3612 2669; baseline -0.003 -16"><span class='ocrx_word' id='word_1_398' title='bbox 2035 2613 2131 2669; x_wconf 88' lang='lat' dir='ltr'><strong>per</strong></span> <span class='ocrx_word' id='word_1_399' title='bbox 2176 2608 2418 2668; x_wconf 84' lang='lat' dir='ltr'><strong>quatuor</strong></span> <span class='ocrx_word' id='word_1_400' title='bbox 2443 2597 2769 2668; x_wconf 88' lang='lat' dir='ltr'><strong>principalia</strong></span> <span class='ocrx_word' id='word_1_401' title='bbox 2807 2612 2976 2667; x_wconf 86' lang='lat' dir='ltr'><strong>regua</strong></span> <span class='ocrx_word' id='word_1_402' title='bbox 3010 2595 3200 2651; x_wconf 89' lang='lat' dir='ltr'><strong>mundi</strong></span> <span class='ocrx_word' id='word_1_403' title='bbox 3252 2595 3354 2652; x_wconf 88' lang='lat' dir='ltr'><strong>sub</strong></span> <span class='ocrx_word' id='word_1_404' title='bbox 3404 2595 3612 2666; x_wconf 83' lang='lat' dir='ltr'><strong>quihus</strong></span> 
     </span>
     <span class='ocr_line' id='line_1_55' title="bbox 2035 2686 3612 2759; baseline -0.002 -13"><span class='ocrx_word' id='word_1_405' title='bbox 2035 2689 2219 2746; x_wconf 82' lang='lat' dir='ltr'><strong>afflicti</strong></span> <span class='ocrx_word' id='word_1_406' title='bbox 2260 2700 2392 2746; x_wconf 86' lang='lat' dir='ltr'><strong>sunt</strong></span> <span class='ocrx_word' id='word_1_407' title='bbox 2431 2687 2598 2746; x_wconf 87' lang='lat' dir='ltr'><strong>lsrael</strong></span> <span class='ocrx_word' id='word_1_408' title='bbox 2659 2688 2783 2745; x_wconf 82' lang='lat' dir='ltr'><strong>sive</strong></span> <span class='ocrx_word' id='word_1_409' title='bbox 2831 2688 2973 2744; x_wconf 83' lang='lat' dir='ltr'><strong>Juda</strong></span> <span class='ocrx_word' id='word_1_410' title='bbox 3024 2703 3120 2759; x_wconf 88' lang='lat' dir='ltr'><strong>per</strong></span> <span class='ocrx_word' id='word_1_411' title='bbox 3164 2687 3433 2758; x_wconf 70' lang='lat' dir='ltr'><strong>iudicium</strong></span> <span class='ocrx_word' id='word_1_412' title='bbox 3489 2686 3612 2743; x_wconf 83' lang='lat' dir='ltr'><strong>Dei.</strong></span> 
     </span>
     <span class='ocr_line' id='line_1_56' title="bbox 2035 2778 3613 2853; baseline 0 -16"><span class='ocrx_word' id='word_1_413' title='bbox 2035 2782 2157 2839; x_wconf 86' lang='lat' dir='ltr'><strong>Non</strong></span> <span class='ocrx_word' id='word_1_414' title='bbox 2212 2782 2317 2838; x_wconf 82' lang='lat' dir='ltr'><strong>l&#39;uit</strong></span> <span class='ocrx_word' id='word_1_415' title='bbox 2370 2782 2463 2838; x_wconf 88' lang='lat' dir='ltr'><strong>illa</strong></span> <span class='ocrx_word' id='word_1_416' title='bbox 2520 2782 2677 2853; x_wconf 85' lang='lat' dir='ltr'><strong>plaga</strong></span> <span class='ocrx_word' id='word_1_417' title='bbox 2734 2780 2804 2837; x_wconf 94' lang='lat' dir='ltr'><strong>de</strong></span> <span class='ocrx_word' id='word_1_418' title='bbox 2850 2778 3169 2836; x_wconf 81' lang='lat' dir='ltr'><strong>novissimis</strong></span> <span class='ocrx_word' id='word_1_419' title='bbox 3207 2821 3223 2847; x_wconf 94' lang='lat'><strong>,</strong></span> <span class='ocrx_word' id='word_1_420' title='bbox 3287 2779 3342 2835; x_wconf 91' lang='lat' dir='ltr'><strong>in</strong></span> <span class='ocrx_word' id='word_1_421' title='bbox 3410 2778 3613 2849; x_wconf 83' lang='lat' dir='ltr'><strong>quibus</strong></span> 
     </span>
     <span class='ocr_line' id='line_1_57' title="bbox 2036 2870 3614 2943; baseline -0.003 -13"><span class='ocrx_word' id='word_1_422' title='bbox 2036 2882 2458 2931; x_wconf 87' lang='lat' dir='ltr'><strong>consummatur</strong></span> <span class='ocrx_word' id='word_1_423' title='bbox 2504 2872 2790 2929; x_wconf 88' lang='lat' dir='ltr'><strong>iracundia</strong></span> <span class='ocrx_word' id='word_1_424' title='bbox 2835 2870 2971 2940; x_wconf 80' lang='lat' dir='ltr'><strong>Dei;</strong></span> <span class='ocrx_word' id='word_1_425' title='bbox 3026 2871 3156 2943; x_wconf 87' lang='lat' dir='ltr'><strong>quia</strong></span> <span class='ocrx_word' id='word_1_426' title='bbox 3206 2886 3312 2927; x_wconf 90' lang='lat' dir='ltr'><strong>non</strong></span> <span class='ocrx_word' id='word_1_427' title='bbox 3358 2872 3614 2937; x_wconf 74' lang='lat' dir='ltr'><strong>animaS,</strong></span> 
     </span>
    </p>
   </div>
   <div class='ocr_carea' id='block_1_7' title="bbox 357 2961 3612 3061">
    <p class='ocr_par' dir='ltr' id='par_1_8' title="bbox 357 2961 3612 3061">
     <span class='ocr_line' id='line_1_58' title="bbox 357 2961 3612 3061; baseline -0.001 -44"><span class='ocrx_word' id='word_1_428' title='bbox 357 2976 423 3032; x_wconf 86' lang='lat' dir='ltr'><strong>pe</strong></span> <span class='ocrx_word' id='word_1_429' title='bbox 466 2970 648 3017; x_wconf 84' lang='lat' dir='ltr'><strong>notata</strong></span> <span class='ocrx_word' id='word_1_430' title='bbox 672 3002 687 3028; x_wconf 96' lang='lat'><strong>,</strong></span> <span class='ocrx_word' id='word_1_431' title='bbox 733 2972 788 3018; x_wconf 92' lang='grc' dir='ltr'><strong>ει</strong></span> <span class='ocrx_word' id='word_1_432' title='bbox 816 2961 998 3019; x_wconf 89' lang='lat' dir='ltr'><strong>adhuc</strong></span> <span class='ocrx_word' id='word_1_433' title='bbox 1023 2962 1136 3019; x_wconf 89' lang='lat' dir='ltr'><strong>Deo</strong></span> <span class='ocrx_word' id='word_1_434' title='bbox 1177 2962 1395 3019; x_wconf 77' lang='lat' dir='ltr'><strong>volente</strong></span> <span class='ocrx_word' id='word_1_435' title='bbox 1429 2963 1665 3033; x_wconf 88' lang='lat' dir='ltr'><strong>amplius</strong></span> <span class='ocrx_word' id='word_1_436' title='bbox 1696 2962 1932 3018; x_wconf 89' lang='lat' dir='ltr'><strong>notanda</strong></span> <span class='ocrx_word' id='word_1_437' title='bbox 1962 3002 2005 3061; x_wconf 77' lang='lat' dir='ltr'>C</span> <span class='ocrx_word' id='word_1_438' title='bbox 2039 2966 2136 3024; x_wconf 89' lang='lat' dir='ltr'><strong>sed</strong></span> <span class='ocrx_word' id='word_1_439' title='bbox 2168 2981 2402 3037; x_wconf 88' lang='lat' dir='ltr'><strong>corpora</strong></span> <span class='ocrx_word' id='word_1_440' title='bbox 2432 2965 2684 3021; x_wconf 86' lang='lat' dir='ltr'><strong>tradebat</strong></span> <span class='ocrx_word' id='word_1_441' title='bbox 2712 2964 2918 3020; x_wconf 88' lang='lat' dir='ltr'><strong>talibus</strong></span> <span class='ocrx_word' id='word_1_442' title='bbox 2942 2963 3153 3035; x_wconf 80' lang='lat' dir='ltr'><strong>angelis</strong></span> <span class='ocrx_word' id='word_1_443' title='bbox 3173 3003 3189 3030; x_wconf 94' lang='lat'><strong>,</strong></span> <span class='ocrx_word' id='word_1_444' title='bbox 3220 2962 3274 3020; x_wconf 91' lang='lat' dir='ltr'><strong>id</strong></span> <span class='ocrx_word' id='word_1_445' title='bbox 3306 2973 3389 3018; x_wconf 84' lang='lat' dir='ltr'><strong>est</strong></span> <span class='ocrx_word' id='word_1_446' title='bbox 3429 2961 3612 3032; x_wconf 76' lang='lat' dir='ltr'><strong>regnis</strong></span> 
     </span>
    </p>
   </div>
   <div class='ocr_carea' id='block_1_8' title="bbox 355 3051 1937 4131">
    <p class='ocr_par' dir='ltr' id='par_1_9' title="bbox 355 3051 1937 4131">
     <span class='ocr_line' id='line_1_59' title="bbox 355 3051 1934 3124; baseline 0.002 -18"><span class='ocrx_word' id='word_1_447' title='bbox 355 3061 411 3107; x_wconf 85' lang='lat' dir='ltr'><strong>et</strong></span> <span class='ocrx_word' id='word_1_448' title='bbox 451 3051 826 3107; x_wconf 77' lang='lat' dir='ltr'><strong>cantet-landa.</strong></span> <span class='ocrx_word' id='word_1_449' title='bbox 859 3051 955 3107; x_wconf 83' lang='lat' dir='ltr'><strong>Est</strong></span> <span class='ocrx_word' id='word_1_450' title='bbox 973 3054 1120 3107; x_wconf 90' lang='lat' dir='ltr'><strong>enim</strong></span> <span class='ocrx_word' id='word_1_451' title='bbox 1151 3054 1337 3123; x_wconf 86' lang='lat' dir='ltr'><strong>regula</strong></span> <span class='ocrx_word' id='word_1_452' title='bbox 1365 3054 1490 3120; x_wconf 89' lang='lat' dir='ltr'><strong>ista,</strong></span> <span class='ocrx_word' id='word_1_453' title='bbox 1510 3054 1565 3108; x_wconf 87' lang='lat' dir='ltr'><strong>ni</strong></span> <span class='ocrx_word' id='word_1_454' title='bbox 1588 3054 1934 3124; x_wconf 76' lang='lat' dir='ltr'><strong>fallor,quae·</strong></span> 
     </span>
     <span class='ocr_line' id='line_1_60' title="bbox 355 3138 1935 3214; baseline 0.002 -18"><span class='ocrx_word' id='word_1_455' title='bbox 355 3142 483 3196; x_wconf 83' lang='lat' dir='ltr'><strong>dam</strong></span> <span class='ocrx_word' id='word_1_456' title='bbox 514 3143 580 3197; x_wconf 88' lang='lat' dir='ltr'><strong>dc</strong></span> <span class='ocrx_word' id='word_1_457' title='bbox 611 3144 703 3196; x_wconf 74' lang='lat' dir='ltr'><strong>iilo</strong></span> <span class='ocrx_word' id='word_1_458' title='bbox 748 3142 970 3198; x_wconf 85' lang='lat' dir='ltr'><strong>flumine</strong></span> <span class='ocrx_word' id='word_1_459' title='bbox 1021 3138 1221 3213; x_wconf 78' lang='lat' dir='ltr'><strong>niagno</strong></span> <span class='ocrx_word' id='word_1_460' title='bbox 1275 3142 1551 3214; x_wconf 85' lang='lat' dir='ltr'><strong>Euphrate</strong></span> <span class='ocrx_word' id='word_1_461' title='bbox 1593 3144 1821 3201; x_wconf 88' lang='lat' dir='ltr'><strong>collecta</strong></span> <span class='ocrx_word' id='word_1_462' title='bbox 1850 3145 1935 3200; x_wconf 80' lang='lat' dir='ltr'><strong>vel</strong></span> 
     </span>
     <span class='ocr_line' id='line_1_61' title="bbox 359 3233 1935 3307; baseline 0.005 -20"><span class='ocrx_word' id='word_1_463' title='bbox 359 3248 582 3304; x_wconf 82' lang='lat' dir='ltr'><strong>egressa</strong></span> <span class='ocrx_word' id='word_1_464' title='bbox 618 3233 914 3289; x_wconf 78' lang='lat' dir='ltr'><strong>exundatio</strong></span> <span class='ocrx_word' id='word_1_465' title='bbox 939 3275 954 3301; x_wconf 91' lang='lat'><strong>,</strong></span> <span class='ocrx_word' id='word_1_466' title='bbox 994 3233 1048 3288; x_wconf 89' lang='lat' dir='ltr'><strong>in</strong></span> <span class='ocrx_word' id='word_1_467' title='bbox 1085 3249 1192 3304; x_wconf 87' lang='lat' dir='ltr'><strong>qua</strong></span> <span class='ocrx_word' id='word_1_468' title='bbox 1222 3250 1375 3305; x_wconf 82' lang='lat' dir='ltr'><strong>purae</strong></span> <span class='ocrx_word' id='word_1_469' title='bbox 1413 3251 1479 3292; x_wconf 88' lang='lat' dir='ltr'><strong>ac</strong></span> <span class='ocrx_word' id='word_1_470' title='bbox 1519 3235 1748 3292; x_wconf 83' lang='lat' dir='ltr'><strong>turbidae</strong></span> <span class='ocrx_word' id='word_1_471' title='bbox 1776 3252 1935 3307; x_wconf 81' lang='lat' dir='ltr'><strong>aquae</strong></span> 
     </span>
     <span class='ocr_line' id='line_1_62' title="bbox 358 3324 1935 3399; baseline 0.004 -21"><span class='ocrx_word' id='word_1_472' title='bbox 358 3324 689 3397; x_wconf 68' lang='lat' dir='ltr'><strong>Babylonica</strong></span> <span class='ocrx_word' id='word_1_473' title='bbox 721 3327 970 3397; x_wconf 76' lang='lat' dir='ltr'><strong>quaedam</strong></span> <span class='ocrx_word' id='word_1_474' title='bbox 1003 3334 1089 3382; x_wconf 91' lang='lat' dir='ltr'><strong>est</strong></span> <span class='ocrx_word' id='word_1_475' title='bbox 1129 3326 1403 3384; x_wconf 75' lang='lat' dir='ltr'><strong>confusio.</strong></span> <span class='ocrx_word' id='word_1_476' title='bbox 1450 3327 1591 3396; x_wconf 86' lang='lat' dir='ltr'><strong>Quid</strong></span> <span class='ocrx_word' id='word_1_477' title='bbox 1630 3329 1778 3385; x_wconf 92' lang='lat' dir='ltr'><strong>enim</strong></span> <span class='ocrx_word' id='word_1_478' title='bbox 1830 3344 1935 3399; x_wconf 88' lang='lat' dir='ltr'><strong>pu-</strong></span> 
     </span>
     <span class='ocr_line' id='line_1_63' title="bbox 360 3416 1935 3490; baseline 0.003 -20"><span class='ocrx_word' id='word_1_479' title='bbox 360 3417 476 3471; x_wconf 87' lang='lat' dir='ltr'><strong>rius</strong></span> <span class='ocrx_word' id='word_1_480' title='bbox 513 3431 678 3487; x_wconf 87' lang='lat' dir='ltr'><strong>quam</strong></span> <span class='ocrx_word' id='word_1_481' title='bbox 721 3416 869 3488; x_wconf 91' lang='lat' dir='ltr'><strong>quod</strong></span> <span class='ocrx_word' id='word_1_482' title='bbox 897 3418 952 3472; x_wconf 91' lang='lat' dir='ltr'><strong>in</strong></span> <span class='ocrx_word' id='word_1_483' title='bbox 983 3418 1298 3476; x_wconf 89' lang='lat' dir='ltr'><strong>collectario</strong></span> <span class='ocrx_word' id='word_1_484' title='bbox 1329 3419 1724 3477; x_wconf 88' lang='lat' dir='ltr'><strong>sententiarum</strong></span> <span class='ocrx_word' id='word_1_485' title='bbox 1752 3428 1935 3490; x_wconf 87' lang='lat' dir='ltr'><strong>pater-</strong></span> 
     </span>
     <span class='ocr_line' id='line_1_64' title="bbox 360 3511 1937 3583; baseline 0.005 -21"><span class='ocrx_word' id='word_1_486' title='bbox 360 3524 555 3564; x_wconf 87' lang='lat' dir='ltr'><strong>narum</strong></span> <span class='ocrx_word' id='word_1_487' title='bbox 596 3511 798 3581; x_wconf 69' lang='lat' dir='ltr'><strong>regulae</strong></span> <span class='ocrx_word' id='word_1_488' title='bbox 851 3511 980 3567; x_wconf 90' lang='lat' dir='ltr'><strong>huic</strong></span> <span class='ocrx_word' id='word_1_489' title='bbox 1024 3513 1457 3583; x_wconf 83' lang='lat' dir='ltr'><strong>antepositarum</strong></span> <span class='ocrx_word' id='word_1_490' title='bbox 1488 3514 1598 3570; x_wconf 77' lang='lat' dir='ltr'><strong>vita</strong></span> <span class='ocrx_word' id='word_1_491' title='bbox 1627 3514 1937 3571; x_wconf 89' lang='lat' dir='ltr'><strong>communis</strong></span> 
     </span>
     <span class='ocr_line' id='line_1_65' title="bbox 359 3599 1931 3675; baseline 0.003 -22"><span class='ocrx_word' id='word_1_492' title='bbox 359 3599 702 3670; x_wconf 80' lang='lat' dir='ltr'><strong>apertissime</strong></span> <span class='ocrx_word' id='word_1_493' title='bbox 727 3600 1068 3670; x_wconf 84' lang='lat' dir='ltr'><strong>declaratur,</strong></span> <span class='ocrx_word' id='word_1_494' title='bbox 1106 3603 1292 3674; x_wconf 87' lang='lat' dir='ltr'><strong>inqua</strong></span> <span class='ocrx_word' id='word_1_495' title='bbox 1320 3603 1455 3660; x_wconf 84' lang='lat' dir='ltr'><strong>solis</strong></span> <span class='ocrx_word' id='word_1_496' title='bbox 1487 3602 1594 3659; x_wconf 87' lang='lat' dir='ltr'><strong>illis</strong></span> <span class='ocrx_word' id='word_1_497' title='bbox 1645 3619 1788 3675; x_wconf 83' lang='lat' dir='ltr'><strong>quos</strong></span> <span class='ocrx_word' id='word_1_498' title='bbox 1830 3618 1931 3658; x_wconf 90' lang='lat' dir='ltr'><strong>ne-</strong></span> 
     </span>
     <span class='ocr_line' id='line_1_66' title="bbox 358 3690 1934 3766; baseline 0.002 -20"><span class='ocrx_word' id='word_1_499' title='bbox 358 3690 589 3747; x_wconf 84' lang='lat' dir='ltr'><strong>cessitas</strong></span> <span class='ocrx_word' id='word_1_500' title='bbox 635 3700 734 3747; x_wconf 90' lang='lat' dir='ltr'><strong>aut</strong></span> <span class='ocrx_word' id='word_1_501' title='bbox 790 3693 1044 3750; x_wconf 83' lang='lat' dir='ltr'><strong>voluntas</strong></span> <span class='ocrx_word' id='word_1_502' title='bbox 1100 3710 1369 3765; x_wconf 85' lang='lat' dir='ltr'><strong>pauperes</strong></span> <span class='ocrx_word' id='word_1_503' title='bbox 1412 3694 1540 3751; x_wconf 75' lang='lat' dir='ltr'><strong>lecit</strong></span> <span class='ocrx_word' id='word_1_504' title='bbox 1603 3695 1934 3766; x_wconf 88' lang='lat' dir='ltr'><strong>stipendium</strong></span> 
     </span>
     <span class='ocr_line' id='line_1_67' title="bbox 359 3785 1934 3859; baseline 0.003 -22"><span class='ocrx_word' id='word_1_505' title='bbox 359 3791 680 3852; x_wconf 87' lang='lat' dir='ltr'><strong>competens</strong></span> <span class='ocrx_word' id='word_1_506' title='bbox 720 3794 887 3855; x_wconf 89' lang='lat' dir='ltr'><strong>prout</strong></span> <span class='ocrx_word' id='word_1_507' title='bbox 938 3785 1138 3857; x_wconf 89' lang='lat' dir='ltr'><strong>cuique</strong></span> <span class='ocrx_word' id='word_1_508' title='bbox 1194 3803 1333 3859; x_wconf 89' lang='lat' dir='ltr'><strong>opus</strong></span> <span class='ocrx_word' id='word_1_509' title='bbox 1384 3796 1469 3843; x_wconf 81' lang='lat' dir='ltr'><strong>est</strong></span> <span class='ocrx_word' id='word_1_510' title='bbox 1511 3787 1800 3843; x_wconf 88' lang='lat' dir='ltr'><strong>ordinatur</strong></span> <span class='ocrx_word' id='word_1_511' title='bbox 1836 3787 1934 3842; x_wconf 86' lang='lat' dir='ltr'><strong>:in</strong></span> 
     </span>
     <span class='ocr_line' id='line_1_68' title="bbox 361 3875 1936 3950; baseline 0.003 -22"><span class='ocrx_word' id='word_1_512' title='bbox 361 3889 469 3943; x_wconf 82' lang='lat' dir='ltr'><strong>qua</strong></span> <span class='ocrx_word' id='word_1_513' title='bbox 543 3875 709 3931; x_wconf 89' lang='lat' dir='ltr'><strong>etiam</strong></span> <span class='ocrx_word' id='word_1_514' title='bbox 779 3875 904 3932; x_wconf 89' lang='lat' dir='ltr'><strong>talis</strong></span> <span class='ocrx_word' id='word_1_515' title='bbox 959 3877 1305 3949; x_wconf 86' lang='lat' dir='ltr'><strong>dispensator</strong></span> <span class='ocrx_word' id='word_1_516' title='bbox 1355 3879 1675 3935; x_wconf 90' lang='lat' dir='ltr'><strong>eorumdem</strong></span> <span class='ocrx_word' id='word_1_517' title='bbox 1725 3880 1936 3950; x_wconf 87' lang='lat' dir='ltr'><strong>stipen-</strong></span> 
     </span>
     <span class='ocr_line' id='line_1_69' title="bbox 358 3965 1935 4042; baseline 0.004 -22"><span class='ocrx_word' id='word_1_518' title='bbox 358 3965 580 4020; x_wconf 89' lang='lat' dir='ltr'><strong>diorum</strong></span> <span class='ocrx_word' id='word_1_519' title='bbox 635 3969 1056 4025; x_wconf 85' lang='lat' dir='ltr'><strong>commendatur</strong></span> <span class='ocrx_word' id='word_1_520' title='bbox 1082 4012 1099 4037; x_wconf 95' lang='lat'><strong>,</strong></span> <span class='ocrx_word' id='word_1_521' title='bbox 1151 3970 1289 4041; x_wconf 85' lang='lat' dir='ltr'><strong>qui,</strong></span> <span class='ocrx_word' id='word_1_522' title='bbox 1336 3981 1395 4027; x_wconf 89' lang='lat' dir='ltr'><strong>ut</strong></span> <span class='ocrx_word' id='word_1_523' title='bbox 1423 3970 1660 4042; x_wconf 85' lang='lat' dir='ltr'><strong>Prosper</strong></span> <span class='ocrx_word' id='word_1_524' title='bbox 1703 3971 1818 4038; x_wconf 85' lang='lat' dir='ltr'><strong>ait,</strong></span> <span class='ocrx_word' id='word_1_525' title='bbox 1851 3972 1935 4028; x_wconf 78' lang='lat' dir='ltr'><strong>vel</strong></span> 
     </span>
     <span class='ocr_line' id='line_1_70' title="bbox 357 4057 1935 4131; baseline 0.005 -18"><span class='ocrx_word' id='word_1_526' title='bbox 357 4057 546 4113; x_wconf 87' lang='lat' dir='ltr'><strong>omnia</strong></span> <span class='ocrx_word' id='word_1_527' title='bbox 591 4074 691 4115; x_wconf 88' lang='lat' dir='ltr'><strong>sua</strong></span> <span class='ocrx_word' id='word_1_528' title='bbox 725 4061 1061 4131; x_wconf 88' lang='lat' dir='ltr'><strong>pauperibus</strong></span> <span class='ocrx_word' id='word_1_529' title='bbox 1092 4062 1410 4131; x_wconf 88' lang='lat' dir='ltr'><strong>distribuit,</strong></span> <span class='ocrx_word' id='word_1_530' title='bbox 1443 4063 1530 4119; x_wconf 83' lang='lat' dir='ltr'><strong>vel</strong></span> <span class='ocrx_word' id='word_1_531' title='bbox 1567 4064 1813 4121; x_wconf 85' lang='lat' dir='ltr'><strong>ecclesiae</strong></span> <span class='ocrx_word' id='word_1_532' title='bbox 1848 4082 1935 4121; x_wconf 87' lang='lat' dir='ltr'><strong>re-</strong></span> 
     </span>
    </p>
   </div>
   <div class='ocr_carea' id='block_1_9' title="bbox 2039 3071 3620 3218">
    <p class='ocr_par' dir='ltr' id='par_1_10' title="bbox 2039 3071 3620 3218">
     <span class='ocr_line' id='line_1_71' title="bbox 2039 3071 3620 3218; baseline -0.004 -13"><span class='ocrx_word' id='word_1_533' title='bbox 2039 3071 2369 3205; x_wconf 45' lang='lat' dir='ltr'><strong>letgtinissxv·</strong></span> <span class='ocrx_word' id='word_1_534' title='bbox 2389 3148 2461 3203; x_wconf 82' lang='lat' dir='ltr'><strong>At</strong></span> <span class='ocrx_word' id='word_1_535' title='bbox 2483 3163 2614 3203; x_wconf 82' lang='lat' dir='ltr'><strong>vero</strong></span> <span class='ocrx_word' id='word_1_536' title='bbox 2640 3146 2822 3218; x_wconf 82' lang='lat' dir='ltr'><strong>phiala</strong></span> <span class='ocrx_word' id='word_1_537' title='bbox 2846 3146 2969 3203; x_wconf 86' lang='lat' dir='ltr'><strong>heic</strong></span> <span class='ocrx_word' id='word_1_538' title='bbox 2989 3144 3291 3202; x_wconf 76' lang='lat' dir='ltr'><strong>effunditur</strong></span> <span class='ocrx_word' id='word_1_539' title='bbox 3319 3143 3620 3200; x_wconf 62' lang='lat' dir='ltr'><strong>iracundias</strong></span> 
     </span>
    </p>
   </div>
   <div class='ocr_carea' id='block_1_10' title="bbox 2036 3234 3621 4138">
    <p class='ocr_par' dir='ltr' id='par_1_11' title="bbox 2036 3234 3621 4138">
     <span class='ocr_line' id='line_1_72' title="bbox 2040 3234 3619 3307; baseline -0.004 -12"><span class='ocrx_word' id='word_1_540' title='bbox 2040 3241 2136 3297; x_wconf 89' lang='lat' dir='ltr'><strong>Dei</strong></span> <span class='ocrx_word' id='word_1_541' title='bbox 2167 3242 2225 3296; x_wconf 86' lang='lat' dir='ltr'><strong>in</strong></span> <span class='ocrx_word' id='word_1_542' title='bbox 2249 3239 2385 3296; x_wconf 85' lang='lat' dir='ltr'><strong>illud</strong></span> <span class='ocrx_word' id='word_1_543' title='bbox 2427 3240 2651 3306; x_wconf 83' lang='lat' dir='ltr'><strong>flumen,</strong></span> <span class='ocrx_word' id='word_1_544' title='bbox 2676 3253 2787 3294; x_wconf 89' lang='lat' dir='ltr'><strong>non</strong></span> <span class='ocrx_word' id='word_1_545' title='bbox 2818 3248 2880 3293; x_wconf 88' lang='lat' dir='ltr'><strong>ut</strong></span> <span class='ocrx_word' id='word_1_546' title='bbox 2906 3238 3193 3294; x_wconf 83' lang='lat' dir='ltr'><strong>solvantur</strong></span> <span class='ocrx_word' id='word_1_547' title='bbox 3236 3235 3373 3292; x_wconf 90' lang='lat' dir='ltr'><strong>tales</strong></span> <span class='ocrx_word' id='word_1_548' title='bbox 3415 3234 3619 3307; x_wconf 86' lang='lat' dir='ltr'><strong>angeli,</strong></span> 
     </span>
     <span class='ocr_line' id='line_1_73' title="bbox 2038 3328 3621 3402; baseline -0.006 -13"><span class='ocrx_word' id='word_1_549' title='bbox 2038 3334 2133 3389; x_wconf 90' lang='lat' dir='ltr'><strong>sed</strong></span> <span class='ocrx_word' id='word_1_550' title='bbox 2163 3343 2224 3388; x_wconf 89' lang='lat' dir='ltr'><strong>ut</strong></span> <span class='ocrx_word' id='word_1_551' title='bbox 2249 3332 2553 3388; x_wconf 85' lang='lat' dir='ltr'><strong>siccaretur</strong></span> <span class='ocrx_word' id='word_1_552' title='bbox 2573 3331 2721 3402; x_wconf 77' lang='lat' dir='ltr'><strong>‘aqua</strong></span> <span class='ocrx_word' id='word_1_553' title='bbox 2743 3330 2865 3400; x_wconf 85' lang='lat' dir='ltr'><strong>ejus</strong></span> <span class='ocrx_word' id='word_1_554' title='bbox 2884 3371 2900 3397; x_wconf 92' lang='lat'><strong>,</strong></span> <span class='ocrx_word' id='word_1_555' title='bbox 2933 3338 2989 3386; x_wconf 88' lang='lat' dir='ltr'><strong>et</strong></span> <span class='ocrx_word' id='word_1_556' title='bbox 3023 3339 3311 3400; x_wconf 88' lang='lat' dir='ltr'><strong>pararetur</strong></span> <span class='ocrx_word' id='word_1_557' title='bbox 3342 3328 3427 3382; x_wconf 78' lang='lat' dir='ltr'><strong>via</strong></span> <span class='ocrx_word' id='word_1_558' title='bbox 3474 3328 3621 3399; x_wconf 81' lang='lat' dir='ltr'><strong>regi-</strong></span> 
     </span>
     <span class='ocr_line' id='line_1_74' title="bbox 2038 3418 3615 3495; baseline -0.005 -15"><span class='ocrx_word' id='word_1_559' title='bbox 2038 3425 2146 3481; x_wconf 90' lang='lat' dir='ltr'><strong>bus</strong></span> <span class='ocrx_word' id='word_1_560' title='bbox 2180 3424 2251 3480; x_wconf 88' lang='lat' dir='ltr'><strong>ab</strong></span> <span class='ocrx_word' id='word_1_561' title='bbox 2278 3433 2399 3480; x_wconf 87' lang='lat' dir='ltr'><strong>ortu</strong></span> <span class='ocrx_word' id='word_1_562' title='bbox 2431 3424 2584 3480; x_wconf 88' lang='lat' dir='ltr'><strong>solis.</strong></span> <span class='ocrx_word' id='word_1_563' title='bbox 2648 3422 2791 3495; x_wconf 87' lang='lat' dir='ltr'><strong>Ergo</strong></span> <span class='ocrx_word' id='word_1_564' title='bbox 2817 3424 2875 3478; x_wconf 86' lang='lat' dir='ltr'><strong>in</strong></span> <span class='ocrx_word' id='word_1_565' title='bbox 2920 3437 3061 3493; x_wconf 83' lang='lat' dir='ltr'><strong>aqua</strong></span> <span class='ocrx_word' id='word_1_566' title='bbox 3104 3420 3347 3476; x_wconf 84' lang='lat' dir='ltr'><strong>fluminis</strong></span> <span class='ocrx_word' id='word_1_567' title='bbox 3383 3418 3615 3474; x_wconf 68' lang='lat' dir='ltr'><strong>effundi·</strong></span> 
     </span>
     <span class='ocr_line' id='line_1_75' title="bbox 2038 3511 3620 3587; baseline -0.003 -15"><span class='ocrx_word' id='word_1_568' title='bbox 2038 3526 2129 3572; x_wconf 89' lang='lat' dir='ltr'><strong>tur</strong></span> <span class='ocrx_word' id='word_1_569' title='bbox 2152 3516 2333 3587; x_wconf 87' lang='lat' dir='ltr'><strong>phiala</strong></span> <span class='ocrx_word' id='word_1_570' title='bbox 2366 3516 2463 3571; x_wconf 81' lang='lat' dir='ltr'><strong>irae</strong></span> <span class='ocrx_word' id='word_1_571' title='bbox 2487 3514 2604 3571; x_wconf 89' lang='lat' dir='ltr'><strong>Dei.</strong></span> <span class='ocrx_word' id='word_1_572' title='bbox 2635 3514 2703 3571; x_wconf 90' lang='lat' dir='ltr'><strong>Et</strong></span> <span class='ocrx_word' id='word_1_573' title='bbox 2732 3514 2940 3571; x_wconf 88' lang='lat' dir='ltr'><strong>idcirco</strong></span> <span class='ocrx_word' id='word_1_574' title='bbox 2967 3528 3168 3586; x_wconf 83' lang='lat' dir='ltr'><strong>aquam</strong></span> <span class='ocrx_word' id='word_1_575' title='bbox 3205 3511 3367 3568; x_wconf 86' lang='lat' dir='ltr'><strong>talem</strong></span> <span class='ocrx_word' id='word_1_576' title='bbox 3398 3521 3620 3581; x_wconf 86' lang='lat' dir='ltr'><strong>oportet</strong></span> 
     </span>
     <span class='ocr_line' id='line_1_76' title="bbox 2037 3603 3616 3679; baseline -0.003 -15"><span class='ocrx_word' id='word_1_577' title='bbox 2037 3607 2306 3679; x_wconf 85' lang='lat' dir='ltr'><strong>intelligi,</strong></span> <span class='ocrx_word' id='word_1_578' title='bbox 2346 3608 2436 3663; x_wconf 92' lang='lat' dir='ltr'><strong>cui</strong></span> <span class='ocrx_word' id='word_1_579' title='bbox 2486 3607 2887 3664; x_wconf 90' lang='lat' dir='ltr'><strong>rationabiliter</strong></span> <span class='ocrx_word' id='word_1_580' title='bbox 2914 3606 3130 3662; x_wconf 90' lang='lat' dir='ltr'><strong>dicatur</strong></span> <span class='ocrx_word' id='word_1_581' title='bbox 3177 3604 3362 3661; x_wconf 89' lang='lat' dir='ltr'><strong>deberi</strong></span> <span class='ocrx_word' id='word_1_582' title='bbox 3392 3603 3616 3660; x_wconf 85' lang='lat' dir='ltr'><strong>iracun-</strong></span> 
     </span>
     <span class='ocr_line' id='line_1_77' title="bbox 2037 3694 3619 3771; baseline -0.003 -17"><span class='ocrx_word' id='word_1_583' title='bbox 2037 3699 2125 3755; x_wconf 90' lang='lat' dir='ltr'><strong>dia</strong></span> <span class='ocrx_word' id='word_1_584' title='bbox 2168 3698 2284 3754; x_wconf 86' lang='lat' dir='ltr'><strong>Dei.</strong></span> <span class='ocrx_word' id='word_1_585' title='bbox 2317 3697 2467 3753; x_wconf 87' lang='lat' dir='ltr'><strong>Alias</strong></span> <span class='ocrx_word' id='word_1_586' title='bbox 2513 3706 2695 3754; x_wconf 88' lang='lat' dir='ltr'><strong>autem</strong></span> <span class='ocrx_word' id='word_1_587' title='bbox 2742 3712 2869 3771; x_wconf 87' lang='lat' dir='ltr'><strong>cum</strong></span> <span class='ocrx_word' id='word_1_588' title='bbox 2919 3705 2977 3752; x_wconf 91' lang='grc' dir='ltr'><strong>ει</strong></span> <span class='ocrx_word' id='word_1_589' title='bbox 3004 3711 3157 3752; x_wconf 81' lang='lat' dir='ltr'><strong>mare</strong></span> <span class='ocrx_word' id='word_1_590' title='bbox 3201 3705 3256 3752; x_wconf 92' lang='lat' dir='ltr'><strong>et</strong></span> <span class='ocrx_word' id='word_1_591' title='bbox 3301 3694 3528 3750; x_wconf 85' lang='lat' dir='ltr'><strong>flumina</strong></span> <span class='ocrx_word' id='word_1_592' title='bbox 3558 3706 3619 3750; x_wconf 84' lang='lat' dir='ltr'><strong>et</strong></span> 
     </span>
     <span class='ocr_line' id='line_1_78' title="bbox 2040 3787 3618 3860; baseline -0.001 -15"><span class='ocrx_word' id='word_1_593' title='bbox 2040 3788 2220 3846; x_wconf 75' lang='lat' dir='ltr'><strong>sorites</strong></span> <span class='ocrx_word' id='word_1_594' title='bbox 2259 3804 2530 3859; x_wconf 89' lang='lat' dir='ltr'><strong>aquarum</strong></span> <span class='ocrx_word' id='word_1_595' title='bbox 2585 3789 2640 3845; x_wconf 90' lang='lat' dir='ltr'><strong>in</strong></span> <span class='ocrx_word' id='word_1_596' title='bbox 2688 3788 3014 3860; x_wconf 86' lang='lat' dir='ltr'><strong>sanguinem</strong></span> <span class='ocrx_word' id='word_1_597' title='bbox 3065 3789 3372 3844; x_wconf 84' lang='lat' dir='ltr'><strong>anteriores</strong></span> <span class='ocrx_word' id='word_1_598' title='bbox 3416 3787 3618 3858; x_wconf 79' lang='lat' dir='ltr'><strong>phialae</strong></span> 
     </span>
     <span class='ocr_line' id='line_1_79' title="bbox 2037 3877 3617 3951; baseline -0.003 -13"><span class='ocrx_word' id='word_1_599' title='bbox 2037 3882 2418 3938; x_wconf 76' lang='lat' dir='ltr'><strong>damnaverint</strong></span> <span class='ocrx_word' id='word_1_600' title='bbox 2442 3898 2457 3949; x_wconf 80' lang='lat'><em>3</em></span> <span class='ocrx_word' id='word_1_601' title='bbox 2486 3880 2619 3951; x_wconf 89' lang='lat' dir='ltr'><strong>quid</strong></span> <span class='ocrx_word' id='word_1_602' title='bbox 2638 3888 2724 3937; x_wconf 91' lang='lat' dir='ltr'><strong>est</strong></span> <span class='ocrx_word' id='word_1_603' title='bbox 2747 3880 2893 3951; x_wconf 87' lang='lat' dir='ltr'><strong>quod</strong></span> <span class='ocrx_word' id='word_1_604' title='bbox 2923 3878 3122 3935; x_wconf 86' lang='lat' dir='ltr'><strong>llumen</strong></span> <span class='ocrx_word' id='word_1_605' title='bbox 3150 3877 3456 3949; x_wconf 87' lang='lat' dir='ltr'><strong>Euphrates</strong></span> <span class='ocrx_word' id='word_1_606' title='bbox 3484 3893 3617 3948; x_wconf 89' lang='lat' dir='ltr'><strong>pro-</strong></span> 
     </span>
     <span class='ocr_line' id='line_1_80' title="bbox 2037 3970 3617 4045; baseline -0.002 -15"><span class='ocrx_word' id='word_1_607' title='bbox 2037 3974 2214 4045; x_wconf 89' lang='lat' dir='ltr'><strong>priam</strong></span> <span class='ocrx_word' id='word_1_608' title='bbox 2262 3982 2502 4030; x_wconf 88' lang='lat' dir='ltr'><strong>meretur</strong></span> <span class='ocrx_word' id='word_1_609' title='bbox 2547 3973 2785 4044; x_wconf 88' lang='lat' dir='ltr'><strong>phialam</strong></span> <span class='ocrx_word' id='word_1_610' title='bbox 2815 4012 2833 4038; x_wconf 96' lang='lat'><strong>,</strong></span> <span class='ocrx_word' id='word_1_611' title='bbox 2890 3971 2995 4027; x_wconf 92' lang='lat' dir='ltr'><strong>nisi</strong></span> <span class='ocrx_word' id='word_1_612' title='bbox 3043 3970 3175 4041; x_wconf 86' lang='lat' dir='ltr'><strong>quia</strong></span> <span class='ocrx_word' id='word_1_613' title='bbox 3224 3970 3367 4026; x_wconf 90' lang='lat' dir='ltr'><strong>inter</strong></span> <span class='ocrx_word' id='word_1_614' title='bbox 3418 3980 3617 4027; x_wconf 81' lang='lat' dir='ltr'><strong>caetera</strong></span> 
     </span>
     <span class='ocr_line' id='line_1_81' title="bbox 2036 4062 3619 4138; baseline -0.003 -15"><span class='ocrx_word' id='word_1_615' title='bbox 2036 4068 2181 4124; x_wconf 90' lang='lat' dir='ltr'><strong>mala</strong></span> <span class='ocrx_word' id='word_1_616' title='bbox 2214 4084 2339 4138; x_wconf 81' lang='lat' dir='ltr'><strong>quae</strong></span> <span class='ocrx_word' id='word_1_617' title='bbox 2370 4067 2508 4121; x_wconf 78' lang='lat' dir='ltr'><strong>liunt</strong></span> <span class='ocrx_word' id='word_1_618' title='bbox 2560 4066 2665 4121; x_wconf 90' lang='lat' dir='ltr'><strong>suh</strong></span> <span class='ocrx_word' id='word_1_619' title='bbox 2718 4066 2834 4122; x_wconf 86' lang='lat' dir='ltr'><strong>sole</strong></span> <span class='ocrx_word' id='word_1_620' title='bbox 2856 4106 2872 4132; x_wconf 92' lang='lat'><strong>,</strong></span> <span class='ocrx_word' id='word_1_621' title='bbox 2917 4063 3123 4119; x_wconf 90' lang='lat' dir='ltr'><strong>malum</strong></span> <span class='ocrx_word' id='word_1_622' title='bbox 3152 4062 3427 4135; x_wconf 84' lang='lat' dir='ltr'><strong>quoddam</strong></span> <span class='ocrx_word' id='word_1_623' title='bbox 3458 4078 3619 4134; x_wconf 80' lang='lat' dir='ltr'><strong>aquae</strong></span> 
     </span>
    </p>
   </div>
   <div class='ocr_carea' id='block_1_11' title="bbox 356 4148 3619 4599">
    <p class='ocr_par' dir='ltr' id='par_1_12' title="bbox 356 4148 3619 4599">
     <span class='ocr_line' id='line_1_82' title="bbox 356 4148 3619 4226; baseline 0.002 -23"><span class='ocrx_word' id='word_1_624' title='bbox 356 4148 463 4205; x_wconf 85' lang='lat' dir='ltr'><strong>bus</strong></span> <span class='ocrx_word' id='word_1_625' title='bbox 479 4150 770 4220; x_wconf 80' lang='lat' dir='ltr'><strong>adjunxit?</strong></span> <span class='ocrx_word' id='word_1_626' title='bbox 795 4151 961 4222; x_wconf 86' lang='lat' dir='ltr'><strong>Quid,</strong></span> <span class='ocrx_word' id='word_1_627' title='bbox 984 4153 1231 4226; x_wconf 86' lang='lat' dir='ltr'><strong>inquam,</strong></span> <span class='ocrx_word' id='word_1_628' title='bbox 1259 4156 1452 4226; x_wconf 87' lang='lat' dir='ltr'><strong>purius</strong></span> <span class='ocrx_word' id='word_1_629' title='bbox 1481 4157 1586 4214; x_wconf 90' lang='lat' dir='ltr'><strong>hoc</strong></span> <span class='ocrx_word' id='word_1_630' title='bbox 1605 4158 1936 4216; x_wconf 89' lang='lat' dir='ltr'><strong>documento</strong></span> <span class='ocrx_word' id='word_1_631' title='bbox 2039 4161 2278 4213; x_wconf 68' lang='lat' dir='ltr'><strong>ihm-inis</strong></span> <span class='ocrx_word' id='word_1_632' title='bbox 2312 4161 2473 4225; x_wconf 55' lang='lat' dir='ltr'><strong>lntjnr÷¹</strong></span> <span class='ocrx_word' id='word_1_633' title='bbox 2509 4158 2886 4225; x_wconf 59' lang='lat' dir='ltr'><strong>signius-ntur?</strong></span> <span class='ocrx_word' id='word_1_634' title='bbox 2933 4155 3030 4214; x_wconf 89' lang='lat' dir='ltr'><strong>Est</strong></span> <span class='ocrx_word' id='word_1_635' title='bbox 3072 4158 3220 4212; x_wconf 90' lang='lat' dir='ltr'><strong>enim</strong></span> <span class='ocrx_word' id='word_1_636' title='bbox 3263 4156 3472 4211; x_wconf 89' lang='lat' dir='ltr'><strong>malum</strong></span> <span class='ocrx_word' id='word_1_637' title='bbox 3516 4172 3619 4211; x_wconf 87' lang='lat' dir='ltr'><strong>cu-</strong></span> 
     </span>
     <span class='ocr_line' id='line_1_83' title="bbox 356 4240 3617 4329; baseline 0.002 -33"><span class='ocrx_word' id='word_1_638' title='bbox 356 4240 725 4298; x_wconf 75' lang='lat' dir='ltr'><strong>saluberrimo</strong></span> <span class='ocrx_word' id='word_1_639' title='bbox 755 4247 1074 4329; x_wconf 78' lang='lat' dir='ltr'><strong>apostolicae</strong></span> <span class='ocrx_word' id='word_1_640' title='bbox 1098 4247 1364 4304; x_wconf 82' lang='lat' dir='ltr'><strong>doctrinae</strong></span> <span class='ocrx_word' id='word_1_641' title='bbox 1387 4264 1482 4319; x_wconf 89' lang='lat' dir='ltr'><strong>per</strong></span> <span class='ocrx_word' id='word_1_642' title='bbox 1505 4251 1692 4307; x_wconf 90' lang='lat' dir='ltr'><strong>omnia</strong></span> <span class='ocrx_word' id='word_1_643' title='bbox 1736 4267 1936 4308; x_wconf 89' lang='lat' dir='ltr'><strong>conso·</strong></span> <span class='ocrx_word' id='word_1_644' title='bbox 2032 4253 2124 4321; x_wconf 37' lang='lat' dir='ltr'><strong>jn*</strong></span> <span class='ocrx_word' id='word_1_645' title='bbox 2160 4253 2441 4305; x_wconf 71' lang='lat' dir='ltr'><strong>dnnmatin</strong></span> <span class='ocrx_word' id='word_1_646' title='bbox 2481 4249 2533 4301; x_wconf 85' lang='lat' dir='ltr'><strong>in</strong></span> <span class='ocrx_word' id='word_1_647' title='bbox 2569 4249 2938 4304; x_wconf 56' lang='lat' dir='ltr'><strong>:interioribus</strong></span> <span class='ocrx_word' id='word_1_648' title='bbox 2980 4249 3181 4319; x_wconf 87' lang='lat' dir='ltr'><strong>phialis</strong></span> <span class='ocrx_word' id='word_1_649' title='bbox 3229 4262 3328 4317; x_wconf 88' lang='lat' dir='ltr'><strong>per</strong></span> <span class='ocrx_word' id='word_1_650' title='bbox 3373 4247 3617 4319; x_wconf 82' lang='lat' dir='ltr'><strong>quinque</strong></span> 
     </span>
     <span class='ocr_line' id='line_1_84' title="bbox 357 4330 3616 4415; baseline 0.005 -30"><span class='ocrx_word' id='word_1_651' title='bbox 357 4332 470 4387; x_wconf 72' lang='lat' dir='ltr'><strong>no?</strong></span> <span class='ocrx_word' id='word_1_652' title='bbox 501 4330 642 4399; x_wconf 86' lang='lat' dir='ltr'><strong>Quid</strong></span> <span class='ocrx_word' id='word_1_653' title='bbox 675 4349 805 4388; x_wconf 78' lang='lat' dir='ltr'><strong>vero</strong></span> <span class='ocrx_word' id='word_1_654' title='bbox 830 4336 1103 4392; x_wconf 86' lang='lat' dir='ltr'><strong>turbidius</strong></span> <span class='ocrx_word' id='word_1_655' title='bbox 1127 4353 1194 4393; x_wconf 90' lang='lat' dir='ltr'><strong>eo</strong></span> <span class='ocrx_word' id='word_1_656' title='bbox 1227 4337 1652 4395; x_wconf 80' lang='lat' dir='ltr'><strong>Sadducaeorum</strong></span> <span class='ocrx_word' id='word_1_657' title='bbox 1694 4340 1933 4397; x_wconf 78' lang='lat' dir='ltr'><strong>ser-men·</strong></span> <span class='ocrx_word' id='word_1_658' title='bbox 1964 4338 2010 4392; x_wconf 80' lang='grc' dir='ltr'><strong>Ι)</strong></span> <span class='ocrx_word' id='word_1_659' title='bbox 2036 4345 2256 4413; x_wconf 63' lang='lat' dir='ltr'><strong>angeles.</strong></span> <span class='ocrx_word' id='word_1_660' title='bbox 2284 4343 2473 4401; x_wconf 67' lang='lat' dir='ltr'><strong>effusis</strong></span> <span class='ocrx_word' id='word_1_661' title='bbox 2501 4361 2609 4397; x_wconf 72' lang='lat' dir='ltr'><strong>nnn</strong></span> <span class='ocrx_word' id='word_1_662' title='bbox 2641 4344 2934 4410; x_wconf 62' lang='lat' dir='ltr'><strong>immitet,</strong></span> <span class='ocrx_word' id='word_1_663' title='bbox 2974 4344 3072 4399; x_wconf 91' lang='lat' dir='ltr'><strong>sed</strong></span> <span class='ocrx_word' id='word_1_664' title='bbox 3114 4345 3311 4415; x_wconf 87' lang='lat' dir='ltr'><strong>angelo</strong></span> <span class='ocrx_word' id='word_1_665' title='bbox 3348 4353 3507 4400; x_wconf 80' lang='lat' dir='ltr'><strong>sexto</strong></span> <span class='ocrx_word' id='word_1_666' title='bbox 3529 4360 3616 4400; x_wconf 85' lang='lat' dir='ltr'><strong>re-</strong></span> 
     </span>
     <span class='ocr_line' id='line_1_85' title="bbox 358 4425 3617 4506; baseline 0.004 -29"><span class='ocrx_word' id='word_1_667' title='bbox 358 4432 437 4490; x_wconf 87' lang='lat' dir='ltr'><strong>to,</strong></span> <span class='ocrx_word' id='word_1_668' title='bbox 470 4439 583 4494; x_wconf 85' lang='lat' dir='ltr'><strong>quo</strong></span> <span class='ocrx_word' id='word_1_669' title='bbox 609 4425 831 4496; x_wconf 89' lang='lat' dir='ltr'><strong>plenum</strong></span> <span class='ocrx_word' id='word_1_670' title='bbox 858 4436 944 4482; x_wconf 88' lang='lat' dir='ltr'><strong>est</strong></span> <span class='ocrx_word' id='word_1_671' title='bbox 967 4427 1214 4497; x_wconf 85' lang='lat' dir='ltr'><strong>ejusdem</strong></span> <span class='ocrx_word' id='word_1_672' title='bbox 1247 4429 1608 4501; x_wconf 61' lang='lat' dir='ltr'><strong>regulae-illud</strong></span> <span class='ocrx_word' id='word_1_673' title='bbox 1631 4432 1933 4502; x_wconf 90' lang='lat' dir='ltr'><strong>capitulum</strong></span> <span class='ocrx_word' id='word_1_674' title='bbox 2040 4449 2292 4489; x_wconf 63' lang='lat' dir='ltr'><strong>zmrntnr</strong></span> <span class='ocrx_word' id='word_1_675' title='bbox 2336 4457 2344 4489; x_wconf 97' lang='lat'><strong>:</strong></span> <span class='ocrx_word' id='word_1_676' title='bbox 2376 4437 2521 4505; x_wconf 65' lang='lat' dir='ltr'><strong>quui]</strong></span> <span class='ocrx_word' id='word_1_677' title='bbox 2557 4437 2673 4489; x_wconf 64' lang='lat' dir='ltr'><strong>heic</strong></span> <span class='ocrx_word' id='word_1_678' title='bbox 2717 4449 2761 4489; x_wconf 73' lang='lat' dir='ltr'><strong>rt</strong></span> <span class='ocrx_word' id='word_1_679' title='bbox 2797 4436 2951 4506; x_wconf 87' lang='lat' dir='ltr'><strong>prins</strong></span> <span class='ocrx_word' id='word_1_680' title='bbox 2998 4450 3096 4505; x_wconf 90' lang='lat' dir='ltr'><strong>per</strong></span> <span class='ocrx_word' id='word_1_681' title='bbox 3145 4450 3319 4506; x_wconf 83' lang='lat' dir='ltr'><strong>aquas</strong></span> <span class='ocrx_word' id='word_1_682' title='bbox 3370 4434 3617 4491; x_wconf 81' lang='lat' dir='ltr'><strong>fluminis</strong></span> 
     </span>
     <span class='ocr_line' id='line_1_86' title="bbox 357 4519 3617 4599; baseline 0.004 -28"><span class='ocrx_word' id='word_1_683' title='bbox 357 4533 470 4587; x_wconf 84' lang='lat' dir='ltr'><strong>quo</strong></span> <span class='ocrx_word' id='word_1_684' title='bbox 499 4520 830 4590; x_wconf 78' lang='lat' dir='ltr'><strong>praeeipitur,</strong></span> <span class='ocrx_word' id='word_1_685' title='bbox 865 4528 929 4576; x_wconf 91' lang='lat' dir='ltr'><strong>ut</strong></span> <span class='ocrx_word' id='word_1_686' title='bbox 955 4519 1012 4575; x_wconf 93' lang='lat' dir='ltr'><strong>in</strong></span> <span class='ocrx_word' id='word_1_687' title='bbox 1040 4536 1145 4576; x_wconf 86' lang='lat' dir='ltr'><strong>una</strong></span> <span class='ocrx_word' id='word_1_688' title='bbox 1175 4521 1476 4592; x_wconf 87' lang='lat' dir='ltr'><strong>eademque</strong></span> <span class='ocrx_word' id='word_1_689' title='bbox 1513 4524 1935 4595; x_wconf 85' lang='lat' dir='ltr'><strong>congregatione</strong></span> <span class='ocrx_word' id='word_1_690' title='bbox 2040 4533 2208 4599; x_wconf 69' lang='lat' dir='ltr'><strong>illins,</strong></span> <span class='ocrx_word' id='word_1_691' title='bbox 2240 4541 2292 4585; x_wconf 75' lang='lat' dir='ltr'><strong>et</strong></span> <span class='ocrx_word' id='word_1_692' title='bbox 2320 4529 2517 4585; x_wconf 25' lang='lat' dir='ltr'><strong>*deinde-</strong></span> <span class='ocrx_word' id='word_1_693' title='bbox 2545 4545 2637 4597; x_wconf 67' lang='lat' dir='ltr'><strong>per</strong></span> <span class='ocrx_word' id='word_1_694' title='bbox 2665 4541 2773 4585; x_wconf 48' lang='lat' dir='ltr'><strong>tim-25.</strong></span> <span class='ocrx_word' id='word_1_695' title='bbox 2803 4528 3117 4585; x_wconf 89' lang='lat' dir='ltr'><strong>immundos</strong></span> <span class='ocrx_word' id='word_1_696' title='bbox 3154 4529 3384 4599; x_wconf 89' lang='lat' dir='ltr'><strong>spiritus</strong></span> <span class='ocrx_word' id='word_1_697' title='bbox 3412 4529 3467 4584; x_wconf 90' lang='lat' dir='ltr'><strong>in</strong></span> <span class='ocrx_word' id='word_1_698' title='bbox 3494 4543 3617 4584; x_wconf 89' lang='lat' dir='ltr'><strong>mo-</strong></span> 
     </span>
    </p>
   </div>
   <div class='ocr_carea' id='block_1_12' title="bbox 356 4610 1936 5704">
    <p class='ocr_par' dir='ltr' id='par_1_13' title="bbox 356 4610 1936 5704">
     <span class='ocr_line' id='line_1_87' title="bbox 359 4610 1934 4685; baseline 0.007 -21"><span class='ocrx_word' id='word_1_699' title='bbox 359 4610 447 4666; x_wconf 88' lang='lat' dir='ltr'><strong>his</strong></span> <span class='ocrx_word' id='word_1_700' title='bbox 478 4612 574 4681; x_wconf 90' lang='lat' dir='ltr'><strong>qui</strong></span> <span class='ocrx_word' id='word_1_701' title='bbox 624 4613 794 4668; x_wconf 86' lang='lat' dir='ltr'><strong>multa</strong></span> <span class='ocrx_word' id='word_1_702' title='bbox 834 4630 934 4670; x_wconf 90' lang='lat' dir='ltr'><strong>sua</strong></span> <span class='ocrx_word' id='word_1_703' title='bbox 971 4615 1303 4684; x_wconf 88' lang='lat' dir='ltr'><strong>possidendo</strong></span> <span class='ocrx_word' id='word_1_704' title='bbox 1334 4614 1541 4672; x_wconf 86' lang='lat' dir='ltr'><strong>divitiis</strong></span> <span class='ocrx_word' id='word_1_705' title='bbox 1577 4616 1846 4685; x_wconf 82' lang='lat' dir='ltr'><strong>affluunt,</strong></span> <span class='ocrx_word' id='word_1_706' title='bbox 1880 4629 1934 4675; x_wconf 91' lang='grc' dir='ltr'><strong>ει</strong></span> 
     </span>
     <span class='ocr_line' id='line_1_88' title="bbox 359 4701 1932 4780; baseline 0.008 -25"><span class='ocrx_word' id='word_1_707' title='bbox 359 4701 448 4757; x_wconf 89' lang='lat' dir='ltr'><strong>his</strong></span> <span class='ocrx_word' id='word_1_708' title='bbox 498 4702 592 4773; x_wconf 84' lang='lat' dir='ltr'><strong>qui</strong></span> <span class='ocrx_word' id='word_1_709' title='bbox 627 4704 763 4759; x_wconf 89' lang='lat' dir='ltr'><strong>nibil</strong></span> <span class='ocrx_word' id='word_1_710' title='bbox 798 4707 882 4760; x_wconf 86' lang='lat' dir='ltr'><strong>vel</strong></span> <span class='ocrx_word' id='word_1_711' title='bbox 933 4722 1127 4777; x_wconf 85' lang='lat' dir='ltr'><strong>parum</strong></span> <span class='ocrx_word' id='word_1_712' title='bbox 1188 4707 1440 4764; x_wconf 86' lang='lat' dir='ltr'><strong>habendo</strong></span> <span class='ocrx_word' id='word_1_713' title='bbox 1484 4724 1753 4780; x_wconf 83' lang='lat' dir='ltr'><strong>pauperes</strong></span> <span class='ocrx_word' id='word_1_714' title='bbox 1782 4718 1932 4779; x_wconf 88' lang='lat' dir='ltr'><strong>suut,</strong></span> 
     </span>
     <span class='ocr_line' id='line_1_89' title="bbox 358 4794 1936 4871; baseline 0.006 -24"><span class='ocrx_word' id='word_1_715' title='bbox 358 4794 590 4863; x_wconf 71' lang='lat' dir='ltr'><strong>aequalia</strong></span> <span class='ocrx_word' id='word_1_716' title='bbox 623 4794 823 4851; x_wconf 86' lang='lat' dir='ltr'><strong>dentur</strong></span> <span class='ocrx_word' id='word_1_717' title='bbox 851 4797 1154 4867; x_wconf 79' lang='lat' dir='ltr'><strong>stipendia?</strong></span> <span class='ocrx_word' id='word_1_718' title='bbox 1185 4797 1311 4867; x_wconf 91' lang='lat' dir='ltr'><strong>Sed,</strong></span> <span class='ocrx_word' id='word_1_719' title='bbox 1351 4810 1411 4855; x_wconf 88' lang='lat' dir='ltr'><strong>ut</strong></span> <span class='ocrx_word' id='word_1_720' title='bbox 1432 4800 1545 4871; x_wconf 89' lang='lat' dir='ltr'><strong>jam</strong></span> <span class='ocrx_word' id='word_1_721' title='bbox 1590 4801 1770 4857; x_wconf 90' lang='lat' dir='ltr'><strong>dictus</strong></span> <span class='ocrx_word' id='word_1_722' title='bbox 1798 4801 1936 4856; x_wconf 84' lang='lat' dir='ltr'><strong>Pro·</strong></span> 
     </span>
     <span class='ocr_line' id='line_1_90' title="bbox 358 4885 1930 4965; baseline 0.007 -26"><span class='ocrx_word' id='word_1_723' title='bbox 358 4900 485 4955; x_wconf 87' lang='lat' dir='ltr'><strong>sper</strong></span> <span class='ocrx_word' id='word_1_724' title='bbox 517 4885 595 4940; x_wconf 88' lang='lat' dir='ltr'><strong>ait</strong></span> <span class='ocrx_word' id='word_1_725' title='bbox 627 4899 640 4937; x_wconf 89' lang='lat'>:</span> <span class='ocrx_word' id='word_1_726' title='bbox 678 4904 697 4937; x_wconf 80' lang='lat' dir='ltr'><strong>t</strong></span> <span class='ocrx_word' id='word_1_727' title='bbox 737 4885 970 4943; x_wconf 79' lang='lat' dir='ltr'><strong>Habenti</strong></span> <span class='ocrx_word' id='word_1_728' title='bbox 1000 4887 1132 4946; x_wconf 90' lang='lat' dir='ltr'><strong>dare</strong></span> <span class='ocrx_word' id='word_1_729' title='bbox 1173 4890 1307 4945; x_wconf 90' lang='lat' dir='ltr'><strong>nihil</strong></span> <span class='ocrx_word' id='word_1_730' title='bbox 1327 4901 1411 4949; x_wconf 88' lang='lat' dir='ltr'><strong>est</strong></span> <span class='ocrx_word' id='word_1_731' title='bbox 1440 4892 1587 4949; x_wconf 89' lang='lat' dir='ltr'><strong>aliud</strong></span> <span class='ocrx_word' id='word_1_732' title='bbox 1612 4908 1775 4964; x_wconf 87' lang='lat' dir='ltr'><strong>quam</strong></span> <span class='ocrx_word' id='word_1_733' title='bbox 1808 4910 1930 4965; x_wconf 88' lang='lat' dir='ltr'><strong>per-</strong></span> 
     </span>
     <span class='ocr_line' id='line_1_91' title="bbox 356 4978 1934 5052; baseline 0.006 -20"><span class='ocrx_word' id='word_1_734' title='bbox 356 4978 519 5045; x_wconf 87' lang='lat' dir='ltr'><strong>dere;</strong></span> <span class='ocrx_word' id='word_1_735' title='bbox 556 4978 818 5049; x_wconf 84' lang='lat' dir='ltr'><strong>quoniam</strong></span> <span class='ocrx_word' id='word_1_736' title='bbox 846 4980 993 5050; x_wconf 84' lang='lat' dir='ltr'><strong>quod</strong></span> <span class='ocrx_word' id='word_1_737' title='bbox 1027 4980 1191 5037; x_wconf 89' lang='lat' dir='ltr'><strong>habet</strong></span> <span class='ocrx_word' id='word_1_738' title='bbox 1209 4981 1476 5052; x_wconf 86' lang='lat' dir='ltr'><strong>Ecclesia,</strong></span> <span class='ocrx_word' id='word_1_739' title='bbox 1504 5001 1630 5041; x_wconf 91' lang='lat' dir='ltr'><strong>cum</strong></span> <span class='ocrx_word' id='word_1_740' title='bbox 1675 4986 1813 5041; x_wconf 89' lang='lat' dir='ltr'><strong>nihil</strong></span> <span class='ocrx_word' id='word_1_741' title='bbox 1835 4986 1934 5042; x_wconf 89' lang='lat' dir='ltr'><strong>ha-</strong></span> 
     </span>
     <span class='ocr_line' id='line_1_92' title="bbox 357 5067 1936 5149; baseline 0.007 -26"><span class='ocrx_word' id='word_1_742' title='bbox 357 5067 614 5125; x_wconf 86' lang='lat' dir='ltr'><strong>bentibus</strong></span> <span class='ocrx_word' id='word_1_743' title='bbox 646 5083 940 5126; x_wconf 87' lang='lat' dir='ltr'><strong>eommune</strong></span> <span class='ocrx_word' id='word_1_744' title='bbox 991 5070 1153 5127; x_wconf 90' lang='lat' dir='ltr'><strong>debet</strong></span> <span class='ocrx_word' id='word_1_745' title='bbox 1198 5073 1422 5130; x_wconf 84' lang='lat' dir='ltr'><strong>habere.</strong></span> <span class='ocrx_word' id='word_1_746' title='bbox 1467 5094 1485 5126; x_wconf 75' lang='grc' dir='ltr'>ι</span> <span class='ocrx_word' id='word_1_747' title='bbox 1520 5075 1714 5149; x_wconf 77' lang='lat' dir='ltr'><strong>Magna</strong></span> <span class='ocrx_word' id='word_1_748' title='bbox 1746 5078 1936 5148; x_wconf 88' lang='lat' dir='ltr'><strong>utique</strong></span> 
     </span>
     <span class='ocr_line' id='line_1_93' title="bbox 356 5160 1934 5231; baseline 0.005 -17"><span class='ocrx_word' id='word_1_749' title='bbox 356 5160 622 5229; x_wconf 83' lang='lat' dir='ltr'><strong>perditio,</strong></span> <span class='ocrx_word' id='word_1_750' title='bbox 663 5168 720 5217; x_wconf 90' lang='lat' dir='ltr'><strong>et</strong></span> <span class='ocrx_word' id='word_1_751' title='bbox 749 5161 862 5216; x_wconf 80' lang='lat' dir='ltr'><strong>mio</strong></span> <span class='ocrx_word' id='word_1_752' title='bbox 888 5160 1216 5231; x_wconf 89' lang='lat' dir='ltr'><strong>perditionis</strong></span> <span class='ocrx_word' id='word_1_753' title='bbox 1260 5163 1388 5219; x_wconf 83' lang='lat' dir='ltr'><strong>lieet</strong></span> <span class='ocrx_word' id='word_1_754' title='bbox 1412 5165 1648 5221; x_wconf 84' lang='lat' dir='ltr'><strong>necdum</strong></span> <span class='ocrx_word' id='word_1_755' title='bbox 1692 5167 1934 5223; x_wconf 78' lang='lat' dir='ltr'><strong>revelato</strong></span> 
     </span>
     <span class='ocr_line' id='line_1_94' title="bbox 358 5253 1934 5329; baseline 0.006 -23"><span class='ocrx_word' id='word_1_756' title='bbox 358 5253 557 5322; x_wconf 91' lang='lat' dir='ltr'><strong>placita</strong></span> <span class='ocrx_word' id='word_1_757' title='bbox 612 5253 885 5310; x_wconf 86' lang='lat' dir='ltr'><strong>institutio</strong></span> <span class='ocrx_word' id='word_1_758' title='bbox 937 5256 1273 5326; x_wconf 81' lang='lat' dir='ltr'><strong>agnoscitur,</strong></span> <span class='ocrx_word' id='word_1_759' title='bbox 1307 5270 1432 5311; x_wconf 90' lang='lat' dir='ltr'><strong>cum</strong></span> <span class='ocrx_word' id='word_1_760' title='bbox 1482 5273 1571 5313; x_wconf 89' lang='lat' dir='ltr'><strong>res</strong></span> <span class='ocrx_word' id='word_1_761' title='bbox 1599 5259 1934 5329; x_wconf 87' lang='lat' dir='ltr'><strong>pauperibus</strong></span> 
     </span>
     <span class='ocr_line' id='line_1_95' title="bbox 357 5347 1935 5421; baseline 0.006 -21"><span class='ocrx_word' id='word_1_762' title='bbox 357 5347 538 5403; x_wconf 87' lang='lat' dir='ltr'><strong>debita</strong></span> <span class='ocrx_word' id='word_1_763' title='bbox 578 5348 740 5404; x_wconf 86' lang='lat' dir='ltr'><strong>datur</strong></span> <span class='ocrx_word' id='word_1_764' title='bbox 767 5348 1063 5416; x_wconf 79' lang='lat' dir='ltr'><strong>divitibus;</strong></span> <span class='ocrx_word' id='word_1_765' title='bbox 1096 5358 1153 5405; x_wconf 85' lang='lat' dir='ltr'><strong>et</strong></span> <span class='ocrx_word' id='word_1_766' title='bbox 1176 5352 1489 5421; x_wconf 62' lang='lat' dir='ltr'><strong>apostoticae</strong></span> <span class='ocrx_word' id='word_1_767' title='bbox 1517 5351 1782 5410; x_wconf 71' lang='lat' dir='ltr'><strong>doctrinae</strong></span> <span class='ocrx_word' id='word_1_768' title='bbox 1820 5353 1935 5410; x_wconf 75' lang='lat' dir='ltr'><strong>ror-</strong></span> 
     </span>
     <span class='ocr_line' id='line_1_96' title="bbox 359 5441 1932 5517; baseline 0.006 -24"><span class='ocrx_word' id='word_1_769' title='bbox 359 5452 449 5494; x_wconf 90' lang='lat' dir='ltr'><strong>ma</strong></span> <span class='ocrx_word' id='word_1_770' title='bbox 488 5453 598 5494; x_wconf 89' lang='lat' dir='ltr'><strong>non</strong></span> <span class='ocrx_word' id='word_1_771' title='bbox 630 5449 864 5508; x_wconf 89' lang='lat' dir='ltr'><strong>tenetur,</strong></span> <span class='ocrx_word' id='word_1_772' title='bbox 897 5457 1020 5500; x_wconf 90' lang='lat' dir='ltr'><strong>cum</strong></span> <span class='ocrx_word' id='word_1_773' title='bbox 1036 5441 1314 5499; x_wconf 74' lang='lat' dir='ltr'><strong>divitibus</strong></span> <span class='ocrx_word' id='word_1_774' title='bbox 1341 5453 1394 5499; x_wconf 90' lang='grc' dir='ltr'><strong>ει</strong></span> <span class='ocrx_word' id='word_1_775' title='bbox 1422 5446 1757 5516; x_wconf 86' lang='lat' dir='ltr'><strong>pauperibus</strong></span> <span class='ocrx_word' id='word_1_776' title='bbox 1778 5463 1932 5517; x_wconf 83' lang='lat' dir='ltr'><strong>aequa</strong></span> 
     </span>
     <span class='ocr_line' id='line_1_97' title="bbox 359 5529 1932 5612; baseline 0.008 -29"><span class='ocrx_word' id='word_1_777' title='bbox 359 5529 540 5600; x_wconf 84' lang='lat' dir='ltr'><strong>portio</strong></span> <span class='ocrx_word' id='word_1_778' title='bbox 562 5530 683 5586; x_wconf 88' lang='lat' dir='ltr'><strong>dari</strong></span> <span class='ocrx_word' id='word_1_779' title='bbox 716 5536 1049 5606; x_wconf 66' lang='lat' dir='ltr'><strong>praecipitur.</strong></span> <span class='ocrx_word' id='word_1_780' title='bbox 1077 5535 1210 5604; x_wconf 67' lang='lat' dir='ltr'><strong>Quae</strong></span> <span class='ocrx_word' id='word_1_781' title='bbox 1238 5538 1649 5594; x_wconf 85' lang='lat' dir='ltr'><strong>distributionis</strong></span> <span class='ocrx_word' id='word_1_782' title='bbox 1681 5554 1932 5612; x_wconf 83' lang='lat' dir='ltr'><strong>coaeqna-</strong></span> 
     </span>
     <span class='ocr_line' id='line_1_98' title="bbox 357 5621 1930 5704; baseline 0.006 -24"><span class='ocrx_word' id='word_1_783' title='bbox 357 5621 483 5680; x_wconf 82' lang='lat' dir='ltr'><strong>litas</strong></span> <span class='ocrx_word' id='word_1_784' title='bbox 529 5637 627 5678; x_wconf 86' lang='lat' dir='ltr'><strong>nec</strong></span> <span class='ocrx_word' id='word_1_785' title='bbox 684 5624 828 5682; x_wconf 87' lang='lat' dir='ltr'><strong>inter</strong></span> <span class='ocrx_word' id='word_1_786' title='bbox 882 5628 1033 5699; x_wconf 81' lang='lat' dir='ltr'><strong>ipsos</strong></span> <span class='ocrx_word' id='word_1_787' title='bbox 1094 5645 1249 5688; x_wconf 76' lang='lat' dir='ltr'><strong>veros</strong></span> <span class='ocrx_word' id='word_1_788' title='bbox 1293 5629 1496 5691; x_wconf 85' lang='lat' dir='ltr'><strong>Christi</strong></span> <span class='ocrx_word' id='word_1_789' title='bbox 1554 5649 1822 5704; x_wconf 81' lang='lat' dir='ltr'><strong>pauperes</strong></span> <span class='ocrx_word' id='word_1_790' title='bbox 1876 5635 1930 5690; x_wconf 89' lang='lat' dir='ltr'><strong>in</strong></span> 
     </span>
    </p>
   </div>
   <div class='ocr_carea' id='block_1_13' title="bbox 2036 4619 3618 5706">
    <p class='ocr_par' dir='ltr' id='par_1_14' title="bbox 2036 4619 3618 5706">
     <span class='ocr_line' id='line_1_99' title="bbox 2040 4619 3614 4693; baseline -0.002 -16"><span class='ocrx_word' id='word_1_791' title='bbox 2040 4629 2168 4681; x_wconf 70' lang='lat' dir='ltr'><strong>ilum</strong></span> <span class='ocrx_word' id='word_1_792' title='bbox 2204 4633 2844 4693; x_wconf 52' lang='lat' dir='ltr'><strong>taratrumprtitw³1n71stffl</strong></span> <span class='ocrx_word' id='word_1_793' title='bbox 2888 4620 3186 4693; x_wconf 77' lang='lat' dir='ltr'><strong>significari</strong></span> <span class='ocrx_word' id='word_1_794' title='bbox 3232 4629 3379 4677; x_wconf 81' lang='lat' dir='ltr'><strong>recte</strong></span> <span class='ocrx_word' id='word_1_795' title='bbox 3410 4619 3614 4676; x_wconf 79' lang='lat' dir='ltr'><strong>intelli-</strong></span> 
     </span>
     <span class='ocr_line' id='line_1_100' title="bbox 2040 4709 3616 4781; baseline 0.001 -16"><span class='ocrx_word' id='word_1_796' title='bbox 2040 4717 2200 4781; x_wconf 57' lang='lat' dir='ltr'><strong>gitur.</strong></span> <span class='ocrx_word' id='word_1_797' title='bbox 2240 4713 2509 4773; x_wconf 66' lang='lat' dir='ltr'><strong>Nitttirtim</strong></span> <span class='ocrx_word' id='word_1_798' title='bbox 2541 4717 2741 4765; x_wconf 11' lang='lat' dir='ltr'><strong>uiaticum</strong></span> <span class='ocrx_word' id='word_1_799' title='bbox 2795 4711 2900 4767; x_wconf 82' lang='lat' dir='ltr'><strong>hoc</strong></span> <span class='ocrx_word' id='word_1_800' title='bbox 2945 4711 3185 4766; x_wconf 76' lang='lat' dir='ltr'><strong>trifidum</strong></span> <span class='ocrx_word' id='word_1_801' title='bbox 3220 4719 3302 4767; x_wconf 81' lang='lat' dir='ltr'><strong>est</strong></span> <span class='ocrx_word' id='word_1_802' title='bbox 3324 4751 3341 4778; x_wconf 92' lang='lat'><strong>,</strong></span> <span class='ocrx_word' id='word_1_803' title='bbox 3388 4717 3445 4764; x_wconf 77' lang='lat' dir='ltr'><strong>el.</strong></span> <span class='ocrx_word' id='word_1_804' title='bbox 3492 4709 3616 4781; x_wconf 71' lang='lat' dir='ltr'><strong>ejus</strong></span> 
     </span>
     <span class='ocr_line' id='line_1_101' title="bbox 2040 4801 3618 4877; baseline 0.003 -22"><span class='ocrx_word' id='word_1_805' title='bbox 2040 4817 2220 4873; x_wconf 56' lang='lat' dir='ltr'><strong>lun-1125</strong></span> <span class='ocrx_word' id='word_1_806' title='bbox 2256 4817 2384 4859; x_wconf 59' lang='lat' dir='ltr'><strong>sttui</strong></span> <span class='ocrx_word' id='word_1_807' title='bbox 2409 4805 2681 4877; x_wconf 46' lang='lat' dir='ltr'><strong>[ruralium</strong></span> <span class='ocrx_word' id='word_1_808' title='bbox 2713 4818 3018 4872; x_wconf 57' lang='lat' dir='ltr'><strong>ttttlgorum,</strong></span> <span class='ocrx_word' id='word_1_809' title='bbox 3046 4810 3355 4859; x_wconf 76' lang='lat' dir='ltr'><strong>commenta</strong></span> <span class='ocrx_word' id='word_1_810' title='bbox 3378 4801 3618 4873; x_wconf 75' lang='lat' dir='ltr'><strong>philoso-</strong></span> 
     </span>
     <span class='ocr_line' id='line_1_102' title="bbox 2037 4893 3615 4969; baseline -0.002 -17"><span class='ocrx_word' id='word_1_811' title='bbox 2037 4898 2296 4968; x_wconf 88' lang='lat' dir='ltr'><strong>phorum,</strong></span> <span class='ocrx_word' id='word_1_812' title='bbox 2337 4897 2601 4969; x_wconf 81' lang='lat' dir='ltr'><strong>figmenta</strong></span> <span class='ocrx_word' id='word_1_813' title='bbox 2638 4896 2964 4967; x_wconf 74' lang='lat' dir='ltr'><strong>poetarum?</strong></span> <span class='ocrx_word' id='word_1_814' title='bbox 2994 4894 3311 4967; x_wconf 87' lang='lat' dir='ltr'><strong>Eorumque</strong></span> <span class='ocrx_word' id='word_1_815' title='bbox 3343 4893 3615 4966; x_wconf 73' lang='lat' dir='ltr'><strong>profunda</strong></span> 
     </span>
     <span class='ocr_line' id='line_1_103' title="bbox 2037 4984 3612 5061; baseline -0.003 -16"><span class='ocrx_word' id='word_1_816' title='bbox 2037 4989 2247 5045; x_wconf 86' lang='lat' dir='ltr'><strong>malitia</strong></span> <span class='ocrx_word' id='word_1_817' title='bbox 2278 4999 2334 5045; x_wconf 93' lang='grc' dir='ltr'><strong>ει</strong></span> <span class='ocrx_word' id='word_1_818' title='bbox 2354 4989 2571 5046; x_wconf 86' lang='lat' dir='ltr'><strong>turbida</strong></span> <span class='ocrx_word' id='word_1_819' title='bbox 2596 4988 2903 5060; x_wconf 88' lang='lat' dir='ltr'><strong>loquacitas</strong></span> <span class='ocrx_word' id='word_1_820' title='bbox 2927 5003 3169 5061; x_wconf 87' lang='lat' dir='ltr'><strong>congrue</strong></span> <span class='ocrx_word' id='word_1_821' title='bbox 3191 5003 3291 5059; x_wconf 89' lang='lat' dir='ltr'><strong>per</strong></span> <span class='ocrx_word' id='word_1_822' title='bbox 3313 5003 3484 5059; x_wconf 87' lang='lat' dir='ltr'><strong>aquas</strong></span> <span class='ocrx_word' id='word_1_823' title='bbox 3500 4984 3612 5041; x_wconf 90' lang='lat' dir='ltr'><strong>Eu-</strong></span> 
     </span>
     <span class='ocr_line' id='line_1_104' title="bbox 2038 5079 3616 5155; baseline -0.003 -16"><span class='ocrx_word' id='word_1_824' title='bbox 2038 5082 2250 5155; x_wconf 87' lang='lat' dir='ltr'><strong>phratis</strong></span> <span class='ocrx_word' id='word_1_825' title='bbox 2273 5082 2617 5153; x_wconf 81' lang='lat' dir='ltr'><strong>significatur</strong></span> <span class='ocrx_word' id='word_1_826' title='bbox 2636 5100 2652 5148; x_wconf 76' lang='lat'><em>3</em></span> <span class='ocrx_word' id='word_1_827' title='bbox 2674 5082 2808 5153; x_wconf 85' lang='lat' dir='ltr'><strong>quia</strong></span> <span class='ocrx_word' id='word_1_828' title='bbox 2832 5082 3089 5139; x_wconf 87' lang='lat' dir='ltr'><strong>videlicet</strong></span> <span class='ocrx_word' id='word_1_829' title='bbox 3109 5080 3416 5153; x_wconf 78' lang='lat' dir='ltr'><strong>Euphrates</strong></span> <span class='ocrx_word' id='word_1_830' title='bbox 3439 5079 3616 5151; x_wconf 77' lang='lat' dir='ltr'><strong>Baby-</strong></span> 
     </span>
     <span class='ocr_line' id='line_1_105' title="bbox 2036 5171 3615 5245; baseline -0.002 -13"><span class='ocrx_word' id='word_1_831' title='bbox 2036 5174 2201 5232; x_wconf 82' lang='lat' dir='ltr'><strong>loniae</strong></span> <span class='ocrx_word' id='word_1_832' title='bbox 2225 5174 2427 5230; x_wconf 82' lang='lat' dir='ltr'><strong>flumen</strong></span> <span class='ocrx_word' id='word_1_833' title='bbox 2454 5183 2560 5242; x_wconf 89' lang='lat' dir='ltr'><strong>est,</strong></span> <span class='ocrx_word' id='word_1_834' title='bbox 2585 5184 2642 5231; x_wconf 90' lang='lat' dir='ltr'><strong>et</strong></span> <span class='ocrx_word' id='word_1_835' title='bbox 2665 5190 2761 5245; x_wconf 89' lang='lat' dir='ltr'><strong>per</strong></span> <span class='ocrx_word' id='word_1_836' title='bbox 2783 5190 2908 5231; x_wconf 81' lang='lat' dir='ltr'><strong>eam</strong></span> <span class='ocrx_word' id='word_1_837' title='bbox 2939 5173 3115 5230; x_wconf 83' lang='lat' dir='ltr'><strong>fluens</strong></span> <span class='ocrx_word' id='word_1_838' title='bbox 3144 5174 3201 5227; x_wconf 89' lang='lat' dir='ltr'><strong>in</strong></span> <span class='ocrx_word' id='word_1_839' title='bbox 3233 5171 3406 5228; x_wconf 81' lang='lat' dir='ltr'><strong>multa</strong></span> <span class='ocrx_word' id='word_1_840' title='bbox 3434 5171 3615 5243; x_wconf 85' lang='lat' dir='ltr'><strong>capita</strong></span> 
     </span>
     <span class='ocr_line' id='line_1_106' title="bbox 2036 5262 3616 5338; baseline -0.003 -14"><span class='ocrx_word' id='word_1_841' title='bbox 2036 5267 2321 5334; x_wconf 82' lang='lat' dir='ltr'><strong>dividitur,</strong></span> <span class='ocrx_word' id='word_1_842' title='bbox 2337 5281 2460 5337; x_wconf 84' lang='lat' dir='ltr'><strong>quae</strong></span> <span class='ocrx_word' id='word_1_843' title='bbox 2480 5266 2603 5337; x_wconf 87' lang='lat' dir='ltr'><strong>ipso</strong></span> <span class='ocrx_word' id='word_1_844' title='bbox 2624 5281 2844 5338; x_wconf 85' lang='lat' dir='ltr'><strong>quoque</strong></span> <span class='ocrx_word' id='word_1_845' title='bbox 2859 5265 3083 5321; x_wconf 87' lang='lat' dir='ltr'><strong>nomine</strong></span> <span class='ocrx_word' id='word_1_846' title='bbox 3103 5277 3208 5320; x_wconf 88' lang='lat' dir='ltr'><strong>suo</strong></span> <span class='ocrx_word' id='word_1_847' title='bbox 3229 5262 3287 5318; x_wconf 85' lang='lat' dir='ltr'><strong>in</strong></span> <span class='ocrx_word' id='word_1_848' title='bbox 3312 5262 3616 5335; x_wconf 77' lang='lat' dir='ltr'><strong>scripturis</strong></span> 
     </span>
     <span class='ocr_line' id='line_1_107' title="bbox 2036 5353 3613 5431; baseline -0.003 -17"><span class='ocrx_word' id='word_1_849' title='bbox 2036 5358 2347 5431; x_wconf 80' lang='lat' dir='ltr'><strong>significare</strong></span> <span class='ocrx_word' id='word_1_850' title='bbox 2377 5358 2515 5414; x_wconf 86' lang='lat' dir='ltr'><strong>solet</strong></span> <span class='ocrx_word' id='word_1_851' title='bbox 2537 5358 2850 5415; x_wconf 77' lang='lat' dir='ltr'><strong>universam</strong></span> <span class='ocrx_word' id='word_1_852' title='bbox 2878 5354 3287 5427; x_wconf 83' lang='lat' dir='ltr'><strong>generationem</strong></span> <span class='ocrx_word' id='word_1_853' title='bbox 3314 5353 3613 5425; x_wconf 89' lang='lat' dir='ltr'><strong>impiorum</strong></span> 
     </span>
     <span class='ocr_line' id='line_1_108' title="bbox 2037 5445 3613 5522; baseline -0.004 -15"><span class='ocrx_word' id='word_1_854' title='bbox 2037 5450 2369 5507; x_wconf 88' lang='lat' dir='ltr'><strong>contrariam</strong></span> <span class='ocrx_word' id='word_1_855' title='bbox 2413 5449 2748 5522; x_wconf 86' lang='lat' dir='ltr'><strong>generationi</strong></span> <span class='ocrx_word' id='word_1_856' title='bbox 2773 5457 3080 5515; x_wconf 88' lang='lat' dir='ltr'><strong>rectorum;</strong></span> <span class='ocrx_word' id='word_1_857' title='bbox 3103 5447 3381 5504; x_wconf 82' lang='lat' dir='ltr'><strong>civitatem</strong></span> <span class='ocrx_word' id='word_1_858' title='bbox 3410 5445 3613 5503; x_wconf 82' lang='lat' dir='ltr'><strong>diaboli</strong></span> 
     </span>
     <span class='ocr_line' id='line_1_109' title="bbox 2038 5538 3612 5613; baseline -0.003 -16"><span class='ocrx_word' id='word_1_859' title='bbox 2038 5542 2371 5598; x_wconf 83' lang='lat' dir='ltr'><strong>contrariam</strong></span> <span class='ocrx_word' id='word_1_860' title='bbox 2396 5542 2603 5599; x_wconf 81' lang='lat' dir='ltr'><strong>civitati</strong></span> <span class='ocrx_word' id='word_1_861' title='bbox 2634 5540 2749 5598; x_wconf 84' lang='lat' dir='ltr'><strong>Dei.</strong></span> <span class='ocrx_word' id='word_1_862' title='bbox 2774 5539 3016 5613; x_wconf 82' lang='lat' dir='ltr'><strong>Babylon</strong></span> <span class='ocrx_word' id='word_1_863' title='bbox 3042 5539 3248 5613; x_wconf 81' lang='lat' dir='ltr'><strong>quippe</strong></span> <span class='ocrx_word' id='word_1_864' title='bbox 3279 5538 3612 5609; x_wconf 69' lang='lat' dir='ltr'><strong>interpr-eta.-</strong></span> 
     </span>
     <span class='ocr_line' id='line_1_110' title="bbox 2038 5635 2407 5706; baseline 0.008 -17"><span class='ocrx_word' id='word_1_865' title='bbox 2038 5642 2125 5693; x_wconf 84' lang='lat' dir='ltr'><strong>tur</strong></span> <span class='ocrx_word' id='word_1_866' title='bbox 2149 5635 2407 5706; x_wconf 71' lang='lat' dir='ltr'><strong>confusio.</strong></span> 
     </span>
    </p>
   </div>
  </div>
 </body>
</html>
