3892 6067
107 31 169 89 lddl
598 23 760 82 urseolus
784 20 1052 79 utzeutnceusts.
1073 47 1108 60 -
1124 17 1191 76 ΗΒ.
1212 17 1245 74 ll.
1655 17 1728 76 ¹582

105 141 258 211 laurentii,
283 151 404 213 tempore
429 138 547 196 hiberlci
570 139 690 206 abbatis,
717 155 784 211 papa
808 138 888 194 lnno·
901 155 925 210 Α
938 135 1039 191 nodum
1058 134 1139 201 irent,
1158 141 1186 187 et
1199 132 1250 203 ipsi
1264 130 1434 190 obedierunt.
1452 132 1559 191 Etcum
1578 136 1728 209 presbyteri

105 234 192 288 centio
205 232 336 289 existente
355 231 548 299 altissiodoro,
563 239 590 285 et
607 230 660 285 ridi
680 240 801 300 tempore
814 229 906 308 ejus·¹
936 229 1016 300 juxta
1033 227 1132 284 lestum
1151 225 1279 282 Omnium
1299 224 1462 284 Sanctorum
1483 228 1621 285 licentiam
1645 233 1729 288 eundi

105 325 164 379 dem
189 323 295 380 abbatis
321 323 394 393 quod
418 321 645 393 llothomagensis
668 321 890 391 archiepiscopus
939 320 973 376 ad
987 318 1122 391 synodum
1143 324 1277 389 peterent,
1292 317 1377 374 abhas
1392 334 1447 374 non
1476 318 1623 387 concessit,
1637 328 1665 375 ct
1678 320 1729 391 ipsi

106 411 181 485 llugo
195 413 280 468 share
292 411 385 471 Satrcti
398 411 498 484 AEgidii
512 412 539 466 iu
550 412 648 482 majori
663 410 783 467 Ecclesia
794 426 891 467 conse·
939 428 995 468 uon
1017 412 1135 468 inerunt.
1159 408 1221 465 vidi
1242 409 1387 467 hrnullum
1406 410 1440 467 de
1456 410 1590 468 Ferrariis
1602 427 1636 468 ex
1651 426 1731 468 man-

106 505 200 569 erarit,
223 514 251 560 et
268 504 324 560 ridi
346 503 553 560 matrimonium
575 502 691 558 arduini
715 510 743 558 et
764 500 891 567 Caeciliae,
939 504 1005 561 dato
1019 503 1126 559 abbatis
1149 501 1360 559 altissiodorum
1376 519 1426 575 pro
1448 504 1597 561 chrismate
1619 512 1648 561 et
1669 504 1731 561 olco

107 594 176 650 unde
191 594 376 650 controversia
399 602 468 660 erat,
488 592 648 648 auctoritate
666 600 695 646 ct
717 592 822 663 judicio
844 589 892 647 tu·
940 604 1061 662 euntem,
1082 605 1110 650 et
1129 610 1193 650 cum
1216 594 1364 651 chrismate
1386 604 1415 652 et
1436 596 1497 653 oleo
1514 597 1683 665 redeuntem,
1704 605 1733 652 et

107 686 197 744 aeliae.
209 685 323 741 abbatis
338 683 466 749 lllherici,
482 690 614 753 praesente
629 690 655 736 et
672 682 816 737 assistente
826 680 892 738 Gal-
941 683 994 740 hoc
1004 692 1065 754 post
1077 682 1253 739 concordiam
1265 700 1273 750 ;
1285 693 1313 740 et
1322 684 1378 755 jam
1395 695 1459 741 sunt
1473 701 1521 742 ses
1537 685 1601 741 anni
1616 703 1624 737 z
1638 694 1666 742 et
1676 685 1731 742 ridi

106 779 173 835 tcrio
185 775 359 832 Cabilouensi
373 773 501 846 episcopo
515 772 671 828 confirmari
684 789 691 825 ε
706 773 804 844 etipse
816 783 893 844 pater
942 783 1005 845 post
1019 775 1195 831 concordiam
1211 775 1297 832 altare
1315 775 1345 833 S.
1366 775 1506 834 Michaelis
1524 778 1552 833 in
1572 778 1676 850 majore
1687 793 1733 836 ec-

105 878 133 925 et
152 867 261 939 iuuenis
284 865 356 920 filius
375 873 455 919 erant
471 864 505 919 de
526 863 655 934 parochia
673 862 802 933 Eduensi,
817 864 894 920 ride·
941 864 1025 920 clesia
1040 865 1075 919 ab
1091 862 1207 936 ilugonc
1222 865 1434 938 llotbomagensi
1448 868 1576 940 episcopo
1586 869 1731 925 benedici:

106 961 168 1016 licet
180 959 214 1014 de
229 957 325 1013 Glana.
343 950 491 1011 Garnerius
510 953 643 1025 subprior
656 954 741 1011 Vizel.
757 955 835 1010 duxit
849 969 894 1010 mc
941 962 1043 1026 etpost
1056 955 1230 1011 concordiam
1251 955 1307 1011 vidi
1319 954 1461 1027 Magonem
1475 956 1733 1016 altissiodorensem

105 1047 324 1113 altissiodorum,
340 1052 367 1101 et
386 1045 422 1099 ihi
440 1044 616 1115 abepiscopo
631 1043 755 1117 Mugone,
773 1043 821 1116 qui
834 1043 895 1100 lue·
943 1045 1082 1105 vizeliaco
1093 1048 1281 1105 ordinationes
1291 1046 1398 1116 lacere;
1408 1049 1463 1104 ridi
1474 1050 1639 1121 questiones
1651 1051 1734 1106 trium

105 1149 148 1196 rat
166 1140 252 1195 abbas
274 1139 303 1194 S.
325 1137 465 1206 Germani,
482 1138 508 1192 in
530 1139 699 1193 sacerdotem
725 1153 786 1194 cum
807 1134 895 1208 pluri·
943 1138 1183 1193 matrimoniorum
1207 1137 1305 1209 deponi
1340 1136 1412 1208 apud
1439 1138 1565 1194 abbatem
1594 1137 1734 1206 Pontium,

107 1234 158 1289 bus
183 1232 326 1288 monacbis
353 1231 439 1288 nostri
469 1229 625 1286 Monasterii
656 1231 798 1286 ordinatus
821 1243 894 1286 sum.
945 1228 1039 1286 Oberti
1061 1228 1195 1287 saltarelli
1220 1239 1248 1286 ct
1269 1217 1443 1295 Melisabeth,
1467 1238 1495 1286 et
1518 1231 1637 1287 Americi
1660 1246 1736 1286 cera-

107 1325 213 1390 Postea,
229 1338 292 1378 cum
312 1338 400 1379 essem
420 1322 600 1390 camerarius,
621 1337 667 1377 xrr
686 1321 834 1378 monachos
848 1318 896 1374 Al·
945 1321 980 1377 rii
1003 1330 1032 1377 et
1052 1322 1114 1377 liliae
1134 1321 1270 1378 Blaucarti
1293 1320 1418 1388 sartoris,
1444 1330 1472 1378 et
1491 1320 1587 1378 fratris
1602 1321 1736 1392 Drogouis

108 1413 246 1470 tissiadori
259 1428 306 1483 per
318 1411 458 1486 Magonem
472 1412 613 1468 attissioa.
628 1412 749 1467 ordinari
762 1411 895 1481 iecithui
946 1421 975 1470 et
998 1413 1060 1470 dlire
1079 1414 1152 1470 Petri
1174 1414 1344 1483 mereatoris,
1367 1423 1395 1469 et
1416 1414 1556 1470 terminari
1574 1413 1736 1470 auctoritate

109 1504 159 1560 luit
174 1504 393 1560 Pontiniacensis
415 1504 510 1579 abhas)
530 1505 564 1560 ad
588 1505 760 1561 uocationem
779 1505 896 1560 hiberici
911 1489 933 1545 Β
946 1507 1064 1563 abbatis.
1077 1505 1111 1562 Et
1125 1509 1153 1562 ln
1167 1520 1250 1562 causa
1265 1503 1357 1561 Oberti
1373 1513 1401 1560 et
1414 1502 1569 1561 Helisabeth
1585 1505 1637 1561 luit
1650 1505 1736 1562 adro·

109 1596 223 1651 abbatis.
247 1594 402 1666 Stephamts
425 1593 561 1652 Eduensis
580 1597 725 1668 episcopus
749 1611 896 1653 eonsecra-
947 1608 1026 1657 catus
1039 1598 1205 1663 Ermannus,
1220 1597 1267 1669 qui
1281 1597 1364 1653 modo
1374 1604 1416 1653 est
1430 1597 1640 1653 archidiaconus
1652 1606 1680 1653 et
1692 1613 1738 1653 ar·

108 1683 148 1738 uit
160 1683 245 1738 altare
268 1684 297 1738 S.
323 1682 438 1740 Andeoli
460 1686 578 1755 positum
602 1686 629 1741 in
650 1688 736 1743 choro
750 1688 897 1744 monacho·
947 1690 1136 1762 chipresbyter
1154 1687 1335 1744 Aralouensis
1350 1705 1357 1740 ε
1373 1687 1407 1743 de
1420 1687 1567 1743 donatione
1588 1688 1671 1743 trium
1686 1687 1738 1745 Ec·

110 1792 181 1842 nuru,
207 1784 235 1831 et
258 1776 350 1832 autliri
375 1775 542 1847 Stephanum
565 1777 723 1849 episcopum
744 1777 898 1834 Educnscm
948 1783 1095 1839 elesiarum
1110 1781 1181 1837 idem
1196 1780 1306 1852 penitus
1322 1778 1398 1848 dicit,
1413 1778 1488 1850 quod
1500 1778 1628 1835 nnsetlus
1642 1795 1739 1835 mona-

110 1866 243 1922 dlccutem
269 1868 364 1925 conniti
388 1867 570 1937 Nirernensi,
599 1870 729 1940 quoniam
756 1872 899 1926 vocatione
948 1874 1020 1931 chus
1036 1870 1266 1929 vizeliacensis.»

111 1959 218 2014 abbatis
237 1958 427 2015 Clurriacensis
446 1958 529 2025 Petri,
550 1969 578 2015 et
600 1962 797 2016 monachornm
812 1961 898 2019 l'ieel.
985 1964 1063 2037 Mago
1087 1964 1121 2020 de
1143 1962 1223 2021 Scola
1250 1961 1334 2020 Vizel.
1362 1963 1514 2020 monachus
1540 1973 1569 2020 et
1597 1963 1740 2036 presbyter

111 2053 269 2108 venerated
284 2052 498 2109 benedicendum
517 2055 640 2110 abbatem
659 2052 797 2121 Pontium,
812 2055 901 2110 ethoc
949 2057 1019 2113 dlxit
1034 2076 1041 2112 :
1059 2077 1068 2110 r
1086 2055 1220 2127 Tempore
1236 2055 1355 2111 hiberici
1377 2055 1485 2114 abbatis
1504 2056 1581 2127 prior
1599 2056 1633 2113 de
1654 2056 1742 2113 Moret

112 2145 165 2198 luit
179 2141 205 2196 in
228 2159 337 2199 camera
356 2144 471 2199 abbatis.
497 2143 530 2199 Et
549 2144 603 2200 ridi
619 2160 690 2214 saepe
703 2143 899 2200 Carnoteuscm
950 2146 1029 2219 llugo
1043 2147 1122 2203 duxit
1144 2161 1188 2202 me
1209 2146 1413 2217 cumpluribus
1435 2146 1496 2202 aliis
1517 2145 1740 2213 altissiodorum,

111 2233 270 2303 episcopum
290 2232 461 2301 Guilrerlum,
482 2244 509 2290 et
528 2234 785 2291 autissiodorensem
806 2234 900 2307 liugo-
951 2239 1043 2309 ibique
1058 2254 1108 2295 nos
1129 2236 1251 2294 ordinari
1275 2236 1349 2305 lecit,
1364 2252 1408 2293 me
1428 2236 1457 2292 in
1480 2238 1688 2303 subdiaconum,
1710 2245 1737 2292 et

111 2325 242 2395 numqui
257 2324 407 2380 luitabbas
423 2325 452 2380 S.
465 2325 604 2392 Germani,
618 2327 786 2383 celebrantes
802 2328 901 2383 missas
951 2329 1072 2400 reliquos
1091 2329 1118 2384 in
1144 2329 1268 2384 diversos
1291 2327 1402 2383 ordines
1419 2327 1455 2382 ab
1477 2326 1600 2399 Magone,
1616 2327 1663 2397 qui
1684 2325 1737 2381 luit

113 2414 140 2468 in
154 2412 274 2472 Ecclesia
295 2424 395 2471 sancte
407 2415 499 2470 Mariae
514 2415 678 2486 Magdalcnae
695 2419 722 2474 in
744 2418 815 2475 sesto
828 2420 902 2490 ojus·
951 2418 1036 2473 abbas
1051 2417 1280 2473 Pontiniaeensis,
1295 2415 1428 2487 Tempore
1436 2416 1526 2472 Pontii
1537 2415 1653 2485 abbatis,
1662 2416 1736 2473 Elias

112 2506 185 2573 dem,
200 2517 334 2576 praesente
348 2505 468 2563 Eduensi
491 2505 630 2576 Stephano
649 2518 677 2562 ct
691 2524 745 2564 non
765 2510 902 2566 contradi·
951 2506 1158 2562 Aurelianensis
1170 2506 1314 2576 episcopus
1331 2506 1468 2562 ordinarit
1481 2523 1525 2563 me
1542 2508 1569 2562 in
1584 2507 1738 2574 diaconem,

112 2594 228 2651 dicante.
245 2616 254 2648 r
951 2603 980 2651 et
992 2595 1085 2667 plures
1097 2595 1167 2651 alios
1189 2594 1217 2649 in
1234 2594 1357 2652 diuersos
1371 2595 1492 2661 ordines,
1513 2594 1677 2664 Guidonem,
1694 2597 1742 2667 qui

149 2686 293 2742 llnselnrus
307 2685 391 2742 Vizel.
413 2688 566 2744 monachus
578 2688 687 2758 juratus
703 2689 793 2746 dixit:
812 2710 821 2743 r
841 2690 902 2746 Vidi
952 2685 1035 2741 modo
1056 2686 1144 2756 major
1166 2686 1323 2756 capellanus
1346 2693 1398 2753 est,
1422 2695 1449 2741 et
1466 2685 1618 2743 hernaldum
1640 2686 1742 2742 Raiaza

113 2778 239 2833 abbatem
262 2775 390 2833 Pontium
411 2778 581 2835 committere
605 2779 755 2837 Ecclesiam
779 2781 807 2837 S.
829 2781 902 2839 Petri
916 2812 938 2871 c
954 2779 982 2832 in
995 2777 1179 2849 presbyteros,
1196 2784 1225 2833 et
1243 2777 1296 2832 hoe
1316 2776 1344 2831 in
1359 2777 1456 2847 majori
1478 2778 1604 2834 ecclesia.
1627 2777 1661 2834 Et
1675 2787 1742 2833 tem-

115 2866 253 2922 iulcrioris
263 2866 372 2923 cuidam
385 2869 544 2941 presbytero
556 2870 696 2927 Bernardo
711 2881 765 2928 tam
782 2874 808 2929 in
822 2875 904 2945 spiri·
954 2881 1022 2938 pore
1043 2866 1165 2937 eiusdem
1187 2866 1278 2925 Pontii
1301 2866 1356 2922 vidi
1379 2866 1558 2924 {lambertum
1578 2866 1744 2941 Lugdunen-

115 2955 235 3011 tualihus
250 2971 331 3027 quarn
347 2957 373 3012 in
390 2960 597 3029 temporalibus,
612 2970 640 3018 et
657 2962 710 3018 hoc
727 2963 754 3017 in
774 2965 902 3034 capitulo.
954 2973 1025 3027 scm,
1041 2966 1106 3016 tune
1124 2957 1288 3027 Eduensem,
1315 2967 1442 3015 uocatum
1464 2960 1499 3015 ab
1522 2960 1618 3015 eodem
1646 2958 1744 3016 abbate

114 3044 150 3100 Et
167 3046 239 3101 idem
265 3049 403 3105 coromisu
427 3051 586 3119 presbytero
612 3051 731 3108 Gnidoni
753 3052 905 3110 Ecclesiam
956 3047 1086 3105 vizeliac.
1107 3050 1135 3104 iu
1150 3050 1265 3106 ecclesia
1285 3050 1491 3121 peregrinorum
1510 3049 1640 3107 ordinare
1652 3051 1743 3121 plores

116 3137 147 3193 S.
159 3136 231 3194 Petri
246 3141 396 3210 superioris
410 3156 460 3212 pro
473 3142 662 3212 spiritualibus
674 3153 701 3199 et
711 3147 906 3216 temporalibus
956 3139 1024 3197 alios
1041 3142 1068 3197 in
1081 3142 1263 3213 plesbllefflb
1283 3140 1352 3197 tll⁰⁸
1371 3142 1399 3196 5¹¹
1415 3141 1638 3208 d1³0⁰¹¹⁰b³¹l⁰⁵
1656 3143 1684 3198 in
1699 3142 1744 3197 dl·

116 3237 250 3300 prasente
273 3231 393 3301 capitulo
418 3250 425 3285 ε
451 3241 479 3288 et
501 3233 573 3289 idem
599 3234 685 3291 abbas
705 3239 907 3295 commendavit
956 3248 1052 3291 uersos
1065 3233 1181 3290 Ordines
1201 3232 1256 3289 :Et
1269 3233 1322 3289 ridi
1335 3231 1477 3305 Magonem
1497 3234 1745 3309 Rotbomagcnsem

117 3320 277 3393 presbytero
294 3322 409 3378 Andreae
421 3323 565 3380 ecclesiam
584 3324 614 3380 S.
637 3325 767 3398 Stephani
782 3329 907 3386 similiter
956 3326 1192 3397 archiepiscopum
1215 3339 1376 3383 consecrare
1395 3327 1482 3383 altare
1502 3326 1531 3383 S.
1554 3328 1705 3399 Michaelis,
1719 3339 1746 3386 et

118 3414 147 3468 in
163 3413 298 3484 capitulo;
315 3423 342 3470 et
358 3413 416 3469 haec
438 3415 529 3470 omnia
553 3427 615 3487 post
637 3419 825 3486 concordiam,
845 3437 907 3491 quae
958 3417 1051 3475 hocin
1066 3419 1164 3489 majori
1179 3418 1305 3485 ecclesia,
1319 3429 1420 3490 etpost
1436 3437 1531 3492 pacem
1543 3422 1718 3480 reformatam
1737 3441 1744 3477 z

120 3503 191 3559 lacta
209 3512 252 3559 est
266 3504 339 3574 apud
354 3503 481 3572 Melinos,
499 3503 683 3577 cbntigernnt.
696 3507 841 3565 Matthaeus
858 3509 908 3564 al·
957 3513 986 3560 et
1001 3506 1055 3561 ridi
1075 3505 1217 3578 Magonem
1240 3507 1499 3567 altissiodorensem
1524 3512 1652 3568 ordinare
1676 3514 1747 3570 duos

120 3597 250 3653 benensis
272 3596 417 3668 episcopus
436 3612 480 3653 me
501 3597 528 3652 in
547 3596 700 3663 diaconem,
717 3608 744 3655 et
764 3608 818 3655 tres
840 3600 908 3656 alios
958 3594 1104 3652 Guilredos
1125 3596 1153 3651 in
1170 3596 1364 3676 subdiaconos.
1389 3598 1424 3654 Et
1445 3601 1479 3657 de
1500 3602 1649 3660 donatione
1665 3585 1761 3660 trium

120 3690 272 3745 morrachos
292 3689 318 3744 in
340 3688 442 3760 capella
464 3687 493 3747 S.
515 3687 654 3745 Laurentii
668 3689 813 3746 ordinarit.
830 3687 908 3763 Mago
959 3684 1144 3742 Ecclesiarum
1167 3685 1240 3741 idem
1264 3703 1377 3757 prorsus
1397 3689 1464 3746 dicit
1487 3690 1559 3762 quod
1580 3691 1707 3748 Ansellus
1721 3702 1748 3748 et

120 3779 361 3835 altissiodorensis
375 3779 529 3851 episeopus,
546 3780 593 3851 qui
612 3778 702 3836 luerat
717 3780 803 3837 abbas
816 3781 909 3837 Sancti
959 3775 1048 3849 Mago.
1071 3776 1131 3833 Vidi
1153 3774 1344 3848 flambertum,
1365 3782 1413 3853 qui
1431 3797 1505 3838 nunc
1526 3781 1746 3850 estLuptluaen·

122 3871 263 3939 Germani,
283 3871 367 3926 mein
389 3872 575 3943 presbyterum
590 3880 618 3928 et
638 3873 730 3943 plures
745 3872 814 3928 alios
834 3873 909 3928 ordi·
960 3867 1009 3934 sis,
1025 3879 1053 3923 et
1066 3868 1227 3935 lleuricum,
1241 3869 1289 3940 qui
1306 3885 1380 3926 nunc
1394 3880 1436 3927 est
1451 3869 1599 3938 Educnsis,
1614 3870 1642 3925 in
1657 3869 1748 3942 Burgo

122 3962 200 4017 navit
213 3961 285 4033 apud
304 3960 506 4017 Pontiniaoum.
523 3960 670 4018 {leonicum
685 3960 838 4018 Educnsem
853 3964 911 4033 epi·
960 3955 1046 4012 Vizel.
1063 3967 1090 4013 et
1101 3957 1264 4029 quandoque
1277 3959 1305 4014 in
1320 3960 1418 4030 tttajoli
1438 3961 1551 4017 ecclesia
1566 3960 1709 4032 hospitari,
1720 3968 1748 4014 ct

123 4071 239 4125 scopum
263 4069 325 4110 cum
346 4055 521 4125 processione
541 4055 596 4112 ridi
622 4054 706 4128 recipi
730 4053 869 4122 vizeliaci,
883 4063 911 4111 et
960 4047 1126 4119 quandoque
1140 4049 1167 4104 iu
1184 4048 1274 4122 Bursa
1288 4050 1347 4107 suis
1359 4052 1513 4122 sumptibus
1529 4051 1681 4122 procurari.
1699 4071 1709 4102 r

123 4147 217 4218 plnres
231 4145 336 4201 alios.»
926 4142 950 4197 1)
1000 4137 1088 4196 Ursus
1105 4140 1215 4211 juratus
1237 4140 1307 4196 dixit
1326 4142 1398 4198 idem
1420 4144 1454 4199 dc
1475 4143 1622 4200 chrismate
1642 4151 1670 4197 et
1689 4143 1749 4198 olco

163 4233 241 4306 llugo
262 4236 296 4291 de
317 4234 464 4292 Silriuiaco
486 4240 637 4293 monachus
659 4245 686 4293 et
707 4236 848 4308 presbyter
865 4252 912 4306 yu-
962 4233 1038 4304 quod
1052 4230 1131 4304 Mago
1153 4233 1186 4289 de
1208 4231 1365 4298 silviniaco,
1388 4234 1467 4290 etde
1492 4234 1596 4306 synodo
1611 4235 1699 4302 idem,
1716 4234 1750 4289 de

124 4341 204 4387 ratus
216 4331 306 4386 dixit:
325 4349 335 4382 ‹
356 4330 431 4387 Elias
450 4331 652 4387 Aarrclianensis
667 4332 812 4403 episcopus
826 4344 871 4385 me
885 4329 914 4384 in
963 4326 1161 4400 quaestionibus
1191 4336 1220 4382 ct
1246 4327 1482 4384 terminationibus
1511 4326 1750 4382 matrimoniorum

98 4473 99 4480 ,
126 4421 328 4495 presbyterum,
348 4432 375 4477 et
395 4422 488 4492 plures
507 4421 577 4478 alios
591 4422 750 4490 monachos,
765 4429 793 4478 ct
814 4419 915 4476 Gnido·
964 4420 1037 4478 idem
1049 4420 1116 4477 dicit
1128 4418 1202 4491 quod
1215 4417 1304 4490 Mago,
1318 4417 1512 4489 exceptoquod
1528 4417 1693 4473 mentionem
1707 4433 1751 4471 ar

127 4530 202 4577 nem,
217 4513 265 4584 qui
280 4513 361 4568 modo
375 4513 532 4583 capellanus
544 4520 596 4578 est,
606 4519 633 4567 et
646 4511 796 4568 Renaldum
812 4509 916 4567 Reialta
965 4509 1163 4580 chipreshyteri
1175 4508 1355 4564 avalonensis
1370 4506 1472 4561 nullam
1489 4505 1561 4562 lecit.

127 4623 174 4663 me
187 4607 294 4661 ridente
308 4605 334 4659 in
350 4605 522 4677 presbyteros
535 4605 671 4660 ordinarit
683 4605 710 4659 in
724 4603 846 4662 Ecclesia
858 4619 917 4659 ma·
1001 4598 1164 4656 Benedictus
1181 4613 1264 4655 cocus
1287 4596 1394 4653 abbatis
1412 4598 1521 4668 juratus
1541 4598 1610 4653 dixit
1631 4598 1703 4654 idem
1718 4599 1752 4653 dc

126 4700 183 4770 jori
200 4696 388 4762 vizeliacensi,
409 4704 438 4751 et
456 4696 551 4751 eodem
572 4711 643 4751 anuo
655 4709 723 4750 meae
737 4694 918 4752 ordinationis
966 4706 1050 4749 causa
1073 4690 1241 4747 matrimonii
1259 4689 1373 4745 haduini
1395 4699 1422 4745 et
1441 4687 1564 4759 Caeciliae,
1580 4690 1652 4761 quod
1675 4688 1753 4761 llugo

130 4789 186 4845 ridi
209 4788 335 4843 nuntium
362 4786 466 4842 abbatis
494 4784 593 4852 Pontii,
621 4786 771 4842 llurantum
797 4786 918 4853 nomine,
967 4781 1044 4854 prior
1060 4781 1094 4838 de
1106 4781 1203 4850 Moret,
1221 4780 1296 4836 etde
1312 4780 1488 4836 matrimonio
1504 4778 1754 4838 Obertietllelisa·

131 4885 242 4934 cuntem
262 4893 313 4949 pro
334 4877 484 4935 chrismate
506 4885 534 4932 et
554 4879 614 4934 oleo
635 4877 669 4933 ad
692 4879 850 4950 episcopum
868 4876 918 4932 Ni·
968 4874 1044 4943 beth,
1071 4874 1151 4930 etde
1171 4872 1346 4930 matrimonio
1371 4872 1500 4928 himerici
1525 4869 1622 4926 cerarii
1635 4879 1671 4938 ¹ct
1694 4867 1757 4922 lilim.

132 4984 294 5026 narnensem
308 4969 518 5034 Erotmumlum,
537 4977 639 5027 etcum
654 4972 803 5028 chrismata
820 4972 920 5028 acoleo
970 4963 1136 5022 blanchardi
1157 4963 1290 5032 sartoris,
1318 4973 1346 5019 et
1368 4963 1461 5019 l'ratris
1486 4961 1620 5029 Droponis
1642 4967 1671 5015 et
1694 4957 1756 5014 tiliae

133 5059 305 5127 redeuntem,
325 5070 353 5117 et
373 5075 436 5115 cum
458 5075 490 5115 ex
513 5062 711 5119 consuetudine
725 5060 808 5120 vizel.
823 5077 921 5119 mona.
970 5054 1043 5111 Petri
1067 5054 1237 5121 mercatoris,
1254 5053 1326 5110 idem
1346 5052 1506 5123 dicitquod
1528 5048 1606 5123 Ilugo
1626 5053 1660 5107 tle
1675 5047 1757 5105 Silui-

134 5147 212 5206 sterii
225 5149 316 5205 nullus
329 5147 489 5205 clericorum
501 5150 570 5208 villae
583 5152 679 5209 debeat
691 5151 732 5208 ire
741 5152 775 5208 ad
786 5154 921 5226 synodum
971 5147 1051 5204 niaco
1066 5146 1260 5204 monachus'et
1271 5145 1421 5217 presbyter.

135 5242 197 5298 sine
219 5239 327 5295 licentia
351 5238 468 5307 abbatis,
492 5240 546 5297 uidi
571 5250 695 5313 ternpore
719 5243 826 5315 synodi,
849 5242 922 5313 quod
1006 5239 1132 5312 Alegreth
1143 5240 1252 5310 juratus
1265 5238 1334 5294 dinis
1350 5238 1422 5294 idem
1442 5238 1476 5293 de
1490 5252 1573 5296 causa
1590 5233 1758 5292 matrimonii

136 5333 223 5390 abbas
236 5329 350 5387 Pontius
369 5330 505 5388 Salonem
525 5342 553 5389 et
572 5331 682 5389 Petrum
700 5333 843 5390 humbaldi
861 5348 921 5390 ma·
972 5330 1065 5390 oberti
1082 5330 1216 5388 salterelli
1232 5339 1260 5386 ct
1277 5328 1445 5397 Helisabeth,
1467 5339 1494 5387 et
1515 5329 1644 5386 himerici
1660 5326 1758 5384 cerarii

134 5424 212 5496 jures
231 5423 386 5496 capellanos
400 5424 516 5494 vocarit,
528 5434 556 5482 ct
574 5419 702 5500 pracepit
716 5427 757 5483 eis
778 5441 812 5482 ne
826 5427 859 5483 ad
878 5442 923 5498 sy·
974 5433 1001 5480 et
1013 5424 1076 5482 llliae
1089 5423 1253 5493 blanchardi
1276 5422 1406 5502 sartoris,
1421 5424 1496 5492 qrrod
1512 5425 1617 5481 dixerat
1633 5418 1711 5491 Mupo
1726 5416 1761 5477 dc
