3892 6067
207 285 269 341 Μ·
684 284 836 342 uchuotlt
855 285 1050 343 ruerustrt
1069 285 1345 346 hetenensrenu.
1779 297 1835 351 528

160 428 163 434 ,
206 410 258 469 εει,
276 401 394 473 gloriosa
420 408 462 457 εει
479 400 525 456 illa
543 401 649 469 civitas,
665 417 747 473 quam
771 419 821 474 ego
836 405 910 461 intus
927 404 993 469 ridi,
1009 405 1843 482 Aestpentilitas,rpuae[per}latareetspeciosamrianrritio·

205 493 378 561 [emanente
398 492 455 561 ejus
473 502 535 548 runt
548 495 575 548 in
593 493 726 550 montibus
746 498 856 550 sanctia.
872 496 993 554 Ecclesia
1045 512 1106 551 rutn
1121 498 1154 552 ad
1177 499 1317 555 interitum
1335 501 1399 566 ibat,
1418 511 1445 557 et
1467 502 1493 558 in
1516 503 1689 576 philosophia
1706 503 1747 559 vel
1761 506 1842 576 regni

203 585 352 656 persimile
362 584 464 641 dicitnr
478 586 586 654 civitas,
598 588 663 658 quia
679 588 750 644 sicut
762 590 789 644 in
804 591 913 647 ciuitate
927 606 994 646 con·
1045 588 1202 643 monarvilla
1209 589 1393 659 superbiebat.
1402 607 1463 661 qna
1470 591 1608 663 at>0⁸l0108
1616 592 1802 665 1⁶⁸1¹⁰¹00llib
1813 606 1844 651 el

203 686 352 749 gregantur
376 679 461 746 ciues,
478 665 518 736 sic
540 681 568 736 in
592 696 675 736 unarn
698 681 779 737 iidem
803 683 993 739 coadunantur
1044 681 1177 738 cmundo
1192 693 1336 740 corruente
1353 701 1402 755 per
1416 687 1495 743 tubas
1512 688 1671 759 angelorum
1690 705 1753 745 curn
1768 691 1842 760 suis,

204 766 331 824 Ecclesiae
356 768 459 826 fideles.
484 768 571 842 lleJ'us
586 769 706 828 civitatis
726 770 934 829 fundamentum
949 783 993 829 est
1045 770 1129 826 idest
1146 772 1312 831 Christianis
1329 776 1488 844 salvabitur,
1507 778 1578 834 sicut
1598 778 1710 836 iericho
1724 797 1773 853 per
1793 794 1842 839 tu·

202 857 341 927 Christus,
353 860 423 931 lapis
435 863 576 933 angularis
590 870 759 919 connectens
776 863 804 918 in
820 863 932 919 seduos
943 878 996 934 pa·
1043 861 1094 918 has
1118 864 1290 921 sacerdotum
1316 878 1461 924 corruente
1483 868 1576 925 lichni
1600 871 1703 928 salvata
1725 873 1839 946 legitur.

203 949 294 1016 rietes,
308 948 418 1007 ludaeos
431 960 459 1007 et
472 953 598 1024 gentiles.
615 951 704 1024 liujus
717 952 835 1009 ciuitatis
850 953 949 1009 artifex
963 962 993 1010 et
1043 952 1139 1011 batam
1152 957 1224 1012 enirn
1239 958 1312 1013 viam
1326 959 1457 1026 descruit,
1471 969 1499 1017 et
1512 962 1563 1018 iter
1574 973 1721 1035 angustum
1732 966 1845 1023 ducens

204 1041 330 1098 conditor
342 1051 384 1099 εει
397 1041 480 1111 Deus,
493 1052 521 1100 et
536 1045 594 1116 ipsa
610 1043 722 1100 lundata
733 1059 816 1117 super
829 1045 885 1102 duo
896 1043 993 1102 Testa·
1043 1044 1070 1099 in
1096 1046 1167 1103 harre
1183 1048 1319 1105 ciuitatem
1341 1050 1466 1121 arripuit,
1490 1059 1518 1108 et
1538 1062 1675 1111 tumorem
1699 1058 1842 1128 superbiae

129 1148 133 1156 ·
204 1142 306 1190 menta.
322 1134 411 1207 Hujus
426 1136 601 1206 fundamenta
615 1138 720 1193 suntin
734 1138 867 1192 montibus
881 1138 991 1205 sanctis,
1042 1133 1178 1208 deposuit,
1196 1154 1228 1194 ac
1243 1139 1355 1197 humilis
1370 1140 1441 1197 iacta
1456 1142 1484 1198 in
1499 1142 1551 1199 hac
1564 1142 1673 1200 civitate
1686 1145 1755 1203 ciris
1773 1162 1842 1204 esse

204 1226 231 1281 id
246 1236 299 1294 est,
315 1228 342 1281 in
360 1228 499 1299 prophetis
514 1239 542 1284 ct
554 1229 695 1299 apostulis,
712 1244 795 1300 super
808 1244 927 1300 quorum
941 1229 992 1285 do·
1042 1227 1152 1295 meruit,
1167 1227 1238 1284 sicut
1252 1229 1298 1285 illa
1314 1231 1415 1302 populo
1425 1231 1474 1288 Dei
1487 1234 1630 1302 associari,
1647 1236 1717 1291 etin
1736 1253 1840 1309 genea-

203 1319 320 1376 ctrinanr
338 1318 471 1376 landatur
484 1318 619 1386 Ecclesia.
641 1330 673 1376 ut
692 1321 824 1377 scribitur
845 1339 852 1376 a
872 1339 882 1373 r
904 1320 993 1392 Super
1042 1315 1114 1388 logia
1128 1317 1229 1374 Christi
1250 1320 1333 1376 scribi
1350 1323 1460 1378 meruit.
1481 1321 1600 1395 batnon
1615 1334 1674 1382 erat
1687 1336 1769 1398 capot
1782 1327 1838 1384 As·

203 1410 411 1467 fundamentum
429 1412 613 1481 apostolorum
629 1421 656 1467 ει
670 1413 867 1483 prophetarum
881 1402 989 1484 (epau.
1041 1405 1190 1477 syriorum·
1211 1406 1275 1464 lioee
1297 1424 1313 1464 ι
1336 1407 1517 1469 Semiramide
1537 1413 1643 1486 letina·
1661 1431 1747 1471 “¹01⁶
1769 1414 1835 1472 Νῑιιὶ

203 1517 233 1569 n,
257 1501 314 1572 20).
340 1522 350 1554 r
368 1500 431 1558 ldeo
450 1503 518 1559 dixit
535 1522 542 1558 ι
557 1504 668 1571 tenetis,
684 1505 749 1573 quia
765 1512 867 1561 suntet
890 1511 991 1558 moretm
1040 1497 1123 1568 regis,
1143 1497 1177 1553 de
1190 1498 1282 1555 crudis
1297 1501 1427 1560 lateribus
1437 1510 1465 1557 et
1480 1502 1614 1560 hitunaine
1626 1512 1668 1560 est
1686 1513 1802 1572 structa,
1818 1522 1834 1561 a

202 1591 287 1647 rearis
299 1590 470 1663 naufragosi,
483 1592 511 1648 in
526 1607 596 1664 quos
612 1609 684 1664 saepe
706 1594 879 1667 impegerunt
900 1602 991 1650 nautae
1040 1586 1112 1660 (ipro
1125 1598 1152 1644 et
1168 1589 1251 1645 Dario
1268 1599 1311 1647 est
1335 1593 1483 1660 destructa,
1499 1594 1603 1650 ambitu
1618 1597 1758 1668 sexaginta
1777 1607 1837 1654 sta-

202 1682 323 1748 incauti,
344 1682 417 1753 quod
436 1691 501 1739 sunt
519 1683 639 1740 haerctiei
663 1692 691 1739 et
707 1683 886 1755 philosophi,
905 1683 990 1756 buius
1040 1679 1160 1750 diorum,
1178 1681 1212 1737 de
1226 1698 1280 1753 qua
1298 1683 1409 1752 dicitur,
1426 1686 1499 1756 quod
1515 1686 1640 1742 mirabile
1662 1687 1753 1754 luerit,
1767 1691 1836 1762 quia

200 1774 320 1831 civitatis
338 1775 500 1831 adversarii.
520 1774 599 1843 Quod
620 1776 655 1832 sit
674 1791 774 1833 aionien
794 1776 877 1848 huius
891 1777 988 1833 cirita·
1004 1761 1025 1816 Β
1040 1782 1131 1842 posset
1153 1773 1187 1828 ab
1210 1773 1320 1830 homine
1341 1778 1475 1842 construi,
1500 1778 1547 1832 sed
1573 1778 1734 1847 mirabilius,
1758 1783 1834 1851 quod

201 1870 246 1934 sis,
264 1867 354 1923 dicit:
1039 1874 1132 1935 posset
1146 1866 1259 1923 destrui.
1282 1867 1400 1939 babylon
1426 1870 1527 1925 dieitur
1548 1871 1679 1941 confusio,
1705 1871 1770 1942 quia
1794 1874 1834 1928 ihi

235 1958 317 2016 Vens.
331 1961 359 2016 2.
376 1958 471 2032 bitinia
487 1960 719 2033 Dominnaportct
731 1959 795 2015 Sion
810 1963 988 2032 superomnia
1039 1957 1104 2012 olim
1120 1956 1241 2015 confusae
1263 1969 1327 2016 sunt
1350 1961 1450 2033 lingum
1473 1962 1626 2030 hominnm,
1648 1972 1676 2019 ει
1697 1965 1835 2037 significat

201 2049 371 2106 tabernacula
387 2050 482 2106 tacet.
496 2051 562 2107 Sion
574 2061 687 2108 vocatur
700 2052 758 2108 baec
772 2052 870 2110 civitas
882 2053 908 2107 in
920 2068 989 2123 prae·
1038 2047 1112 2104 hunc
1127 2049 1269 2118 mnndum,
1292 2049 1320 2105 in
1338 2067 1394 2122 quo
1412 2059 1548 2109 amatores
1567 2053 1627 2123 ejus
1643 2055 1728 2112 uariis
1742 2058 1832 2114 modis

199 2142 268 2198 senti
284 2144 351 2210 sita,
367 2143 441 2214 quod
454 2143 554 2198 dicitur·
567 2142 674 2214 apecula
688 2143 767 2212 ritae3
784 2144 811 2198 in
830 2142 922 2200 tuturo
936 2159 988 2199 vo·
1038 2138 1253 2196 confunduntur.
1279 2138 1331 2208 Qut
1357 2143 1390 2198 de
1412 2144 1530 2215 pcccatis
1552 2144 1745 2203 erubescentes
1765 2165 1832 2205 curn

198 2235 306 2292 cabitur
317 2234 478 2303 Jerusalem,
499 2236 526 2291 id
546 2244 598 2303 est,
619 2236 685 2290 nisio
709 2235 783 2306 pacis
796 2236 838 2290 vel
856 2234 987 2290 Dominus
1037 2228 1129 2284 natat
1145 2230 1173 2285 in
1192 2230 1244 2287 hac
1263 2232 1374 2289 civitate
1392 2234 1515 2291 babitare
1529 2245 1680 2306 coeperunt,
1696 2247 1724 2295 et
1738 2255 1832 2311 regern

199 2328 307 2383 iernen.
331 2326 421 2382 rorte
434 2327 517 2398 liujus
532 2327 650 2384 civitatis
668 2337 733 2384 sunt
746 2326 863 2398 apostoli
880 2327 921 2382 ret
936 2326 987 2383 de·
1038 2320 1119 2393 huius
1134 2321 1253 2379 eir-inus
1269 2339 1360 2391 nosse,
1376 2333 1404 2380 ee
1417 2325 1442 2380 er
1465 2327 1568 2381 servire
1587 2341 1746 2386 meruerunt
1759 2330 1831 2403 (ιεε.

199 2432 300 2488 cmpos,
319 2436 367 2489 per
388 2434 459 2491 qnos
479 2419 614 2476 ineramus
630 2419 664 2475 ad
678 2434 793 2490 regnum
816 2417 873 2473 Dei,
899 2416 987 2473 tanna
1038 2425 1057 2464 n
1068 2418 1097 2466 et
1107 2412 1155 2481 rr).
1176 2409 1225 2468 Est
1237 2427 1302 2484 ergo
1318 2428 1434 2471 senem:
1449 2414 1576 2472 Gentium
1595 2431 1658 2472 curn
1676 2419 1757 2475 idolis
1771 2421 1832 2478 suis

197 2512 258 2583 ejus
272 2511 465 2579 0501„st
482 2527 530 2581 W
547 2526 630 2582 quam
651 2510 685 2566 ad
702 2511 786 2566 viram
811 2508 985 2565 intrabimus,
1039 2501 1284 2570 meretricantium,
1299 2511 1326 2559 ct
1341 2502 1374 2559 de
1393 2505 1511 2574 peccatis
1528 2506 1586 2563 suis
1608 2506 1785 2565 conlusarum
1800 2510 1830 2566 in

199 2601 380 2658 Tabernccnlc
396 2601 480 2656 lacot
506 2613 571 2655 sunt
594 2602 681 2657 sancti
705 2600 806 2672 prioris
826 2600 917 2670 populi
935 2600 987 2656 sub
1037 2590 1089 2646 ΜΟ
1104 2591 1214 2647 cilliam
1231 2607 1280 2663 per
1300 2592 1380 2649 fldem
1397 2594 1455 2664 1²⁰¹
1476 2596 1669 2664 hibiiiflfiums
1687 2608 1715 2654 ‘³‘
1727 2616 1767 2654 Μ
1779 2615 1832 2671 Pel

197 2693 292 2764 liguris
309 2692 390 2763 hujus
401 2690 521 2747 civitatis
531 2690 691 2746 militantes.
707 2688 803 2761 Ditipit
815 2704 881 2762 erpo
895 2688 987 2743 Domi·
1037 2691 1207 2738 sacramenia
1222 2684 1359 2738 scientiam
1375 2699 1419 2739 erc
1439 2701 1538 2740 mernor
1552 2687 1643 2744 dando
1655 2689 1695 2745 cis
1713 2691 1830 2748 virtutes

196 2793 348 2854 anspertus
368 2782 443 2850 Sion,
469 2782 558 2839 idest
580 2783 728 2854 apostolos,
753 2791 844 2853 portos
869 2780 987 2838 ciuitatis
1036 2774 1199 2845 mimim-

197 2877 364 2947 speculantis
379 2876 470 2932 iutura
487 2892 566 2947 super
589 2874 759 2931 tabernaculo
782 2873 876 2940 lecet,
891 2874 918 2929 id
932 2883 985 2943 εει,
1074 2864 1140 2920 5⁶⁶0
1154 2865 1316 2937 “imbelles
1331 2875 1357 2922 θ’
1378 2866 1472 2941 Tilfflb
1490 2878 1515 2923 θ’
1529 2869 1642 2939 ΡθΡῐΙῙΜ
1658 2870 1828 2942 AEiilimmi

196 2969 258 3038 βω,
281 2983 364 3038 quam
388 2978 483 3023 omnes
496 2975 607 3022 ,anepos
622 2966 723 3037 prioris
736 2965 829 3036 populi
844 2966 902 3021 sive
921 2981 987 3035 pso.
1036 2957 1063 3009 lri
1078 2955 1184 3026 fuerunt
1201 2957 1269 3013 iilic.
1289 2959 1451 3032 Alienipenoe
1465 2969 1529 3016 sunt
1542 2959 1703 3028 philisthei,
1721 2962 1767 3033 qui
1782 2962 1829 3017 tii-

195 3059 292 3129 phetas
305 3060 363 3114 site
377 3072 556 3128 quoscunque
567 3057 714 3112 militantes
725 3057 777 3112 snb
792 3057 901 3112 nrnbre.
1038 3058 1137 3104 cuntur
1149 3049 1271 3104 rodentes
1285 3051 1400 3121 potione,
1415 3053 1488 3123 qued
1506 3063 1570 3108 sunt
1590 3052 1693 3109 ebriosi
1705 3062 1732 3109 et
1745 3053 1830 3109 luxu·

230 3149 335 3202 Aliter:
353 3145 442 3201 Portoe
457 3143 523 3200 Sion
547 3154 612 3201 sunt
626 3147 704 3212 lldes,
731 3161 803 3215 spes,
825 3148 946 3203 charitas
958 3157 985 3204 et
1038 3139 1103 3195 lio-li
1117 3155 1133 3193 a
1148 3155 1231 3211 regno
1252 3139 1299 3195 1)ιί
1319 3142 1411 3200 alieni.
1437 3141 1522 3214 rnna
1536 3143 1637 3199 dicitur
1650 3146 1784 3215 onpnstin,
1799 3155 1829 3200 et

196 3238 256 3292 aliae
271 3236 396 3301 virtutes,
411 3243 552 3307 quaesunt
575 3237 602 3290 in
627 3235 673 3290 illa
693 3235 814 3301 civitate,
835 3252 898 3307 quse
921 3247 986 3293 snne
1037 3239 1100 3285 sunt
1113 3239 1301 3300 persecutores
1312 3231 1462 3290 Ecclesiam
1477 3235 1674 3306 angustiantes.
1687 3234 1827 3305 AEthiopea

195 3335 281 3397 portae
294 3325 421 3380 coelestes
436 3338 562 3394 superne
576 3322 652 3391 Sion,
666 3323 762 3378 laniem
775 3323 823 3379 bel
838 3326 984 3394 speculan·
1035 3321 1164 3375 dicuntur
1180 3321 1261 3391 nipri,
1277 3332 1303 3377 ει
1319 3331 1384 3378 sunt
1397 3332 1554 3393 peccatores
1570 3325 1640 3395 nigri
1652 3327 1680 3381 in
1692 3328 1827 3397 peccatis.

196 3426 246 3473 tes.
265 3414 322 3471 llas
335 3415 423 3486 diiipit
439 3413 571 3470 hominus
592 3430 671 3485 snper
694 3412 866 3469 intemerata
888 3414 983 3484 lacot,
1035 3410 1069 3466 lli
1083 3428 1178 3470 omncs
1192 3412 1303 3470 luerunt
1316 3414 1409 3470 hostes
1420 3416 1503 3486 hujus
1518 3417 1646 3481 civitatis,
1661 3418 1707 3474 sed
1722 3434 1738 3473 a
1753 3417 1827 3489 Rege

194 3512 221 3567 id
235 3519 369 3581 estsuper
381 3524 478 3565 omnes
491 3507 679 3563 observantias
692 3508 793 3578 prioris
805 3509 910 3578 populi,
923 3511 984 3581 qui-

194 3606 245 3661 bus
259 3604 438 3659 intimabatur
452 3602 497 3657 illa
508 3599 606 3657 civitas
617 3615 725 3670 semper
737 3615 863 3669 manens,
874 3610 902 3657 et
911 3617 985 3658 senr-

194 3712 241 3765 per
256 3695 375 3752 coelestis
389 3695 416 3749 in
430 3708 509 3765 paee.

229 3789 313 3844 ‚iliter
326 3807 333 3842 :
347 3785 411 3843 Sion
425 3793 470 3842 εει
483 3795 640 3841 sanctorurn
655 3784 821 3842 coadunatio
835 3784 864 3839 in
877 3785 983 3841 coelesti

193 3880 288 3951 gloria.
303 3875 485 3932 Tabernocnlo
495 3875 580 3930 laceb
594 3891 717 3946 praesens
725 3874 862 3947 justorum
873 3874 982 3944 militia,

192 3971 256 4039 quia
277 3969 321 4024 hic
334 3966 462 4022 luctando
477 3966 595 4022 militant
613 3981 696 4036 super
710 3965 785 4020 sitia.
801 3963 890 4035 Super
900 3964 982 4020 istam

192 4059 237 4113 ila
253 4057 385 4129 spiritalis
397 4056 473 4128 diligi
490 4055 600 4123 dicitur,
613 4055 676 4125 quia
698 4054 768 4109 nihil
790 4054 818 4109 in
841 4068 873 4109 ea
885 4053 984 4110 corrie-

191 4148 288 4211 sionis,
305 4147 372 4201 nibil
388 4144 601 4217 perturbationis
619 4159 680 4201 esse
694 4143 858 4200 declaratur.
875 4144 982 4201 Simili·

191 4238 256 4294 tudo
279 4246 322 4295 est
342 4238 377 4293 ab
398 4237 444 4292 illa
462 4236 581 4304 civitate,
600 4251 661 4307 quae
673 4245 716 4292 εει
729 4237 757 4292 in
770 4246 863 4293 monte
879 4237 983 4293 consti·

191 4339 258 4396 tuta,
273 4339 300 4386 et
319 4328 423 4384 munita
437 4327 498 4384 loeo
512 4335 539 4384 et
554 4343 645 4398 opere.

1035 3498 1146 3557 Christo
1159 3502 1275 3574 subtecti
1295 3502 1359 3559 iacti
1381 3514 1445 3560 sunt
1462 3507 1490 3561 in
1510 3523 1542 3563 ea
1559 3507 1648 3564 deuoti
1663 3509 1746 3565 eires.
1760 3507 1826 3564 llaec

1035 3593 1126 3649 omnia
1145 3591 1294 3649 factasunt
1312 3596 1431 3666 gloriosa
1448 3612 1496 3668 per
1511 3597 1610 3670 Regem
1628 3600 1655 3655 in
1673 3615 1705 3655 ea
1717 3610 1824 3667 natum,

1034 3683 1119 3739 beorn
1136 3693 1164 3739 et
1176 3683 1326 3740 hominem.
1346 3684 1404 3742 lloc
1417 3699 1469 3755 cst,
1484 3692 1557 3761 quod
1571 3693 1715 3762 sequitur:

1070 3773 1152 3831 Vens.
1172 3775 1199 3830 5.
1221 3774 1349 3846 Nnnpeid
1364 3776 1429 3832 Sion
1444 3778 1635 3836 dicetrflomo
1647 3782 1759 3837 ethome
1773 3799 1825 3837 nn-
1905 3791 1910 3802 ·
1940 3745 1941 3786 ³

1034 3876 1076 3921 tut
1096 3877 1134 3921 εει
1149 3867 1175 3919 in
1189 3882 1231 3932 en,
1245 3875 1271 3920 ει
1291 3867 1346 3937 ipre
1360 3867 1482 3938 (nudauit
1498 3887 1557 3926 enm
1575 3872 1751 3930 ditissimus?
1764 3872 1824 3931 linc

1033 3971 1085 4028 εει,
1097 3960 1174 4015 honre
1188 3969 1316 4016 nascetur
1331 3960 1358 4014 in
1372 3977 1403 4017 ea
1421 3963 1542 4031 civitate,
1556 3973 1584 4020 et
1601 3965 1659 4036 ipse
1674 3966 1744 4020 idern
1756 3966 1822 4036 [nn-

1033 4052 1105 4108 dnuit
1117 4054 1239 4110 eamdem
1257 4056 1393 4111 civitatens
1405 4054 1491 4125 prima
1502 4057 1649 4124 creatione,
1662 4057 1726 4128 quia
1736 4057 1821 4127 idem,

1033 4145 1235 4215 quiesthomo,
1254 4155 1296 4203 εει
1317 4153 1344 4201 ει
1361 4145 1433 4202 Ιιεεε
1448 4146 1606 4217 attissimus,
1623 4148 1649 4204 id
1664 4157 1706 4205 est
1722 4159 1823 4219 ponat-

1033 4236 1165 4292 tissimus.
1191 4234 1221 4290 ln
1245 4234 1297 4290 hoc
1325 4236 1448 4305 [nudauit
1471 4253 1546 4303 enm,
1574 4239 1647 4310 quod
1672 4238 1734 4294 illes
1756 4238 1823 4295 lecit

1032 4323 1218 4390 materialiter,
1241 4326 1274 4379 de
1294 4324 1396 4393 quihus
1415 4335 1619 4381 construeretur
1642 4328 1701 4384 hsce
1723 4327 1822 4385 ciuitas

226 4420 309 4476 iens.
324 4420 351 4476 3.
373 4418 495 4475 Gloriosa
506 4417 690 4473 dictasuntde
704 4426 739 4485 ιε,
750 4419 844 4472 etatem
857 4417 917 4482 bel,
931 4433 981 4488 per
995 4431 1018 4486 ῃ
1032 4413 1218 4483 spiritualiter.
1238 4415 1284 4470 Sic
1302 4424 1392 4471 autern
1413 4415 1459 4471 hic
1478 4432 1574 4472 versus
1588 4419 1776 4473 construitur:
1797 4418 1821 4475 0

189 4511 322 4582 Spiritum
339 4520 475 4568 sunctum.
487 4508 521 4565 Et
534 4524 596 4580 quae
610 4516 675 4565 eunt
685 4497 731 4563 ilia
741 4509 753 4563 l
765 4508 828 4563 llaec
841 4509 978 4578 videlicet,

190 4603 264 4673 quod
285 4604 312 4658 in
327 4619 359 4659 ea
374 4609 455 4659 erunt
467 4601 614 4673 principes,
634 4600 734 4667 idiotae,
752 4600 895 4667 rusticani,
911 4616 980 4672 pau·

188 4708 268 4762 peres
283 4695 443 4764 piscatores,
462 4701 490 4749 et
502 4691 575 4764 quod
593 4692 621 4747 in
636 4706 669 4748 ea
683 4699 765 4747 erunt
777 4691 851 4747 cives
863 4690 979 4765 Babylo·

190 4783 241 4848 nii,
261 4782 421 4849 Philisthaei,
446 4780 521 4855 Tyrii
542 4793 570 4840 et
590 4783 741 4855 AEthiopes.
763 4782 800 4837 De
823 4783 867 4839 his
881 4785 977 4841 subdi-

190 4884 234 4928 tur
250 4892 257 4928 ι

225 4965 391 5037 Diopsoinro.
412 4967 492 5024 Vens.
512 4969 538 5022 d.
560 4967 661 5023 Memor
679 4985 723 5023 ero
737 4967 829 5023 uniat
849 4979 873 5024 ct
888 4966 978 5039 Bedy-

188 5060 256 5113 lenit
271 5059 411 5114 scientiam
429 5076 478 5112 me.
497 5058 549 5113 Per
565 5058 657 5113 Rohnlr
673 5061 841 5128 meretrices,
855 5075 904 5131 per
925 5059 978 5116 Ba-

187 5151 313 5223 bilonem
328 5151 466 5222 publicani
481 5149 678 5220 intelliguntur,
702 5151 766 5221 quia
787 5150 815 5206 in
837 5151 889 5207 bac
907 5151 975 5207 ciri·

187 5253 241 5300 tate
255 5243 329 5300 ciues
341 5242 430 5299 effecti
444 5240 601 5313 precedunt
616 5239 725 5297 tudens
744 5242 772 5297 in
789 5258 902 5314 regnum
916 5241 973 5298 bei.

186 5333 277 5389 liobae
299 5343 358 5390 erat
374 5333 515 5398 meretrix,
539 5347 601 5404 quae
620 5332 803 5403 exploratores
823 5331 888 5388 lesu
901 5330 975 5387 Naue

187 5426 302 5496 excepit,
314 5440 376 5496 quac
389 5424 446 5482 sola
458 5439 520 5480 cum
533 5424 592 5481 suis
604 5423 706 5481 salvata
719 5433 771 5492 est,
787 5422 897 5494 quando
906 5419 992 5478 leri.

186 5516 237 5571 cho
252 5519 366 5572 corruit.
386 5517 477 5571 liuhai
496 5517 596 5573 elicitur
610 5515 725 5571 latitudo
740 5517 783 5572 vel
801 5515 934 5587 snperbia,
947 5525 975 5573 ct

221 5691 278 5760 (lb)
298 5690 380 5762 ture.
395 5692 530 5747 narrabit.

1029 4502 1106 4572 Sion,
1128 4505 1248 4576 nunquid
1273 4507 1372 4577 aliquis
1398 4507 1476 4562 homo
1502 4507 1571 4564 dicet
1597 4509 1690 4565 istud?
1714 4509 1822 4567 Civitas

1028 4605 1184 4654 cortstnrcta
1197 4609 1249 4663 εει,
1264 4608 1289 4653 ει
1301 4598 1377 4654 homo
1395 4607 1474 4653 notua
1489 4607 1528 4653 εει
1544 4599 1572 4652 in
1587 4615 1629 4667 eo,
1647 4609 1673 4654 ει
1686 4600 1752 4669 ipse,
1771 4602 1822 4672 qui

1029 4699 1107 4745 nntns
1123 4700 1173 4755 εει,
1187 4690 1309 4760 {nudauit
1321 4707 1390 4757 cont,
1411 4700 1516 4747 etcum
1530 4692 1566 4747 sit
1580 4692 1668 4758 bento,
1683 4704 1725 4750 εει
1741 4695 1822 4751 olria-

1028 4784 1131 4838 simns?
1146 4781 1194 4838 Vix
1208 4784 1318 4839 audebit
1327 4784 1380 4839 hoc
1390 4782 1490 4854 aliquis
1504 4783 1581 4838 tremo
1595 4785 1743 4855 praedicare
1755 4803 1762 4839 :
1775 4789 1822 4843 iu·

1027 4874 1159 4931 credibile
1169 4875 1243 4930 enirn
1256 4883 1283 4929 et
1295 4874 1463 4943 impossibile
1476 4875 1620 4933 ridebitur.

1062 4968 1121 5022 alta
1142 4966 1284 5021 translatio
1304 4966 1385 5022 babet
1401 4984 1408 5019 :
1422 4964 1510 5020 linter
1528 4964 1593 5023 Sion
1611 4967 1702 5023 dicct:
1721 4969 1817 5035 nomm·

1026 5065 1054 5112 et
1064 5066 1105 5112 est
1116 5071 1213 5112 sensus
1226 5075 1232 5110 :
1245 5055 1395 5127 synagoga,
1409 5071 1470 5126 qnae
1482 5066 1523 5112 εει
1536 5068 1621 5113 meter
1635 5057 1711 5125 Sion,
1730 5059 1758 5114 id
1773 5071 1819 5116 cst

1026 5145 1163 5216 Ecclesia,
1177 5148 1244 5201 dicet
1267 5148 1301 5202 de
1320 5145 1431 5203 Christo
1448 5147 1518 5205 :llic
1544 5159 1647 5205 tanturn
1669 5159 1711 5207 est
1724 5151 1816 5220 tono,

1026 5237 1091 5293 Sion
1104 5247 1194 5294 autern
1212 5237 1277 5292 dicit
1292 5253 1301 5290 .·
1318 5236 1377 5308 lpse
1390 5247 1433 5296 est
1446 5239 1612 5297 ditissimas.
1629 5239 1707 5298 Unde
1721 5242 1817 5299 saun·

1026 5329 1147 5386 turlstat

1062 5421 1141 5477 Vens.
1157 5420 1184 5475 6.
1209 5421 1337 5477 Dominus
1355 5424 1472 5478 norrorit
1489 5423 1549 5494 (ta)
1569 5439 1602 5480 ea
1622 5426 1651 5480 in
1673 5425 1814 5489 armaturis

1023 5512 1190 5582 popularem,
1209 5509 1236 5565 id
1252 5520 1295 5567 εει
1307 5512 1334 5567 in
1353 5513 1410 5583 lcgc
1423 5522 1451 5569 ει
1462 5512 1611 5586 prophetis,
1624 5516 1813 5586 scripturiret
