3892 6067
93 196 168 277 stit
633 225 893 285 ttasueourmt
912 229 1206 294 ntrtsnanesss.
1655 247 1726 306 trus

93 340 158 387 tata
175 326 334 433 accipiunt:
350 331 476 388 videlicet
494 333 624 405 speciem,
644 339 804 405 essentiam,
820 355 888 409 rem,
904 351 1016 410 araur,
1031 342 1088 415 ib).
1102 342 1156 397 ilie
1169 354 1208 398 est
1226 347 1334 417 sanquis
1354 363 1425 404 meur
1443 349 1532 419 titio„
1553 351 1610 420 ιι).
1628 351 1661 408 Et
1677 368 1725 425 per

96 437 149 476 seu
163 429 290 476 virtutem
307 427 336 477 et
353 422 488 480 eductum.
511 424 566 482 Sed
585 428 752 499 quicunque,
767 429 889 487 sibimet·
938 433 1099 504 Apostolum
1124 449 1218 501 suum,
1239 437 1319 506 eujus
1338 440 1557 509 experimentum
1581 443 1713 504 trahemus

98 513 169 616 ipsis
182 513 305 571 virentes
317 529 376 571 rem
393 515 539 588 abnegant,
553 519 662 589 edoctu,
677 523 724 592 qui
738 532 782 578 est
791 525 890 581 remis·
938 525 1004 595 quia
1018 527 1047 581 in
1061 541 1096 582 eo
1112 526 1234 597 loquitur
1250 527 1378 586 Christus
1397 532 1490 603 itaque
1501 534 1595 591 dicens
1608 550 1616 589 ι
1631 488 1725 608 ltaque:

100 620 146 664 sto
160 611 335 674 peccaturum
357 606 459 675 pariter
473 617 577 676 carent,
604 612 656 668 etsi
670 613 789 682 speeiem
802 614 889 670 solam
938 615 1085 686 quicunque
1100 616 1299 672 manducaverit
1315 636 1420 690 portem,
1445 622 1483 677 tet
1504 624 1598 679 biberit
1615 626 1725 683 culicem

99 702 180 750 extra
192 692 353 762 Ecclesiam,
367 697 440 753 relut
453 699 535 754 ειιειιι
552 703 700 758 essentiam
712 702 815 759 Christi
828 720 890 760 eor·
938 703 1046 759 Domini
1064 705 1180 777 indiqne,
1204 724 1263 763 rens
1275 710 1326 763 erit
1342 714 1459 781 eorporis
1473 721 1499 768 ct
1519 717 1655 785 terquinis
1669 716 1725 772 Do·

99 786 179 859 poris
192 787 327 858 accipiam
339 788 410 844 intra
421 787 581 846 Ecclesiam.
598 790 667 848 Nam
680 793 714 849 de
726 795 816 863 speeie
824 809 890 850 oon·
938 796 1015 850 mini.
1029 794 1127 853 Probet
1141 808 1229 854 nutem
1252 816 1279 855 sc
1300 803 1387 870 ipsum
1406 802 1493 870 bomo,
1512 806 1592 860 etsie
1611 770 1725 877 mpure

100 877 670 960 ceditbcatushngustinusadlioniiaeium
679 883 889 955 scribens,quod
937 884 987 940 illo
1007 886 1079 955 etot,
1100 895 1125 942 ct
1144 888 1177 942 de
1197 890 1279 944 colice
1293 890 1374 946 uitat.
1389 890 1442 958 Qui
1455 893 1524 948 emm
1539 895 1681 951 arondrcnt
1700 905 1726 952 et

101 968 176 1030 hane
189 967 310 1062 baeretici
323 969 459 1039 accipiant
470 980 547 1027 extra
562 971 725 1040 Ecclesiam,
738 974 817 1044 eujus
831 990 888 1030 rem
938 975 1004 1030 bibit
1015 977 1130 1055 indique,
1138 978 1272 1048 judicium
1282 980 1334 1035 siti
1345 982 1487 1036 munducat
1499 994 1525 1039 ει
1541 984 1606 1038 bibit
1620 983 1648 1056 (ι
1661 985 1724 1042 Cor.

102 1075 160 1115 nun
173 1060 283 1117 habent.
301 1079 310 1114 r
329 1059 464 1131 llaeretiei,
482 1062 580 1134 inquit,
595 1079 649 1120 nun
663 1074 788 1136 quaerant
800 1064 888 1136 Spiri·
937 1081 977 1134 st,
994 1066 1103 1138 ates).
1120 1067 1181 1125 Non
1200 1069 1290 1126 dixit:
1307 1072 1352 1142 qui
1367 1071 1514 1130 manducat
1527 1082 1555 1130 ct
1567 1074 1637 1132 bibit
1653 1076 1725 1132 indi.

89 1163 164 1216 ,tum
185 1160 323 1221 sanetum,
339 1152 393 1207 nisi
413 1153 442 1208 in
461 1168 575 1224 corpore
594 1154 801 1226 Christicolas
821 1155 888 1214 ioris
937 1171 1001 1227 gne,
1019 1173 1117 1227 panem
1132 1160 1279 1217 manducat
1292 1162 1455 1234 simplicem,
1475 1164 1517 1221 rei
1537 1180 1723 1233 communem,

102 1242 206 1298 habent
228 1251 441 1312 sacramentam,
467 1244 515 1299 sed
536 1259 595 1300 rem
614 1245 703 1316 ipsam
725 1261 779 1303 nun
797 1256 889 1303 tenent
937 1253 965 1300 et
978 1248 1072 1302 riuum
1091 1247 1169 1318 bibit,
1180 1249 1260 1320 quale
1279 1251 1356 1321 prius
1366 1262 1434 1319 crat,
1451 1253 1571 1309 nondum
1589 1256 1725 1312 celebrata

101 1335 189 1402 intus,
203 1333 281 1405 cnjus
297 1335 363 1392 illud
375 1343 418 1392 est
433 1345 646 1393 sacramentum.
661 1337 694 1393 Et
708 1338 768 1395 idco
780 1340 834 1397 sibi
844 1339 889 1410 ju·
937 1338 1157 1404 consecratione,
1183 1340 1231 1395 sed
1254 1356 1313 1396 reus
1326 1343 1377 1396 erit
1403 1345 1521 1414 eorporis
1543 1355 1568 1399 et
1586 1347 1724 1417 surrqnints

100 1426 204 1482 dicium
218 1428 384 1483 manducant
396 1435 424 1484 et
436 1426 542 1483 bibunt.
560 1447 570 1482 r
584 1427 658 1485 ldem
671 1430 699 1485 in
714 1444 841 1487 sermone
854 1431 889 1487 ad
937 1428 1056 1495 Domini,
1068 1427 1115 1485 sed
1121 1428 1264 1500 judicium,
1277 1430 1375 1501 inquit,
1390 1431 1442 1487 siti
1455 1433 1608 1501 munducat,
1620 1448 1645 1492 et
1660 1436 1725 1490 bibit

98 1515 232 1585 populum
249 1534 256 1571 ι
271 1532 282 1570 t
297 1514 392 1574 Videat
409 1519 530 1577 charitas
548 1527 649 1587 restra,
665 1521 729 1591 qnia
744 1522 822 1577 utulti
840 1523 888 1592 qui
936 1535 989 1574 non
1003 1518 1153 1588 dijudicans
1170 1535 1264 1586 comus
1281 1520 1398 1576 llomini.
1419 1521 1588 1595 Quapropter
1599 1540 1653 1580 non
1666 1524 1725 1595 lans

98 1619 159 1661 non
178 1615 242 1661 sunt
255 1622 287 1661 ex
307 1607 396 1677 nobis,
414 1610 553 1681 accipiunt
573 1610 716 1667 nobiseum
732 1626 889 1668 sacramen·
936 1610 970 1666 de
981 1611 1151 1667 contentiosa
1162 1612 1325 1682 cujusquam
1337 1614 1537 1681 dissertatione,
1552 1617 1599 1672 sed
1613 1619 1647 1674 de
1657 1634 1724 1687 apo·

98 1703 140 1761 ta,
158 1695 296 1766 accipiunt
315 1697 461 1768 baptisma,
480 1700 618 1770 accipiunt
637 1702 793 1771 uobiscum,
812 1701 887 1772 quod
900 1704 923 1761 B
937 1702 1031 1757 stoliea
1042 1702 1156 1757 veritate
1170 1716 1281 1759 sensum
1295 1714 1430 1774 putatum,
1445 1721 1500 1778 quo
1514 1706 1659 1777 praerlietus
1671 1707 1724 1764 llo·

99 1797 206 1844 norunt
219 1789 311 1846 tideles
327 1805 357 1847 se
375 1792 499 1863 accipere
521 1793 746 1862 benedictionem,
760 1795 887 1851 euchari·
937 1799 997 1847 ctor
1011 1802 1223 1862 sacramentum,
1238 1811 1352 1866 remque
1372 1798 1534 1853 sacramenti
1556 1796 1720 1853 distinxerit.

99 1878 183 1934 stiam
209 1889 236 1935 et
248 1881 378 1953 quidquid
393 1883 421 1938 in
433 1885 612 1942 sacramentis
624 1885 726 1941 tenetis
736 1894 788 1942 est.
798 1884 888 1956 ipsius
937 1879 1004 1937 Rem
1019 1885 1184 1940 sacramenti
1201 1886 1328 1942 Christus
1348 1887 1518 1958 mysterium,
1533 1903 1581 1943 sen
1595 1889 1723 1943 rirtntcm

99 1969 196 2026 altaris
217 1973 439 2030 communionem
463 1976 600 2046 accipiunt
613 1977 766 2046 nobiseum,
782 1988 809 2034 et
830 1994 887 2036 nun
936 1989 994 2031 suae
1006 1974 1077 2030 dixit
1094 1991 1155 2032 csse
1169 1978 1317 2047 passionis,
1335 1987 1366 2033 ut
1379 1987 1442 2034 aute
1456 1979 1514 2048 jam
1527 1978 1661 2047 diximus,
1675 1979 1724 2049 qui

99 2068 168 2120 sunt
189 2074 222 2115 ex
244 2061 333 2116 nobis.
350 2081 361 2115 r
381 2061 446 2118 item
461 2081 468 2118 :
484 2082 494 2116 s
512 2064 542 2119 Si
564 2080 620 2122 nun
643 2064 684 2122 ris
704 2067 814 2138 corrigi,
839 2069 886 2124 sed
937 2076 1033 2125 tenum
1054 2070 1082 2124 in
1105 2070 1235 2127 manibus
1255 2071 1309 2127 huc
1327 2070 1434 2127 risibile
1448 2076 1646 2126 sacramentnm
1659 2084 1723 2126 cum

99 2163 180 2206 amas
202 2159 229 2206 et
252 2153 423 2222 amplecteris
448 2165 559 2225 pecema
590 2163 653 2224 tua,
676 2158 831 2214 contrarius
855 2173 886 2216 es
936 2157 1052 2214 dixisset
1066 2156 1191 2224 :oncest
1204 2175 1297 2229 corpur
1312 2158 1520 2226 rncnm,’addidit
1535 2158 1723 2229 :quintinum-

98 2237 222 2294 Christo.
239 2239 315 2296 lutus
334 2242 383 2309 sis,
399 2242 467 2299 luris
483 2244 532 2310 sis,
547 2244 734 2303 Antichristus
748 2262 796 2314 es;
812 2247 887 2303 intus
937 2255 982 2302 tur
996 2246 1072 2318 (Eue.
1083 2263 1150 2316 xxti,
1166 2248 1305 2319 aetiten).
1317 2248 1386 2304 Cum
1398 2249 1513 2304 dixisset
1525 2266 1533 2304 ε
1547 2248 1599 2303 ιιιε
1611 2257 1649 2303 cst
1660 2264 1724 2303 scn-

100 2328 151 2395 sis,
164 2327 232 2386 ioris
247 2330 297 2398 sis,
311 2331 389 2402 palea
400 2346 440 2388 es.
460 2351 470 2385 r
486 2331 560 2388 idern
575 2333 602 2389 in
616 2334 686 2391 libro
702 2337 781 2392 tertio
790 2345 887 2392 eontra
937 2336 996 2407 puis
1006 2353 1088 2404 meus,
1100 2336 1204 2393 addidit
1214 2336 1281 2402 :Qui
1292 2339 1442 2407 effundetur
1455 2337 1564 2409 (hlutri.
1578 2353 1654 2404 srvi,
1663 2338 1722 2408 ιι).

100 2418 259 2478 Donatistas
275 2441 282 2477 :
297 2441 307 2474 r
328 2421 452 2480 Haeretici
465 2423 565 2480 babent
581 2436 761 2496 sacramenta,
773 2437 800 2484 et
814 2426 888 2483 Scri·
936 2425 972 2482 ht
986 2427 1041 2491 ille,
1055 2428 1103 2498 qni
1117 2427 1229 2498 indigne
1242 2428 1357 2493 accedit,
1372 2443 1427 2483 non
1443 2427 1627 2485 communicat
1640 2425 1722 2482 Chri-

100 2517 196 2580 pturas
213 2512 248 2567 ad
266 2512 395 2582 speeiem,
414 2530 468 2571 non
490 2516 666 2571 adsalutem.
683 2505 823 2574 ride'mio
839 2531 888 2572 et·
937 2518 972 2573 sti
1000 2518 1185 2587 passionibus,
1206 2535 1260 2574 oon
1288 2520 1421 2590 contingit
1441 2533 1489 2574 ore
1514 2518 1625 2586 mentis,
1650 2516 1724 2588 quod

100 2600 237 2669 positione
254 2617 337 2673 super
355 2602 503 2674 Epistulam
518 2604 652 2662 lunonis:
671 2606 826 2677 «Accipere
840 2622 886 2663 sa·
936 2610 1053 2680 percipit
1075 2625 1123 2667 ore
1143 2610 1277 2679 corporis,
1299 2625 1354 2664 nou
1379 2611 1457 2680 ponit
1478 2610 1542 2681 agni
1562 2607 1723 2679 sangninem

100 2701 271 2751 eramentum
290 2695 422 2765 eorporis,
436 2705 463 2752 et
476 2696 618 2767 sanguinis
631 2693 747 2761 Domini,
759 2706 786 2752 et
799 2698 888 2755 malus
937 2699 966 2755 in
988 2707 1106 2770 utroque
1126 2708 1204 2770 poste
1217 2699 1316 2754 domus
1329 2713 1396 2765 suae,
1412 2698 1460 2754 sed
1475 2698 1503 2752 in
1526 2711 1583 2754 unu
1603 2706 1723 2761 mntem,

98 2788 202 2851 potest,
228 2784 329 2842 babere
351 2797 442 2840 antem
469 2787 641 2852 charitatem,
664 2795 691 2843 ct
714 2787 804 2842 malus
827 2802 888 2844 esse
937 2788 1061 2860 quiaure
1075 2788 1185 2859 quidem
1205 2787 1319 2858 percipit
1333 2796 1545 2852 sacramentum,
1569 2786 1617 2843 scd
1634 2794 1725 2842 ments

98 2886 157 2927 nort
168 2883 269 2944 potest.
289 2893 299 2927 r
314 2874 379 2930 item
394 2875 457 2934 alibi
484 2892 491 2928 ε
514 2875 597 2970 Extra
616 2875 776 2943 Ecclesiam,
788 2875 886 2947 inquit,
937 2894 996 2935 rem
1015 2894 1069 2935 uon
1082 2879 1190 2948 accipit.
1205 2877 1283 2934 Unde
1296 2886 1324 2932 et
1334 2877 1386 2933 hoe
1398 2876 1488 2946 ipsum
1502 2883 1554 2944 est,
1565 2875 1637 2946 quod
1651 2875 1723 2931 indi·

98 2985 156 3028 non
175 2973 218 3023 est
240 2966 298 3020 veri
322 2964 448 3024 sacrificii
473 2965 569 3033 locus;
594 2981 649 3021 nun
671 2965 743 3037 quud
768 2965 887 3022 haretici
938 2985 1009 3041 gnus
1022 2969 1123 3025 existit.
1139 2967 1210 3039 Ergo
1225 2983 1325 3038 corpus
1341 2966 1462 3039 quidem,
1477 2975 1505 3023 ct
1518 2967 1631 3037 sanguis
1644 2964 1723 3021 Cbri-

98 3067 215 3122 careant
233 3073 298 3115 reru
313 3066 496 3123 sacramento,
512 3056 585 3128 quod
599 3056 627 3112 ln
644 3057 733 3128 speeie
752 3057 811 3114 sela
825 3042 921 3127 per·G
937 3062 972 3117 sti
984 3071 1026 3117 est
1040 3060 1209 3117 boerisibilc
1221 3068 1433 3126 sacramentum,
1446 3060 1520 3130 quod
1532 3073 1581 3114 ore
1591 3058 1722 3129 percipit;

99 3154 207 3221 heitom
220 3150 244 3208 si
256 3157 346 3206 tamen
361 3150 415 3204 ritu
430 3147 616 3205 eeclesiastico
629 3147 664 3203 ab
675 3147 818 3214 ordinatis,
831 3148 888 3204 sire
937 3163 1026 3221 neque
1040 3148 1111 3204 euim
1124 3148 1272 3220 indignitas
1283 3148 1343 3219 ejus
1355 3148 1515 3219 dignitatem
1531 3156 1613 3206 tarrtae
1625 3162 1723 3205 couse-

100 3245 275 3311 babeotibus,
290 3242 348 3299 sire
367 3257 422 3298 non
440 3240 614 3304 habentibus,
629 3238 748 3295 oltieium
763 3237 888 3295 celebra·
937 3240 1067 3297 erationis
1087 3254 1221 3296 evacuare
1239 3241 1338 3310 potuit,
1359 3239 1407 3295 sed
1423 3255 1481 3295 rem
1494 3240 1657 3299 sacramenti
1669 3255 1724 3296 non

100 3347 158 3402 tur,
173 3335 219 3393 sed
234 3334 306 3406 quud
328 3341 439 3389 careant
460 3346 526 3387 reru
540 3330 685 3398 sacrificio,
699 3330 773 3401 quud
793 3330 821 3385 in
837 3329 887 3384 tri·
937 3329 1056 3400 attingit,
1070 3328 1134 3399 quia
1146 3338 1236 3384 mente
1246 3337 1274 3382 ει
1287 3327 1340 3382 lide
1353 3342 1402 3399 per
1416 3327 1590 3384 dilectionem
1604 3342 1723 3397 operan-

100 3429 155 3485 bus
177 3424 290 3495 reliquis
315 3431 367 3490 est,
390 3430 525 3489 sumatur,
551 3420 616 3477 dnm
639 3421 762 3491 corporis
787 3419 888 3476 Christi
937 3427 974 3485 te,
990 3429 1071 3490 atque
1081 3418 1241 3474 imitationis
1254 3418 1299 3489 pia
1313 3418 1463 3474 itrtcntione
1477 3418 1630 3488 passionem
1644 3416 1725 3472 Chri·

100 3516 214 3588 pariter,
237 3523 265 3570 ει
278 3513 407 3580 essentia,
428 3521 456 3567 et
470 3526 526 3580 res,
547 3520 574 3567 ει
592 3510 704 3566 effectus
723 3510 751 3565 in
767 3509 888 3568 Ecclesia
937 3510 973 3568 sti
994 3527 1047 3565 non
1063 3510 1183 3580 respicit.
1207 3507 1311 3565 idcireo
1334 3523 1385 3565 nce
1406 3508 1530 3565 effectum
1545 3508 1724 3577 consequitur

100 3609 194 3672 datur,
208 3605 250 3661 rel
268 3604 412 3674 accipitur,
431 3617 486 3657 nun
511 3601 584 3673 qnod
607 3616 715 3671 semper
729 3602 811 3657 simul
832 3603 889 3659 sint
937 3602 1059 3674 ejusdem
1073 3601 1235 3658 sacramenti
1248 3601 1276 3654 in
1287 3613 1320 3655 eo
1331 3599 1543 3670 scilieet,ntpro
1556 3598 1726 3655 setraditum

100 3697 237 3763 bactria,
260 3695 390 3767 quoniam
403 3708 464 3747 euro
483 3706 531 3763 per
549 3692 695 3748 essentium
711 3708 762 3745 non
784 3694 888 3763 prodest
937 3695 974 3749 sit
984 3695 1036 3750 boc
1046 3708 1156 3763 corpus,
1170 3701 1198 3747 et
1211 3692 1289 3748 tusus
1303 3691 1355 3746 iste
1364 3691 1488 3762 sanguis,
1499 3691 1525 3746 id
1538 3673 1580 3747 est
1594 3691 1622 3745 in
1633 3691 1726 3746 remir-

101 3789 247 3864 quidquam
262 3786 353 3857 (loun.
367 3801 411 3851 rr,
425 3782 471 3853 bb)
489 3783 765 3849 communicantibus,
780 3784 823 3840 rel
836 3784 888 3838 mi·
938 3783 1037 3838 sionem
1050 3782 1113 3848 sibi,
1129 3789 1161 3836 nt
1175 3780 1275 3836 babeat
1287 3780 1371 3836 vitam
1386 3788 1528 3847 aternam,
1538 3788 1565 3835 et
1576 3780 1725 3836 resuscito

102 3879 283 3936 nistrantibus
303 3879 374 3933 intra
389 3873 550 3941 Ecclesiam,
565 3873 620 3929 nisi
640 3875 686 3929 ubi
708 3872 826 3944 Spiritus
840 3888 889 3944 pcr
938 3883 984 3928 tur
994 3874 1021 3926 in
1033 3873 1173 3927 nouissimo
1188 3869 1337 3939 disticon.
1352 3883 1391 3937 rt,
1405 3869 1451 3940 59)
1469 3869 1497 3923 in
1509 3871 1725 3924 resurrectionem

102 3986 173 4042 rem,
186 3976 213 4025 ct
229 3966 355 4024 eflectum
370 3965 490 4021 viriheat
503 3978 566 4019 eum
582 3962 629 4033 qui
643 3962 724 4033 digne
740 3963 887 4042 ministrat,¹
937 3965 999 4019 uite
1016 3961 1106 4032 (loon.
1124 3978 1151 4031 r,
1172 3962 1234 4032 ιι),
1255 3961 1302 4018 sed
1322 3962 1499 4030 consequitur
1518 3958 1546 4013 id
1565 3958 1637 4028 quod
1660 3958 1726 4013 hnic

102 4061 145 4132 rel
160 4060 353 4118 communicat.
379 4056 428 4114 Est
444 4056 518 4113 enim
540 4054 569 4110 in
588 4054 682 4110 altaris
699 4054 798 4122 hostia,
818 4054 890 4110 sicut
938 4053 1045 4110 effectui
1057 4053 1224 4108 contrarium
1236 4059 1288 4118 est,
1300 4061 1329 4106 ut
1340 4051 1464 4106 videlicet
1477 4049 1513 4104 sit
1526 4064 1585 4102 rens
1596 4049 1723 4116 corporis,

101 4161 217 4216 sanetus
237 4151 406 4223 Augustinus
426 4147 474 4210 ait,
498 4154 711 4213 sacramentum,
727 4145 800 4215 quud
813 4144 889 4218 digni
938 4156 962 4201 et
976 4143 1111 4215 acriminis
1128 4142 1243 4207 Domini,
1257 4150 1287 4197 ut
1296 4140 1430 4210 judicium
1442 4139 1494 4194 sibi
1508 4137 1723 4204 nranduearerit,

103 4255 132 4302 et
142 4241 246 4315 indigni
261 4240 407 4312 accipiunt,
420 4238 485 4310 qnia
498 4252 598 4309 corpus
616 4234 718 4291 Christi
732 4250 889 4292 sacramen·
938 4241 966 4287 et
979 4230 1087 4295 biberit,
1098 4229 1210 4302 perinde
1225 4243 1254 4286 nt
1265 4228 1410 4300 Apostolus
1423 4227 1460 4283 ait
1473 4245 1480 4283 :
1495 4224 1591 4281 Probet
1601 4241 1629 4279 re
1638 4226 1724 4294 ipsum

104 4345 214 4393 toteuus
237 4334 339 4406 pariter
362 4332 526 4399 comedunt3
545 4338 588 4387 est
609 4344 719 4401 quoque
733 4344 778 4385 res
794 4343 887 4385 saera·
905 4324 1025 4421 Dtroano,
1037 4332 1062 4378 et
1076 4322 1115 4376 rie
1130 4320 1423 4391 septimusomne
1438 4319 1471 4374 de
1489 4317 1657 4373 retinebitur
1672 4318 1724 4386 (uti

103 4427 296 4497 meutiquam
317 4425 426 4482 nonnisi
446 4423 520 4494 digni
540 4422 662 4494 accipere
684 4431 809 4494 possum.
835 4419 889 4477 Sed
939 4416 1051 4488 supra);
1067 4414 1132 4485 quia
1149 4413 1276 4470 videlicet
1297 4420 1380 4470 motae
1399 4411 1542 4483 dignitatis
1566 4422 1725 4466 sacramen·

104 4536 159 4580 non
182 4519 219 4575 ita
241 4518 324 4588 hujus
343 4516 464 4573 doctoris
481 4515 624 4572 orthodoxi
639 4514 711 4570 dieta
729 4512 887 4584 recipimus,
939 4515 997 4562 tum
1023 4505 1158 4578 indignis,
1181 4513 1209 4560 et
1230 4520 1285 4560 non
1308 4502 1429 4577 probatis
1449 4500 1570 4558 dandum
1594 4514 1648 4557 non
1671 4507 1722 4554 cst.

104 4619 163 4666 uta
182 4608 320 4665 nonnullis
338 4607 470 4667 estimato
492 4613 566 4661 sunt.
586 4603 754 4661 Putarcrunt
767 4603 839 4659 enim
856 4603 889 4657 il·
938 4597 1015 4653 hiulci
1030 4614 1085 4654 non
1104 4612 1134 4654 se
1154 4596 1301 4669 probantes
1319 4604 1396 4652 extra
1416 4592 1566 4651 Ecclesiam
1583 4591 1611 4648 in
1632 4605 1725 4647 sacra-

104 4701 162 4758 tum
176 4699 277 4757 dixisse
296 4699 368 4771 quod
382 4713 437 4756 non
453 4697 489 4756 sit
502 4710 613 4768 corpus,
627 4693 670 4749 rel
685 4693 796 4765 sanguis
809 4692 889 4748 Chri·
939 4698 1030 4745 memo
1044 4688 1144 4744 risibili
1154 4688 1272 4760 speeiem
1293 4687 1415 4757 eorporis
1427 4683 1529 4741 Christi
1549 4689 1723 4752 acceperunt,

104 4793 152 4859 sti,
172 4792 244 4863 quod
264 4791 393 4862 indignus
414 4789 530 4860 quisque
546 4788 671 4860 percipit,
694 4796 775 4859 atquc
789 4801 889 4844 sceuo-
939 4780 987 4852 qui
1000 4795 1049 4835 noe
1060 4780 1217 4846 essentiam,
1232 4794 1321 4849 neque
1335 4792 1402 4844 rem,
1417 4791 1505 4846 neque
1516 4774 1640 4831 edentum
1653 4772 1724 4829 obti-

84 4925 89 4935 ·
104 4885 169 4945 daut
185 4884 253 4940 tanti
268 4881 387 4938 doctoris
399 4895 509 4938 sensum
524 4895 578 4939 non
594 4892 703 4950 cerpus,
717 4887 764 4933 aot
777 4877 887 4947 sangui·
939 4880 1069 4939 nucrunt,
1083 4879 1110 4925 et
1124 4870 1184 4925 ideo
1195 4868 1247 4925 sibi
1256 4867 1389 4938 iudicium
1401 4866 1643 4930 manducaverunt,
1659 4864 1724 4938 quit

104 4988 167 5040 nem
187 4969 301 5038 Christi,
323 4970 370 5027 scd
386 4977 490 5028 tantum
505 4967 621 5038 liguram
641 4966 684 5022 rel
706 4968 814 5037 signum
829 4978 889 5022 esse
939 4978 988 5033 per
999 4961 1051 5018 boc
1066 4960 1194 5032 iudicari,
1210 4968 1238 5015 et
1251 4958 1375 5014 damnari
1393 4965 1563 5024 meruerunt,
1575 4955 1648 5025 quud
1659 4969 1723 5026 spe·

104 5063 230 5134 corporis
252 5070 280 5119 ct
301 5059 444 5132 sanguinis
465 5058 579 5124 Christi,
603 5056 631 5113 id
652 5056 725 5129 quod
745 5055 889 5112 visibiliter
939 5054 1008 5111 cient
1029 5050 1193 5107 sacramenti
1206 5051 1241 5106 ab
1253 5051 1381 5118 essentia,
1395 5058 1423 5108 et
1434 5064 1464 5105 re
1477 5048 1637 5110 diuiserunt,
1652 5043 1725 5098 urrdu

104 5152 242 5209 sumimus
256 5152 290 5212 de
302 5166 397 5207 mensa
411 5148 528 5205 Domini.
543 5147 602 5206 lloe
615 5146 660 5202 ille
674 5163 729 5202 non
742 5146 820 5213 dixit,
833 5145 889 5200 imo
939 5161 991 5204 nec
1003 5144 1127 5202 effectum
1142 5144 1182 5202 rei
1205 5144 1324 5200 habuere
1347 5151 1502 5213 potuerunt.
1518 5138 1558 5193 Es
1573 5137 1616 5192 bis
1628 5134 1721 5201 etiam,

105 5241 216 5304 bocills
230 5258 285 5300 non
300 5242 395 5308 sensit,
414 5240 593 5312 nequeenim
612 5238 721 5295 Christo
736 5237 889 5294 contrarius
939 5237 987 5309 qui
1002 5235 1229 5305 semetipsosuun
1249 5234 1377 5305 probant,
1393 5231 1472 5287 multi
1491 5228 1571 5284 bodie
1583 5226 1653 5281 intra
1672 5222 1723 5278 Ee·

105 5348 167 5405 esse
178 5334 328 5390 consuerit.
347 5332 480 5405 Loquitur
496 5340 585 5388 autent
602 5329 738 5397 Christus,
748 5337 774 5385 et
787 5344 834 5400 per
844 5344 888 5385 se·
940 5326 1052 5384 etesium
1063 5324 1191 5396 speciem,
1205 5332 1233 5380 ει
1243 5323 1402 5389 essentiam,
1415 5319 1458 5375 rel
1468 5334 1485 5374 a
1497 5316 1577 5373 bunis
1587 5313 1655 5370 vela
1668 5326 1723 5367 ma·

107 5422 255 5497 metipsum
273 5426 389 5484 dicens:
412 5421 470 5479 llos
492 5433 530 5477 est
558 5438 650 5493 corpus
675 5437 759 5476 mcum
779 5419 887 5492 (llottb.
940 5419 974 5478 lis
988 5417 1120 5476 ministris
1134 5412 1345 5489 accipiunt-Sed
1357 5404 1631 5491 quiarirtutemcjm
1644 5402 1724 5465 abne

141 5599 214 5679 (tou)
234 5600 348 5676 Vulgata
365 5600 450 5674 legit:
467 5598 543 5671 erod
556 5606 580 5655 et
594 5596 687 5692 datar..
