3892 6067
132 178 208 285 risa
563 221 655 278 rnre
675 218 871 276 nsnrmonur
892 219 936 275 er
955 219 1154 278 wrusrours
1172 219 1348 277 sonarum.
1686 204 1753 278 rrsr'

131 360 189 402 non
205 359 291 399 uurrm
306 358 358 414 ego
379 350 488 408 testem,
508 338 555 396 sed
579 349 663 395 totam
685 336 858 395 introducam
878 353 919 394 re·
937 343 958 401 ‚t
978 334 1106 407 dunquid
1122 353 1213 393 rarum
1228 347 1275 394 aut
1297 353 1399 393 norum
1416 336 1463 392 tibi
1476 336 1591 405 ridetur,
1613 352 1675 396 esse
1698 338 1755 397 lilla

130 436 243 509 pionem
257 446 333 491 trans
345 434 458 497 AEuum,
471 434 518 503 qui
530 432 639 504 quidem
652 433 705 487 boe
716 429 818 487 laetum
829 431 918 486 adlruc
971 429 1043 485 iuter
1058 431 1162 502 spinas,
1178 431 1299 486 triticum
1319 430 1390 486 inter
1409 430 1524 496 zizania,
1536 445 1616 485 uram
1632 431 1754 487 interla-

129 528 294 582 memoriter
313 534 414 588 tenent,
441 524 633 580 venerabiliter
655 524 781 603 credunt,
812 523 920 592 publice
969 521 1100 577 bruscas!
1113 521 1159 576 Sic
1175 523 1318 578 sunteasti
1334 520 1405 576 iuter
1418 521 1533 577 iurrrriae
1547 521 1664 589 deditos,
1683 538 1753 594 pau-

129 619 307 675 eoutitrntur.
332 615 494 673 Paroebiam
521 625 623 682 autern,
649 615 677 669 in
705 631 758 686 qua
774 614 855 670 uidua
874 613 919 669 illa
969 629 1049 685 peres
1060 614 1132 668 inter
1143 613 1253 678 divites,
1265 611 1343 668 electi
1355 612 1433 687 ¹iuter
1449 612 1580 682 reprobos
1599 621 1627 668 ct
1642 614 1754 669 baereti-

129 707 278 772 babimrit,
294 707 379 764 abbas
405 715 477 763 tenet
491 704 712 772 Formbaeensis,
733 722 794 777 quse
814 705 849 760 ab
874 721 917 772 oo,
968 721 1026 771 eos,
1053 704 1270 774 persecutionem
1299 705 1434 774 patientes
1458 706 1527 760 inter
1551 714 1751 774 persecutores.

129 807 178 852 ant
193 798 228 853 ab
241 798 305 864 alio,
318 814 398 869 quem
421 797 478 867 ipse
493 795 659 853 substituere
673 795 800 863 voluerit,
816 796 918 852 vicario
967 792 1051 851 Electi
1064 809 1130 865 ergo
1145 802 1221 850 tanto
1236 803 1317 850 erunt
1332 795 1518 866 gloriosiores.
1532 804 1635 865 quanto
1652 795 1752 851 luerint

128 886 309 957 gubernatur,
325 887 493 957 providetur,
506 888 619 959 regitur.
640 885 709 941 Sunt
724 895 814 942 autem
827 887 916 956 plura,
966 886 995 942 in
1016 885 1254 955 persecutionibus
1282 885 1492 955 frequentiores.
1518 885 1661 954 Quomodo
1686 901 1751 957 ergo

125 989 157 1035 et
171 979 215 1034 iris
230 979 317 1036 multo
332 979 437 1049 majora
466 979 661 1036 miraculorum
683 979 743 1051 ejus
771 979 915 1045 henetleia,
966 974 1078 1032 stabiles
1093 975 1121 1029 in
1135 972 1187 1028 fide
1201 973 1368 1042 dicerentur,
1381 974 1405 1030 si
1423 975 1497 1029 nulla
1508 976 1670 1031 adversitate
1682 992 1751 1047 qua·

126 1069 231 1139 quibus
246 1084 309 1123 curn
324 1067 456 1126 Dominus
471 1069 560 1125 adbuc
573 1070 747 1140 superstitem
763 1069 916 1141 glorillcare
965 1063 1105 1122 terenturi
1124 1063 1257 1131 Qualiter,
1273 1064 1311 1120 ait
1322 1065 1432 1136 aliquis,
1447 1064 1564 1120 discerni
1576 1074 1664 1134 potest
1676 1081 1749 1133 rosa,

126 1160 259 1230 diguatus
279 1169 331 1223 est,
344 1159 390 1216 sed
406 1160 541 1230 qrraedam,
556 1177 589 1216 ue
601 1161 727 1228 mentiar,
743 1161 847 1217 oblivio
863 1178 915 1217 no·
965 1173 1000 1213 ne
1011 1157 1092 1213 laedat
1107 1158 1190 1213 etiam
1210 1158 1299 1228 spina,
1316 1157 1446 1221 triticum,
1464 1173 1499 1212 ne
1514 1164 1691 1228 corrumpant
1714 1156 1748 1212 il·

125 1253 173 1308 bis
188 1250 277 1308 iurata
291 1263 349 1320 est;
365 1252 489 1323 quasdam
504 1264 613 1324 propter
626 1253 668 1308 sui
682 1252 915 1324 prolixissimae
964 1247 1011 1302 lud
1023 1248 1141 1314 zizania;
1155 1263 1218 1314 ura,
1231 1263 1265 1303 ue
1288 1248 1391 1302 inliciat
1405 1261 1464 1302 eam
1480 1247 1622 1303 labrusca?
1635 1246 1749 1318 separa·

124 1355 240 1416 propter
253 1346 394 1401 bominum
409 1344 528 1401 belluino
544 1360 620 1401 more
634 1362 690 1416 prae
704 1344 831 1400 felicitate
844 1345 913 1400 aiio·
963 1341 1012 1407 dit,
1030 1341 1128 1412 irrqrrit,
1144 1357 1198 1405 eoa,
1211 1342 1279 1395 sicut
1299 1349 1392 1410 prator
1412 1350 1530 1411 seprepct
1545 1357 1603 1395 oues
1616 1339 1648 1395 cb
1663 1339 1747 1397 icariis

124 1452 189 1492 runt
206 1435 377 1492 frementium
399 1436 538 1501 inuidiam,
553 1445 581 1493 et
606 1436 805 1493 detrahentium
819 1453 914 1492 rersu·
964 1433 1073 1504 (barri.
1089 1451 1153 1501 aar,
1164 1434 1220 1505 32).
1237 1433 1289 1489 Et:
1307 1433 1394 1489 titini
1407 1433 1495 1488 Filius
1512 1432 1625 1488 dominis
1640 1434 1746 1505 onpeloa

124 1530 204 1598 tiam,
216 1531 298 1587 etiarn
319 1530 399 1586 nohis
412 1530 479 1586 satis
492 1538 612 1601 cogruta,
626 1541 655 1585 et
665 1530 736 1602 stylo
748 1529 828 1602 digua
840 1531 910 1585 onri·
962 1545 1034 1595 suos,
1052 1538 1077 1583 et
1087 1528 1280 1599 concrepabunt
1294 1528 1326 1582 de
1339 1545 1417 1599 repro
1441 1527 1499 1598 ejus
1520 1527 1608 1581 omnic
1619 1527 1748 1581 scandolo

122 1621 228 1688 simus;
249 1636 283 1676 ue
294 1619 364 1676 sorte
377 1620 481 1688 dicant,
493 1635 544 1675 nos
557 1634 599 1685 ea,
613 1635 674 1690 qua
695 1619 844 1690 loquimur,
856 1635 911 1675 uon
963 1619 1073 1692 (butri.
1087 1635 1147 1687 arur,
1157 1620 1215 1689 tl),
1230 1630 1255 1675 er
1268 1619 1336 1675 dicet
1353 1620 1509 1675 nrersorilras
1526 1635 1535 1673 .·
1552 1617 1664 1674 divellite
1674 1619 1748 1673 siao-

122 1711 268 1779 probasse,
289 1727 343 1767 non
366 1711 478 1779 uidisse,
492 1726 547 1767 non
564 1712 611 1772 ita.
634 1721 663 1766 ut
686 1710 759 1768 credi
782 1711 910 1779 debeant,
961 1713 1017 1781 nic,
1030 1722 1056 1768 et
1069 1713 1184 1783 collinita
1204 1729 1235 1767 ea
1257 1714 1286 1767 in
1306 1711 1448 1785 sordentes
1472 1713 1508 1766 od
1528 1711 1746 1774 comburenaum:

124 1801 249 1870 audisse,
265 1803 312 1859 scd
334 1803 426 1875 potius
451 1803 616 1861 adulationis
637 1820 721 1861 eausa
746 1803 909 1860 somniasse.
961 1803 1179 1858 triticarncntem
1200 1814 1353 1875 conprensis
1373 1804 1401 1857 in
1422 1802 1545 1856 lrorreunr
1559 1817 1644 1855 meum
1657 1800 1745 1870 (iord,

124 1891 180 1945 Sed
198 1893 289 1949 nullus
301 1894 466 1964 sapientium
481 1894 616 1963 turbetur,
633 1895 657 1952 si
678 1895 772 1968 plurim
788 1893 910 1952 ddelium
961 1895 1019 1966 30).
1036 1893 1090 1951 Ista
1108 1910 1289 1965 supervacua,
1312 1909 1346 1949 ne
1360 1894 1443 1950 alicui
1466 1891 1576 1949 lastidio
1588 1892 1686 1958 simus,
1699 1890 1746 1944 in-

121 1982 239 2043 obsistat
257 1984 383 2043 simultas
398 1987 559 2053 infidelium,
579 2004 641 2046 oum
659 1989 741 2044 etiam
758 1989 846 2061 ipsum
855 1987 910 2045 ile·
961 1991 1155 2057 ternlittamus,
1169 1990 1241 2047 etad
1254 2006 1297 2058 ca,
1312 2006 1373 2060 quim
1386 1997 1448 2060 post
1458 1996 1572 2043 mortem
1584 1985 1644 2058 ejus
1654 1983 1747 2042 Domi·

121 2097 183 2153 geru
192 2082 285 2153 gioria
294 2081 442 2137 adeccruut
452 2082 543 2138 aemuli
557 2082 712 2154 opprobriis
726 2082 909 2138 contumeliae.
962 2098 1016 2138 nus
1025 2097 1074 2152 per
1085 2097 1147 2137 cum
1160 2080 1223 2138 iecit
1238 2082 1381 2145 miracula.
1397 2088 1600 2136 convertamur.

705 2218 825 2289 Explicit
843 2217 904 2273 Vita
916 2217 986 2273 teari
998 2216 1158 2272 Wirutonir.

800 2383 1018 2397 -

742 2505 859 2583 incipit
874 2504 914 2568 de
932 2505 1024 2569 obilu
1041 2504 1124 2585 ejus.

414 2650 529 2709 CAPUT
549 2650 606 2706 1111.
960 2659 1050 2704 sertus
1062 2657 1114 2713 est,
1125 2647 1215 2703 adbuc
1230 2648 1309 2703 nobis
1321 2648 1518 2703 miserebitur.»
1530 2665 1584 2699 —r
1596 2644 1636 2713 st,
1645 2646 1744 2717 inqtrit,

119 2769 249 2841 Suprema
263 2744 410 2824 mmmm,
425 2765 460 2819 ,d
481 2780 542 2820 ,m
558 2763 646 2827 „m
666 2760 783 2828 mom„
806 2761 904 2822 oum,
958 2739 1027 2794 milri
1046 2738 1247 2808 aequiercritis,
1264 2754 1319 2794 non
1339 2739 1516 2804 aberrabitis,
1533 2747 1560 2796 ct
1578 2739 1650 2809 quod
1669 2739 1743 2796 salva

153 2840 292 2909 sepultura
311 2837 339 2891 in
363 2834 432 2902 loco,
444 2834 489 2889 rili
504 2834 653 2904 Pernperrn
675 2841 753 2886 terroe
770 2846 904 2886 comrnen·
958 2828 1123 2885 conscientia
1143 2829 1234 2886 dicere
1251 2844 1379 2900 possum,
1394 2845 1448 2886 tron
1468 2845 1528 2902 ego,
1547 2831 1594 2887 sed
1609 2829 1743 2887 Dominus

154 2911 243 2965 111111·
957 2921 1082 2977 ostendet
1100 2922 1189 2988 robis,
1208 2937 1288 2993 quern
1302 2922 1420 2994 eligatis,
1437 2938 1518 2993 quem
1535 2923 1615 2978 robis
1632 2922 1743 2978 Patrem

154 3018 302 3089 Postquam
327 3012 524 3086 paterfamilias
537 3015 583 3072 ille
603 3031 694 3072 rerum
715 3014 838 3072 omnium
853 3015 902 3072 du·
956 3014 1139 3082 constituatis,
1157 3030 1205 3084 per
1215 3028 1295 3086 quem
1307 3015 1335 3069 in
1349 3014 1403 3081 bis,
1417 3030 1479 3085 quse
1491 3022 1557 3071 sunt
1570 3015 1604 3070 ad
1617 3014 1704 3071 Deum
1716 3022 1744 3070 et

117 3112 211 3167 minus
224 3108 350 3179 operario
363 3122 425 3173 suo,
441 3105 579 3170 Wirntoul
594 3107 710 3175 scilicet,
723 3108 770 3179 qui
783 3106 811 3161 in
822 3106 902 3161 rinea
917 3086 938 3144 (ἶ
954 3106 989 3162 ad
1004 3105 1140 3170 homines,
1156 3105 1189 3161 ad
1204 3106 1316 3177 plenum
1330 3105 1531 3177 gubernemini.
1545 3104 1742 3170 Tlreodoricus.

118 3214 305 3266 masmana,
331 3199 385 3256 boc
407 3210 490 3266 esna
511 3200 599 3270 prima
612 3206 691 3255 aetate
710 3213 798 3268 usque
811 3196 846 3252 ad
858 3212 904 3251 re·
953 3214 1035 3269 quem
1053 3214 1103 3255 ros
1120 3199 1186 3254 milri
1202 3199 1372 3270 capellanum
1395 3198 1574 3262 nominastis,
1596 3196 1654 3254 scio
1668 3199 1742 3270 quod

118 3307 238 3363 speram,
259 3292 310 3347 iroe
329 3300 382 3357 est,
406 3292 539 3362 usquead
562 3289 827 3346 consummationem
841 3289 904 3343 rita
953 3292 990 3347 sit
1000 3290 1044 3345 vir
1055 3290 1175 3357 uirtutis,
1188 3290 1274 3346 Deum
1284 3304 1318 3345 cx
1333 3297 1390 3346 toto
1401 3288 1661 3347 eordedesiderans.
1679 3289 1741 3358 llic,

117 3396 175 3438 suae
185 3379 299 3435 tideliter
310 3378 454 3444 laborarit,
478 3379 585 3449 pondus
599 3378 653 3434 diei
666 3386 693 3433 et
704 3386 788 3434 aestus
811 3386 903 3448 porta·
952 3383 976 3438 si
986 3382 1085 3454 placet,
1094 3382 1183 3449 robis,
1195 3383 1254 3439 rice
1266 3381 1319 3438 mci
1335 3382 1528 3438 constituatur.
1540 3383 1667 3438 Attamen
1677 3397 1743 3439 sua·

118 3474 166 3539 rit,
182 3471 325 3528 denarium
349 3470 414 3525 ritae
437 3470 503 3525 dare
531 3470 636 3537 roluit;
651 3471 695 3525 ille
720 3470 814 3527 beatus
828 3469 903 3526 iebre
952 3473 1051 3540 dendo,
1062 3488 1117 3529 non
1130 3472 1289 3544 imperando
1299 3472 1361 3529 dieo
1372 3473 1465 3528 vobis:
1477 3471 1505 3528 st
1521 3472 1671 3543 aliquosca
1686 3472 1740 3539 bis,

117 3564 274 3635 corripitur,
289 3563 390 3619 lectulo
402 3563 474 3617 male
488 3561 639 3617 blandienti
657 3562 828 3631 deprimitur,
843 3562 902 3631 spi·
952 3581 1022 3636 qrros
1036 3582 1088 3637 ego
1102 3566 1137 3621 ob
1155 3566 1345 3623 enormitatem
1366 3564 1501 3622 laetorum
1519 3581 1634 3623 suorum
1649 3566 1742 3623 aleco

117 3659 186 3714 ritus
198 3665 274 3713 totus
284 3655 318 3711 ad
333 3654 418 3710 Deum
437 3654 563 3724 erigitur.
580 3652 650 3709 Tum
670 3669 736 3709 vero
759 3667 862 3725 moeror
875 3662 902 3707 et
952 3655 1005 3712 isto
1017 3655 1146 3723 alienari,
1164 3656 1334 3726 receperitis,
1349 3657 1480 3712 continuo
1494 3657 1529 3712 ab
1543 3657 1649 3713 unitate
1664 3657 1741 3714 sein·

117 3748 216 3815 luctus,
228 3747 351 3802 omnium
371 3759 425 3800 uox
448 3759 502 3800 una
515 3744 701 3815 plangentium
719 3762 726 3798 ε
745 3762 755 3794 r
771 3742 822 3797 Cui
839 3757 900 3809 nos,
951 3744 1064 3812 domini,
1080 3746 1211 3801 continno
1224 3746 1427 3815 disperdemini.
1440 3765 1450 3799 r
1462 3745 1531 3803 Ecce
1544 3747 1659 3818 spiritus
1675 3746 1743 3804 itm

117 3837 206 3907 Peter,
232 3837 348 3903 deseris,
364 3844 412 3892 atti
434 3835 478 3892 clii
494 3849 546 3890 1108
562 3834 700 3890 desolatos
718 3833 897 3904 relinqttls?r
952 3838 1086 3909 requievit
1099 3853 1182 3909 sttpdl‘
1197 3839 1278 3895 istum
1292 3838 1414 3904 beatum,
1431 3837 1477 3908 qui
1493 3838 1566 3909 quod
1580 3838 1743 3909 praedixitin

117 3928 162 3984 ille
174 3937 266 3984 autern
288 3936 380 3983 motus
401 3941 497 3982 corum
514 3925 633 3989 Detibus,
655 3933 746 3980 motus
766 3925 900 3981 luctuosis
951 3928 1111 3998 spaercnd
1136 3930 1163 3983 iu
1179 3944 1219 3984 ro.
1236 3927 1258 3984 0
1276 3929 1386 3983 beatum
1406 3928 1506 3995 rtrum,
1528 3928 1675 3984 rirtutibns
1698 3930 1742 3984 in-

118 4019 241 4084 dicibus,
254 4017 453 4089 querimoniam
469 4015 551 4070 talem
568 4014 663 4070 sedare
678 4013 774 4069 nititur
792 4031 799 4066 ε
822 4032 831 4064 r
846 4012 897 4068 No·
951 4019 1192 4089 oltabilcnr,sigais
1209 4019 1411 4082 admirandum.
1424 4021 1563 4092 prophetis
1576 4037 1630 4077 non
1642 4022 1738 4077 incon·

117 4109 173 4175 lite,
199 4107 309 4173 iratres,
331 4105 479 4177 inquiens,
501 4104 586 4159 ruolite
609 4103 712 4169 dolere,
728 4118 777 4158 nee
795 4118 843 4160 ros
863 4104 899 4158 ita
950 4110 1264 4181 griseaquiparanduml
1277 4109 1378 4165 Deinde
1394 4110 1519 4167 Wirnto:
1539 4110 1739 4177 ‹Eia,lratres,

117 4208 226 4274 propter
249 4198 400 4254 absentiam
427 4196 548 4268 pulreris
569 4196 661 4267 exigui
678 4194 837 4261 afflixeritis,
852 4195 899 4249 sed
951 4199 974 4254 si
987 4198 1076 4253 inueni
1092 4199 1205 4271 gratiam
1218 4200 1245 4254 iu
1257 4208 1402 4268 conspectu
1415 4210 1518 4264 restro,
1534 4200 1603 4256 meis
1623 4200 1736 4256 annuite

118 4294 204 4357 illum,
220 4290 268 4362 qui
284 4288 412 4345 lormarit
427 4289 547 4344 bominis
567 4287 746 4354 trauaitatem,
772 4285 900 4357 precibus
950 4291 1090 4361 precibus;
1107 4306 1141 4346 ne
1154 4305 1197 4346 me
1210 4291 1238 4345 in
1252 4290 1322 4347 meis
1336 4290 1512 4347 conlaudatis
1524 4290 1635 4361 spebus,
1647 4290 1740 4347 utlroe

117 4381 232 4453 pulsate,
245 4386 275 4433 ut
298 4378 419 4434 animam
446 4375 581 4443 reloreat,
598 4391 680 4447 quam
697 4375 808 4431 crearit.
827 4373 899 4430 Deus
915 4418 937 4473 D
951 4380 1045 4435 saltem
1059 4380 1102 4435 rel
1119 4396 1277 4451 supremum
1293 4398 1393 4439 munus
1407 4381 1608 4453 propitiationis
1628 4382 1736 4438 arobis

117 4474 187 4529 euim
203 4486 258 4527 non
283 4479 395 4542 propter
417 4483 477 4536 me,
502 4468 549 4523 sed
575 4476 686 4539 propter
710 4466 898 4536 semetipsum,
951 4472 1110 4542 suscipiam.
1127 4491 1137 4524 r
1156 4489 1166 4523 r
1182 4470 1255 4538 Pete,
1268 4473 1356 4540 aiunt,
1368 4473 1492 4538 Domine,
1504 4473 1568 4543 quia
1582 4481 1670 4527 tecum
1686 4487 1737 4543 pa·

115 4565 170 4636 lam
196 4562 302 4630 multis,
328 4569 358 4617 ut
376 4560 463 4627 mibi,
485 4559 578 4615 neseio
609 4559 632 4615 si
661 4559 756 4626 robis,
780 4557 897 4623 ridetur,
951 4563 1165 4630 ratisumus,iu
1181 4561 1736 4620 carceremetinnrortrmire.rdtille:

117 4654 212 4712 dicbus
243 4667 295 4708 uos
327 4659 355 4708 et
392 4652 483 4707 locum
520 4658 644 4706 nostrum
685 4648 900 4706 misericorditer
953 4649 1064 4718 «Desa,
1086 4653 1184 4724 iuquit,
1202 4655 1396 4722 mea,nssibus
1413 4653 1540 4724 Perageri
1553 4654 1604 4709 riri
1615 4652 1693 4724 justi,
1710 4663 1738 4710 et

118 4743 287 4817 gubernarit,
312 4745 419 4807 tutavit,
442 4742 633 4808 conservarit,
659 4741 744 4797 victui
770 4755 898 4795 neeessa-
950 4743 1037 4799 sancti
1058 4744 1239 4800 antecessoris
1256 4744 1308 4799 mei
1330 4744 1358 4798 in
1380 4744 1547 4814 sepulturam
1567 4744 1691 4816 jungite,
1706 4752 1738 4799 ut

117 4837 166 4901 ria,
179 4834 250 4891 sieut
262 4834 313 4890 sibi
325 4843 352 4890 ct
363 4833 441 4890 nobis
454 4832 601 4888 admodum
615 4832 727 4903 placuit,
741 4830 898 4902 suppedita·
951 4846 1022 4902 quos
1048 4830 1120 4888 Deus
1142 4832 1189 4887 uni
1210 4832 1272 4889 loeo
1288 4833 1445 4902 destinarit,
1468 4849 1523 4890 uuo
1542 4836 1652 4891 nominc
1668 4836 1734 4891 ado·

116 4926 162 4982 rit.
178 4924 247 4982 ilario
262 4934 363 4996 grates,
378 4940 447 4995 quas
461 4922 609 4994 possimus,
624 4922 824 4995 persolvamus.
841 4919 898 4992 Ego
950 4922 1063 4994 ptionis‚
1081 4924 1187 4980 abbatis
1204 4924 1319 4993 seilicet,
1340 4926 1447 4994 ditarit,
1464 4927 1575 4983 vinculo
1594 4925 1738 4983 clraritatis

117 5017 214 5089 quippe
225 5032 280 5073 non
294 5023 357 5087 post
372 5015 472 5071 multos
490 5014 540 5071 lros
555 5015 623 5083 dies,
639 5030 694 5086 quo
709 5013 825 5070 Domino
842 5015 899 5085 pla·
951 5016 1049 5084 univit,
1064 5032 1127 5073 cum
1138 5016 1242 5072 uenerit
1252 5017 1421 5074 admirabilis
1433 5018 1490 5074 deri
1505 5019 1533 5074 in
1548 5019 1652 5075 sanctis
1664 5017 1734 5084 suis,

118 5111 212 5179 cuerit,
226 5109 281 5165 ibo.
301 5107 353 5165 Sed
372 5107 509 5178 proridete
524 5108 602 5164 robis
621 5105 723 5173 alium,
739 5120 820 5177 quern
839 5106 898 5161 rice
950 5108 1027 5164 unita
1053 5122 1167 5179 corpora
1190 5108 1273 5165 unico
1295 5112 1421 5180 sepulcro
1438 5110 1568 5166 invenias
1588 5127 1598 5161 r
1632 5107 1735 5163 dasen-

118 5199 169 5258 mel
186 5199 369 5266 constituatis,
389 5214 531 5269 perquem
547 5197 601 5253 Deo
616 5196 756 5269 placcatis,
772 5195 836 5266 qrria
855 5211 898 5252 me
950 5199 1031 5264 tiuut,
1044 5198 1206 5265 concedunt,
1218 5214 1302 5269 seque
1312 5208 1376 5256 roto
1389 5216 1440 5256 suo
1451 5199 1640 5255 satislacturos
1651 5211 1728 5266 spou-

117 5306 169 5348 non
180 5289 227 5345 dlu
243 5290 385 5347 babebitis.
401 5288 531 5346 »Fratres
546 5297 636 5345 autem
648 5288 776 5345 meroris
788 5287 897 5343 tristitia
949 5289 1024 5347 dent.
1042 5287 1076 5344 Ut
1097 5288 1162 5360 quid
1185 5290 1237 5346 sibi
1254 5291 1331 5362 iungi
1346 5292 1429 5362 petit?
1450 5289 1573 5360 nunquid
1596 5298 1627 5345 ut
1644 5288 1679 5343 ab
1700 5302 1734 5343 co

118 5379 226 5446 turbati,
235 5379 398 5451 angustiati:
413 5397 423 5431 r
435 5378 474 5435 bd
485 5395 575 5451 quem.
587 5379 723 5450 inquiunt,
732 5376 822 5446 Pater,
831 5395 898 5435 con·
947 5381 1092 5438 bearetur?
1107 5379 1174 5436 lllud
1186 5395 1241 5437 non
1256 5380 1364 5448 abnuo;
1383 5382 1430 5437 sed
1444 5380 1559 5437 forsitan
1571 5379 1633 5437 ideo
1645 5378 1733 5450 magis

118 5469 271 5544 lugemus?
284 5471 317 5527 ad
332 5486 413 5540 quem
433 5471 555 5528 ibimusl
571 5469 609 5526 Da
627 5470 784 5536 eonsilium,
804 5468 898 5526 conler
946 5473 1010 5545 quia
1025 5471 1146 5529 loturum
1161 5480 1219 5527 erat
1232 5473 1322 5527 locum
1338 5472 1415 5528 illurn
1427 5471 1512 5553 signis
1524 5468 1667 5535 illustrari,
1680 5470 1736 5526 boo

118 5561 262 5631 auxilium,
274 5562 422 5629 eredimus,
437 5562 501 5634 qula
510 5562 641 5620 Dominus
655 5576 703 5633 per
716 5570 752 5631 te,
765 5565 834 5620 sicut
847 5563 898 5619 mi·
946 5565 1038 5635 potius
1051 5561 1200 5621 collaterali
1216 5576 1277 5629 suo,
1293 5578 1374 5635 quam
1394 5562 1444 5619 sibi
1462 5561 1640 5629 tribueretur,
1660 5558 1732 5617 sicul
