3892 6067
80 198 138 256 863
369 181 646 243 contumeliarum
665 178 698 234 ib*
717 173 887 233 rsattlos
904 199 941 213 -
956 166 1048 225 PARS
1066 166 1132 223 llll.
1152 198 1185 206 —
1202 163 1301 221 PSdb.
1320 151 1450 219 cxxiii.
1663 150 1716 213 sim

81 311 212 370 nbiietus
225 308 350 363 deutrum
364 310 406 358 est
418 307 511 354 renota
524 294 723 366 contemplatio,
734 291 876 347 sinistrum
891 288 913 347 Λ
928 284 998 354 illins
1010 282 1118 337 rrorclllr
1129 279 1206 336 olivis
1221 277 1378 335 corrsinriles
1393 275 1471 331 docet
1484 286 1546 328 esse
1560 273 1588 326 in
1602 270 1717 327 circuitu

81 417 150 459 vero
160 399 195 456 ad
209 393 356 470 praesentis
369 392 430 447 ritae
440 388 631 446 necessitatem
646 384 784 458 pertinens
795 379 877 436 actio.
929 391 1026 431 rnenre
1040 386 1103 439 tue,
1114 387 1131 427 o
1142 372 1183 426 vir
1199 371 1297 426 timens
1313 368 1409 433 boum,
1432 365 1490 421 sire
1506 374 1534 418 ιιι
1555 363 1719 435 intelligaris

83 493 118 550 ln
133 485 435 548 hisdnnbusiateribur
459 482 552 536 tiernus
567 491 632 546 tue,
654 479 712 534 sire
734 471 884 546 cogitatio·v
931 467 990 536 ipse
1002 464 1140 528 Christus,
1154 476 1235 532 quem
1258 458 1371 529 replevit
1392 455 1512 525 Spiritus
1532 453 1643 509 ‘timoris
1664 452 1719 508 Do·

83 583 179 639 nisae
205 575 354 641 memoriae,
377 586 460 644 qnam
483 569 621 626 inhabitas
649 579 786 636 nusquam
808 561 880 617 ioras
930 553 1009 619 mirri,
1021 553 1078 609 sire
1092 545 1464 616 lromonristianusjustus
1476 552 1503 598 et
1517 543 1673 598 timoratus.
1689 539 1718 596 ln

84 667 309 745 responderim
320 660 769 736 congregationisinquacantas:
784 672 794 704 t
812 650 881 707 Ecce
932 659 1098 717 unaquaque
1113 657 1229 714 persona
1250 640 1361 695 sedente
1380 647 1461 706 atque
1486 633 1721 689 bumllncraeoee

85 779 173 837 quam
189 762 291 817 bonum
307 766 335 814 et
349 754 502 828 jucundum
513 753 636 809 babitare
646 748 744 805 iratres
756 745 784 801 in
796 757 882 799 unum
931 739 1012 795 dente
1025 736 1060 792 ad
1075 735 1270 790 baucrnensunr
1285 728 1431 801 promissio
1441 727 1500 782 laec
1509 726 1626 795 filiorum
1637 722 1710 777 adim

87 855 179 928 (Psoi.
195 867 299 918 oraru,
313 850 351 922 l).
367 867 377 901 r
396 845 469 903 iiaor
486 856 532 901 tuo
543 840 687 914 sapientia,
701 840 734 894 de
748 850 802 907 qrra
817 833 884 889 dicit
933 830 1034 902 pietur.
1049 828 1125 895 eluro,
1139 831 1250 894 accepto
1264 822 1325 875 cibo
1338 818 1491 883 Dominieo,
1514 824 1679 886 generantur
1693 820 1721 866 et

89 949 243 1006 Salomon:
266 942 362 997 «Ama
388 938 560 1010 sapientiam,
580 942 608 989 et
630 928 830 1002 amphrabitur
857 934 884 980 te
934 919 1190 991 multiplicabuntur
1206 915 1232 969 in
1245 909 1406 980 eordisejns
1424 907 1544 963 thalamo
1570 902 1723 959 coelestium

89 1041 187 1113 (Pron.
209 1053 247 1101 ιι,
259 1034 299 1104 6).
317 1032 420 1088 ritem:
439 1028 559 1084 edmari
577 1027 648 1083 lrane
671 1032 699 1080 et
721 1016 884 1090 erqu'siria
934 1011 1132 1070 desideriorum
1155 1006 1223 1064 casti
1237 1013 1264 1061 et
1279 1001 1373 1057 mundi
1387 1006 1477 1055 meins
1498 997 1533 1052 ab
1547 995 1611 1049 imis
1624 993 1657 1047 ad
1676 1007 1723 1048 su-

88 1132 237 1203 jurentute
248 1140 319 1188 mea,
340 1132 368 1178 et
382 1120 495 1192 quesivi
510 1132 639 1189 sponsam
652 1113 719 1169 mibi
733 1118 883 1172 assumere,
935 1121 1028 1178 prema
1041 1104 1192 1162 renidentes,
1208 1093 1365 1153 etetiamde
1378 1088 1521 1161 profundis
1533 1084 1628 1142 mundi
1641 1082 1725 1152 bajus

91 1233 121 1280 et
136 1230 246 1278 amator
253 1218 343 1273 laetus
352 1230 413 1271 sum
424 1212 498 1268 illius
508 1208 614 1276 forme,
636 1226 646 1260 ι
660 1206 720 1277 ipsa
733 1223 743 1256 ι
757 1208 886 1258 uxortua
935 1201 1086 1256 οιειιιιιιιεε
1099 1202 1181 1264 atque
1193 1189 1227 1246 ad
1238 1188 1339 1244 coelum
1353 1178 1487 1239 solantes

94 1316 171 1372 sieut
186 1312 252 1368 ritis
263 1308 408 1367 abundans
421 1303 500 1377 (Sap.
511 1316 571 1370 snt,
583 1300 612 1369 ἲ)
631 1296 751 1353 »botros
774 1291 888 1365 justitiae
973 1289 1099 1360 Amplius
1118 1294 1209 1340 autent
1229 1281 1256 1335 in
1277 1274 1425 1332 universali
1447 1268 1568 1326 Ecclesia
1597 1266 1728 1321 dilatatur

94 1401 326 1477 sopioseaiieret.
939 1381 992 1438 iste
1007 1378 1134 1434 circuitus
1158 1384 1256 1427 urenae
1280 1365 1428 1423 bominieee
1458 1362 1492 1417 ad
1519 1355 1726 1413 similitudinem

132 1497 189 1552 Pro
201 1509 235 1550 eo
261 1489 335 1564 quod
351 1489 397 1546 iric
408 1487 526 1544 dieitur:
547 1481 615 1536 Vitis
631 1477 770 1534 abandons
783 1475 812 1528 iu
823 1473 890 1527 iure·
939 1479 1093 1527 castrorum
1108 1460 1227 1526 Domini,
1241 1472 1302 1528 quae
1314 1455 1352 1509 ita
1379 1458 1458 1508 erant
1481 1447 1606 1503 ordinata
1626 1445 1653 1497 in
1674 1444 1729 1497 ciri

97 1588 173 1644 ribus
184 1586 278 1640 domur
291 1592 355 1650 tsoe,
368 1581 396 1637 in
415 1577 530 1633 liebraeo
542 1574 655 1645 iegitur:
666 1568 701 1624 iu
720 1562 892 1638 penetrabili·
941 1563 1016 1619 cuitu
1039 1553 1199 1619 sanctuarii,
1216 1548 1290 1621 qnod
1305 1542 1462 1602 continebat
1476 1540 1548 1593 intra
1572 1551 1601 1592 se
1624 1545 1729 1597 aream,

98 1682 254 1739 burdonus
270 1688 333 1744 tue,
347 1689 403 1747 quo
425 1672 499 1729 dieto
516 1664 664 1738 signilloari
686 1667 803 1733 possunt
818 1657 889 1711 inted
907 1623 968 1711 Bin
984 1668 1037 1724 qua
1051 1656 1110 1706 erat
1119 1658 1230 1709 manna,
1244 1648 1274 1695 nt
1285 1648 1312 1695 et
1324 1635 1441 1693 ministri
1453 1630 1555 1688 levitici
1567 1626 1674 1684 ordinis
1684 1638 1731 1680 ese

98 1774 174 1830 riora
188 1770 282 1824 domur
297 1767 409 1823 nrinime
422 1763 490 1818 ioris
510 1756 680 1831 apparentia,
704 1760 734 1807 ιιι
745 1760 788 1807 est
800 1745 891 1803 borni·
942 1752 1002 1803 sent
1015 1756 1098 1814 prope
1109 1740 1138 1793 iu
1150 1735 1266 1791 circuitu
1277 1729 1453 1792 excubantes,
1467 1732 1495 1780 et
1508 1720 1651 1777 duodecim
1679 1715 1730 1772 tri-

100 1866 146 1921 nis
157 1878 234 1919 mens
255 1869 282 1916 et
302 1856 469 1915 conscientia
485 1854 536 1911 soii
552 1851 604 1908 sibi
624 1863 657 1904 ac
685 1844 740 1900 lieo
758 1851 833 1897 nota.
858 1836 893 1891 irt
942 1839 995 1894 bns
1009 1836 1075 1890 item
1090 1832 1117 1886 iu
1137 1823 1261 1897 ampliori
1276 1820 1388 1876 circuitu
1400 1819 1569 1872 metarentur
1581 1818 1670 1865 eastra
1684 1814 1732 1876 per

100 1956 202 2028 quibus
216 1948 422 2024 penetrabilibus
434 1955 500 2003 tune
512 1950 628 1999 unnrest
638 1936 783 2010 quasiritis
798 1930 893 1987 irocti·
943 1927 1084 1984 circuitum
1099 1916 1258 1978 sanctuarii.
1277 1912 1322 1968 Sic
1334 1910 1416 1966 eliam
1430 1907 1458 1960 iu
1477 1902 1588 1958 circuitu
1602 1906 1732 1953 sanctua-

102 2044 171 2112 lera,
183 2042 294 2115 quando
305 2041 333 2095 in
348 2040 407 2110 ipsa
418 2033 587 2092 conscientia
600 2030 686 2086 ierret
695 2025 808 2098 justitie
819 2023 894 2078 aelus
943 2021 989 2087 rii,
1003 2014 1078 2089 quod
1094 2025 1169 2069 nuuc
1182 2006 1303 2064 continet
1316 2015 1409 2058 rerum
1432 1987 1682 2059 marrrra,disposita
1692 1992 1734 2040 est

103 2153 153 2193 eor
162 2136 337 2191 inflammans
350 2129 429 2201 quasi
450 2129 543 2181 riuum
559 2121 710 2178 inebrians.
944 2108 1079 2175 Ecclesia,
1090 2112 1120 2160 ut
1131 2100 1251 2157 ministri
1265 2094 1373 2151 Domini
1399 2088 1535 2146 excubent
1559 2083 1631 2137 inter
1652 2077 1735 2132 vestid

139 2228 180 2285 Ne
195 2239 285 2283 aulem
308 2226 369 2280 sine
383 2217 571 2276 misericordia
584 2216 620 2271 sit
641 2214 699 2284 ipsa
712 2207 819 2281 justitia
833 2220 895 2260 ern·
946 2201 1039 2256 bulum
1055 2205 1082 2251 et
1095 2192 1180 2248 altare
1196 2183 1359 2256 sequestrati
1373 2195 1388 2235 a
1400 2173 1589 2238 saecularibus,
1606 2176 1634 2223 et
1648 2180 1735 2221 saecu-

105 2323 174 2380 delis
186 2331 213 2376 et
228 2315 419 2389 importabilis,
434 2313 484 2383 filii
501 2311 540 2365 tui
554 2310 623 2365 sicut
641 2300 751 2358 noreiioe
765 2299 896 2352 niioarnrn
946 2293 1019 2348 lares
1029 2286 1080 2357 ipsi
1092 2283 1165 2338 reiut
1175 2281 1202 2334 iu
1215 2275 1328 2330 circuitu
1337 2277 1479 2327 maerentes
1491 2263 1687 2328 ministrosque
1697 2254 1737 2310 al»

107 2411 300 2487 germinabunt
312 2408 403 2463 oleum
418 2400 614 2459 suavissimum
629 2410 691 2451 cum
705 2392 769 2447 rino
784 2388 898 2460 justitie
946 2384 1015 2441 laris
1025 2394 1073 2453 pro
1088 2374 1199 2432 modulo
1224 2384 1274 2426 suo
1285 2364 1407 2439 iurando
1426 2357 1512 2416 armis
1538 2362 1565 2409 et
1589 2351 1738 2418 eloernosy-

107 2504 269 2562 vulneribus
285 2497 495 2561 iniundenrlnm
507 2500 642 2562 qnatenus
652 2501 701 2558 per
711 2483 803 2541 oleum
816 2495 899 2535 eran·
949 2476 993 2531 nis
1004 2472 1199 2541 repraesentent
1213 2457 1363 2516 Ecclesiam
1374 2453 1468 2515 talem,
1489 2461 1551 2519 que
1574 2450 1646 2498 reete
1660 2438 1740 2493 dicad

109 2597 202 2671 relieve
218 2588 413 2649 misericordie
434 2593 601 2653 temperetur
616 2576 671 2632 rini
690 2572 787 2645 legalis
808 2576 900 2625 auste-
949 2577 994 2622 rur
1010 2583 1020 2616 e
1039 2556 1179 2622 terribilis,
1191 2559 1385 2608 oleastrorum
1400 2541 1473 2598 acies
1500 2535 1627 2592 ordinata
1647 2526 1740 2599 (Canta

108 2690 189 2746 ritas.
205 2684 262 2741 line
286 2683 377 2738 oleum
393 2679 442 2735 tibi
461 2674 574 2733 aii'erent
590 2667 698 2726 noaeiioe
725 2663 814 2730 odire,
835 2674 898 2733 que
949 2673 988 2723 vr,
1000 2655 1039 2726 ὅ),
1054 2671 1065 2705 r
1082 2657 1178 2706 sancto
1192 2639 1300 2698 Domini
1329 2637 1429 2691 timore
1443 2628 1607 2686 coadunata,
1629 2627 1656 2675 et
1680 2632 1740 2671 am

108 2777 255 2836 uberiores
268 2773 407 2830 veteribus
421 2768 535 2824 ailerent
548 2763 666 2829 irnctus,
695 2758 721 2813 in
736 2755 836 2826 quibus
859 2759 901 2808 est
950 2750 996 2821 plo
1010 2744 1123 2800 circuitu
1134 2738 1245 2794 dilatata
1257 2732 1285 2786 in
1294 2721 1500 2785 similitudinem
1513 2724 1666 2772 castrorum
1683 2726 1692 2758 ι
1712 2705 1741 2759 ἰιι

106 2870 227 2933 materia
238 2864 350 2923 luminis
364 2873 391 2919 et
406 2857 575 2919 multimodae
588 2851 743 2917 nrcdicinoe,
772 2846 837 2916 quia
853 2857 901 2913 per
951 2839 1025 2898 exilu
1044 2832 1127 2892 israel
1137 2830 1171 2886 de
1182 2825 1311 2897 AEgypto,
1322 2809 1513 2875 domusiacob
1524 2807 1558 2862 de
1571 2800 1671 2875 populo
1679 2799 1742 2852 bar·

108 2965 204 3022 oieum
221 2958 364 3018 eharitatis
376 2961 404 3012 et
424 2943 696 3010 misericordiaruino
719 2933 902 2995 emulationis
917 2965 939 3023 c
954 2931 1023 2987 baro
1038 2922 1127 2999 (Prole
1141 2933 1221 2983 extu,
1239 2914 1266 2983 i)
1286 2930 1297 2964 r
1315 2902 1496 2968 senientiam,
1509 2890 1655 2967 quomodo
1669 2896 1743 2942 nune
1772 2926 1783 2949 ,

108 3052 368 3131 insteadjunctom
393 3055 507 3103 sanatur
518 3040 678 3097 vulneratus
701 3048 718 3088 a
740 3026 902 3086 latronibus.
954 3021 990 3078 (le
1000 3012 1099 3089 popolo
1111 3007 1228 3065 barbaro
1241 3006 1342 3057 exeunt
1351 3004 1378 3051 et
1389 2994 1578 3063 segregantur,
1591 2980 1637 3052 qui
1646 2988 1745 3078 panem

112 3147 202 3205 Filios
217 3145 292 3218 ipsos
303 3137 413 3196 raoneiiir
428 3134 504 3190 oiirir
525 3127 691 3187 assimilatos
706 3120 824 3191 intellige
849 3130 905 3173 non
955 3104 1113 3180 angelorum
1126 3094 1292 3153 rnaudueanl
1303 3089 1331 3143 in
1345 3085 1455 3141 deserto
1469 3076 1552 3146 hujus
1574 3068 1746 3126 mundicam

113 3237 263 3299 carnaliter
275 3233 394 3307 genitos.
406 3225 536 3297 Alioquin
559 3222 649 3277 littera
662 3217 721 3272 hare
746 3207 856 3275 occidit,
881 3205 906 3261 si
955 3188 1181 3256 timoreDomini,
1193 3179 1326 3257 (ruoberti
1340 3188 1440 3237 onlner,
1449 3168 1592 3242 quitinrent
1603 3158 1748 3215 iinrninurrr

114 3330 254 3389 carnalem
271 3338 383 3383 sensum
402 3317 488 3392 gignit
504 3313 615 3370 nornine
628 3305 720 3363 aroris
732 3312 760 3360 ct
776 3300 907 3363 ullorum,
956 3287 1077 3347 timorati
1094 3275 1231 3337 urnbuluut
1244 3274 1272 3328 in
1289 3270 1338 3326 riis
1361 3266 1418 3337 ejus
1442 3256 1523 3332 quasi
1540 3252 1648 3310 duobus
1667 3245 1748 3319 pcata

114 3421 182 3492 quia
204 3418 251 3475 rati
277 3429 361 3473 sensu
383 3406 568 3469 exeluduntur
592 3399 627 3456 ab
648 3398 701 3453 bac
720 3387 908 3448 benedictione
956 3383 1021 3445 bus,
1036 3384 1065 3433 et
1077 3390 1093 3430 a
1105 3367 1224 3445 peccatis
1240 3356 1417 3423 abstinendo,
1436 3348 1508 3423 quod
1523 3352 1565 3402 est
1584 3338 1748 3414 pesdextcr,

115 3513 238 3584 virgines
249 3518 276 3566 et
297 3505 480 3568 continentes,
496 3496 597 3569 quibus
612 3503 700 3560 neque
726 3485 797 3540 lilios
822 3493 910 3550 ueqrre
958 3473 1030 3531 etde
1044 3463 1173 3541 pcccatis,
1188 3473 1250 3531 que
1262 3450 1421 3514 acciderint,
1437 3436 1605 3515 pentasemo,
1620 3430 1694 3503 quod
1707 3434 1750 3482 est

117 3603 190 3660 iiiios
205 3598 338 3669 contingit
355 3593 465 3650 babere.
481 3587 601 3659 Spiritus
623 3589 714 3638 autern
742 3576 800 3630 sire
827 3568 909 3642 spiri·
959 3580 1008 3635 pes
1030 3560 1152 3621 sinister,
1170 3565 1224 3606 non
1241 3545 1335 3601 minus
1354 3552 1437 3612 quarn
1457 3533 1553 3588 dexter
1576 3517 1752 3580 necessarius

119 3694 203 3750 tualis
214 3690 369 3746 intellectus
382 3682 509 3745 edilicat,
520 3676 569 3748 qui
582 3689 638 3730 non
648 3670 715 3727 solis
728 3662 851 3722 uxoratis
865 3669 911 3715 aut
962 3651 1068 3711 timenti
1094 3641 1252 3700 notionum.
1266 3632 1361 3689 'inritae
1383 3626 1483 3698 quippe
1496 3614 1606 3674 virtutis
1631 3619 1673 3665 est
1699 3606 1764 3689 iste

119 3785 265 3849 uxoribus,
281 3782 337 3835 irno
351 3775 438 3848 magis
449 3769 601 3842 virginibus
612 3773 640 3820 et
653 3756 855 3818 continentibus
870 3749 912 3806 rel
962 3746 1043 3801 tiator
1061 3734 1169 3794 Deretini
1182 3738 1290 3787 sanetur
1300 3732 1455 3794 permoneas
1471 3714 1499 3768 iu
1512 3705 1638 3765 serrulam
1649 3696 1754 3765 seculi,

120 3880 207 3937 etiam
222 3877 302 3947 digne
314 3865 515 3944 paenitentibus
537 3861 589 3915 lros
606 3855 677 3910 ilios
692 3850 824 3919 assignat,
843 3858 913 3916 quos
963 3834 1011 3909 qui
1026 3825 1236 3889 commendatur
1252 3819 1280 3873 in
1298 3816 1352 3870 isto
1378 3822 1452 3864 nono
1478 3801 1587 3859 cantico
1607 3793 1753 3866 graduum,

120 3969 168 4026 rel
181 3964 344 4025 sensualitas
356 3956 456 4016 rationi
474 3961 605 4021 tanquam
618 3945 677 4000 viro
703 3938 823 4008 subjecta
848 3949 915 3989 eon-
964 3936 996 3983 ιιι
1007 3938 1085 3980 orem
1099 3916 1232 3991 perditam
1243 3905 1358 3964 rerelrat
1369 3912 1480 3956 sursum
1498 3904 1585 3961 usque
1607 3886 1641 3941 ad
1661 3880 1755 3938 caulas

123 4063 192 4134 cipit
207 4069 234 4114 et
251 4061 372 4129 generat,
388 4050 429 4106 rel
452 4056 552 4103 aeterna
577 4037 625 4093 Dei
652 4029 786 4104 sapentia
807 4023 914 4096 spiritui
965 4014 1113 4087 nonaginta
1141 4019 1238 4062 novem
1267 3997 1371 4061 orium,
1398 3986 1538 4083 complens
1563 3979 1590 4082 in
1612 3991 1644 4032 ea
1663 3982 1690 4028 et
1707 3982 1756 4041 por

125 4161 250 4217 bumano
262 4163 392 4222 tanquam
404 4156 505 4216 sponsa
518 4135 665 4206 conjuncta
677 4128 704 4183 in
723 4124 770 4179 illo
785 4117 917 4188 multipli·
965 4123 1026 4166 eam
1047 4113 1189 4159 numerum
1212 4089 1409 4150 centenarium,
1435 4091 1491 4148 quo
1512 4068 1682 4143 srgnrlicator
1694 4074 1756 4131 per·

125 4260 172 4308 eat
191 4244 340 4304 secundum
355 4240 429 4295 iilam
443 4228 670 4289 benedictionem,
694 4214 861 4289 nondictum
874 4216 918 4264 est
968 4200 1060 4259 lectior
1358 4269 1363 4280 ι
1594 4252 1601 4264 ν
1630 4248 1636 4260 .

126 4340 226 4416 primis
236 4333 395 4409 parentibus
407 4335 469 4383 ante
480 4327 639 4394 peecatunrr
654 4332 663 4365 ι
682 4306 804 4366 Crescite
813 4313 840 4359 ot
848 4301 918 4357 mul-
933 4298 956 4354 il
1004 4291 1089 4347 Vens.
1102 4286 1130 4341 l.
1146 4281 1211 4337 Eece
1222 4276 1260 4334 ric
1273 4268 1439 4371 benedicetur
1449 4260 1537 4361 bromo,
1556 4254 1688 4355 quetrntet
1705 4242 1758 4347 iin-

128 4429 293 4506 tiplicanrini
304 4425 380 4500 (Gen.
396 4438 415 4490 l,
432 4418 491 4487 28).
510 4408 679 4483 »Spiritales
697 4415 764 4475 ergo
783 4396 835 4469 filii
861 4392 920 4450 sire
970 4387 1081 4442 roiuunu
1093 4377 1183 4439 lietu,
1196 4370 1243 4442 qui
1258 4369 1316 4423 beo
1338 4362 1407 4431 legas
1426 4363 1454 4411 et
1463 4363 1551 4451 canis,
1567 4351 1709 4444 existimes
1731 4350 1758 4389 rn

130 4528 161 4583 in
174 4523 269 4580 multis
294 4514 418 4590 personis
441 4510 499 4566 sire
513 4506 541 4561 in
568 4501 651 4559 utrius
674 4505 799 4567 personae
828 4484 921 4542 multis
970 4430 1762 4544 serblspraenissistemporalrabonabonrsetmabscon.u

131 4616 330 4676 charismatum
350 4604 430 4663 dorsis
441 4595 547 4658 timenti
566 4591 714 4648 Dominum
741 4592 808 4639 tunc
835 4579 922 4633 abun·
971 4566 1138 4627 nmniaesse
1159 4553 1296 4627 promissa
1310 4540 1415 4603 timenti
1441 4531 1598 4633 Donrinum,
1617 4524 1686 4621 dico·
1700 4518 1764 4589 tibi,

131 4711 211 4777 dant,
228 4702 339 4778 quaudo
360 4694 514 4753 tricinum
529 4677 801 4743 ntenroeomnialoea
825 4670 865 4726 sic
876 4681 923 4723 oe·
973 4660 1038 4732 quia
1049 4670 1106 4711 ecre
1120 4651 1159 4707 sic
1175 4641 1340 4702 benedicetur
1357 4633 1434 4686 bomo
1452 4638 1497 4696 qur
1524 4624 1597 4672 temet
1609 4613 1763 4671 Dominum,

133 4809 248 4873 eupnnr,
264 4803 294 4850 ut
304 4791 367 4847 liliis
380 4784 478 4850 ab'erris
496 4795 550 4835 nou
567 4780 657 4846 pateat
680 4771 758 4824 loeus
768 4762 822 4819 'rel
835 4774 925 4817 acees-
975 4754 1045 4809 sicut
1057 4761 1104 4801 rer

134 4910 185 4949 sus
199 4889 234 4945 od
249 4899 321 4941 eam.
339 4879 406 4947 Quae
418 4883 508 4931 autem
523 4868 581 4922 beo
596 4876 697 4926 nterrru,
711 4855 764 4911 nisi
788 4850 859 4906 uude
879 4862 925 4901 ac-

137 5077 229 5149 prinro
242 5069 343 5127 debent
359 5073 420 5118 esse
434 5052 510 5119 boni,
532 5058 561 5106 et

140 5167 174 5220 iis
187 5162 262 5218 odinis
273 5140 573 5215 consimiles,ridelieet
584 5130 679 5189 mundi
690 5119 927 5185 etntsericoruco
979 5131 1040 5189 quar
1051 5119 1093 5170 est
1103 5115 1189 5165 mater
1204 5108 1308 5159 nostra.

143 5269 198 5310 non
214 5261 321 5305 terrena
334 5242 382 5301 sed
396 5232 516 5295 eoelestia
531 5229 608 5284 lucra
622 5220 821 5281 desiderantes,
833 5219 862 5267 et
872 5223 931 5265 snr-
980 5196 1212 5265 intermissione,
1229 5190 1341 5250 veniam
1360 5181 1423 5249 eibi,
1437 5175 1485 5250 qul
1510 5172 1600 5243 ipsum
1621 5156 1769 5259 Dominum

143 5358 265 5405 sameor
279 5340 423 5399 babentes,
438 5342 493 5402 quo
507 5321 590 5380 modo
602 5319 694 5389 liquor
716 5308 797 5366 olinae
824 5300 930 5362 esuris
982 5300 1072 5363 times,
1089 5291 1159 5348 tales
1169 5280 1385 5343 benedictiones,
1395 5269 1497 5344 quibus
1518 5250 1665 5317 associeris
1679 5244 1769 5302 erdem

143 5434 298 5510 liquoribus
316 5426 452 5486 admistus
465 5414 557 5476 exsilit
579 5413 612 5468 ad
637 5418 766 5476 superna,
790 5399 827 5454 ita
859 5401 889 5449 ιιι
908 5391 931 5449 si

144 5547 198 5589 nna
215 5535 290 5600 gutta
303 5520 355 5579 olei
374 5523 448 5574 essct
471 5514 497 5567 in
511 5504 596 5563 iundn
611 5498 705 5564 maris,

146 5636 196 5692 nt,
215 5618 395 5693 quoadusque
414 5608 447 5664 ari
471 5600 643 5673 superlieiem
663 5586 828 5666 perveniret.
853 5577 933 5633 ‘irries

984 5392 1059 5455 Sion,
1069 5395 1094 5441 et
1112 5382 1201 5439 rideas
1214 5376 1282 5431 bonu
1302 5362 1463 5426 Jerusalem,
1479 5368 1541 5427 quar
1555 5354 1621 5406 sunt
1646 5334 1771 5399 ineffabi⁴

727 5508 782 5549 '¹⁰¹¹
806 5486 932 5558 ‘illiciet‘-
982 5485 1031 5552 lia,
1046 5476 1165 5534 omnibus
1179 5466 1270 5525 diebus
1281 5463 1342 5519 ulter
1357 5467 1419 5519 ture,
1433 5450 1461 5507 iri
1473 5457 1516 5505 cst
1527 5434 1707 5501 eternaliter.

1021 5570 1103 5625 i'nrrs⁴
1117 5565 1143 5620 b.
1162 5562 1195 5617 Et
1210 5556 1298 5612 ridens
1312 5550 1381 5623 piiss
1394 5545 1511 5617 liborum
1534 5545 1652 5595 tuorum,
1677 5523 1705 5580 id
1730 5521 1773 5575 osi
