3892 6067
233 221 302 277 mi
717 210 870 269 drudoni
889 208 1083 267 PRAEPOSle
1104 210 1376 268 ustcuuttsrstto.
1785 210 1863 268 lm

232 335 330 391 ediciis
344 333 378 388 its
394 332 503 402 penitus
533 328 651 383 alienum
679 323 771 393 faciat,
784 336 815 381 ut
839 325 927 397 magis
955 340 1017 380 cum
1033 327 1056 382 Α
1071 338 1126 380 non
1141 325 1253 394 babere,
1270 327 1293 382 si
1315 327 1396 392 inter
1413 333 1452 380 tot
1470 323 1553 392 laute,
1574 322 1630 391 siti,
1646 324 1769 380 striditats
1788 326 1864 382 defl-

233 427 347 496 antiquo
360 422 477 477 ifartino
490 434 635 491 pauperes,
647 434 730 490 quam
743 433 806 474 cum
818 432 889 474 noro
903 417 1020 487 biogun·
1071 414 1174 470 cientes
1188 416 1275 470 solam
1287 416 1447 471 charitatem
1462 413 1579 469 uoluerit
1595 414 1746 485 possidere.
1770 414 1864 471 liutto

197 539 203 548 ⁸
234 519 291 573 tino
307 505 408 570 milites
418 513 545 583 colligere
559 526 590 567 ac
600 526 747 582 procurare
771 510 897 566 studeat?
911 507 1020 563 Scimus
1069 515 1160 562 autem
1175 505 1281 563 facilius
1300 508 1398 577 poterit
1409 506 1541 562 militibus
1551 522 1654 572 carere,
1670 508 1693 562 si
1714 507 1772 577 ipse
1783 510 1863 563 mili·

233 623 288 676 guo
301 604 457 677 pervenerit
469 602 602 657 Martinus
614 619 677 657 cum
696 603 754 659 suis
765 601 946 673 pauperibus:
969 614 1019 655 ne·
1069 599 1135 654 tiam
1147 598 1198 654 sibi
1211 596 1291 654 alico
1301 597 1778 668 praeordinatamroiueritercrcere.
1789 598 1863 655 illam

231 696 656 766 scimusadbucquoperreniat
677 693 853 765 bloguntinus
879 683 1020 749 cum‘suis
1069 699 1097 746 et
1109 690 1190 746 talem
1206 690 1331 746 militiam
1348 691 1448 747 milites
1461 701 1558 763 sponte
1570 690 1782 762 fugiunt;etad
1796 707 1862 748 cem
1924 677 1925 680 ¹

231 788 375 843 militibus.
391 785 526 842 idartiuus
549 801 651 856 pauper
666 795 694 841 ct
709 785 845 852 modicus,
860 784 961 841 coelum
977 784 1021 839 di·
1070 786 1182 836 strenue
1194 780 1228 836 ab
1239 780 1375 851 episcopis
1388 797 1451 838 cum
1466 782 1600 853 religiosis
1625 780 1758 839 iratribus
1779 798 1863 837 eser·

231 896 279 936 ues-
290 879 459 951 ingreditur;
475 877 652 949 Mogontinus
662 893 717 933 uon
731 893 844 948 pauper,
859 892 913 932 nou
930 878 1019 934 mudi-
1070 872 1309 945 condampenitus
1324 875 1471 931 necessarii
1482 890 1538 930 non
1555 883 1629 931 sunt.
1645 873 1706 932 Non
1724 886 1768 931 est
1784 876 1863 931 enirn

232 987 282 1027 cus
296 971 386 1026 adbuc
399 984 481 1038 super
498 977 597 1023 terram
611 969 742 1040 graditur.
765 968 823 1024 Non
850 983 946 1024 omnes
959 968 1018 1037 epi·
1069 961 1149 1017 nobis
1163 963 1319 1018 colluctatio
1328 964 1459 1022 adsersus
1470 980 1581 1022 carnem
1592 976 1619 1022 et
1630 968 1792 1037 sanguinem
1803 968 1867 1040 glae

230 1062 307 1132 scopi
324 1066 449 1131 possunt,
466 1059 539 1130 quod
552 1068 644 1126 potest
658 1058 834 1130 moguntinus
845 1077 852 1127 ;
863 1067 890 1114 et
903 1074 951 1129 per
970 1058 1019 1114 Dei
1070 1053 1116 1110 dio
1129 1056 1262 1110 materiali
1282 1057 1455 1129 peragenda;
1485 1059 1532 1115 sed
1554 1059 1685 1115 adversus
1707 1059 1865 1131 principes,

233 1152 348 1215 gratiam
364 1157 486 1220 possent,
499 1148 522 1204 si
542 1148 650 1215 vellem,
668 1149 741 1218 quod
765 1149 855 1220 potuit
873 1148 1017 1206 Martinus.
1071 1148 1166 1203 mundi
1177 1157 1297 1205 rectores
1310 1148 1406 1204 militia
1421 1150 1571 1220 spiritualis
1581 1150 1685 1221 jugiter
1694 1153 1865 1208 exercenda.

231 1242 313 1298 Pauci
327 1256 389 1296 cum
401 1239 559 1310 bfoguntino
569 1249 684 1308 possunt
697 1250 751 1295 tam
776 1250 937 1311 sumptuosa
950 1256 1018 1298 con·
1053 1210 1100 1291 'itt
1116 1253 1169 1308 qua
1181 1239 1278 1294 militia
1296 1254 1378 1295 nemo
1393 1239 1518 1296 miiitans
1540 1242 1662 1314 implicat
1693 1258 1724 1300 ee
1743 1245 1867 1314 negotiis

232 1333 303 1387 vivia
317 1332 471 1402 disponere,
489 1329 590 1400 quibus
612 1331 763 1386 ualeantac
777 1331 859 1386 velint
880 1331 1019 1402 principes
1071 1331 1266 1399 saecularibus;
1283 1346 1365 1387 nemo
1383 1330 1499 1387 libenter
1521 1344 1671 1406 occupatur
1691 1333 1720 1389 in
1740 1334 1867 1391 admini-

231 1434 259 1479 et
269 1423 369 1478 milites
389 1420 465 1476 multi
489 1419 631 1476 interesse.
653 1419 754 1477 Omnes
769 1430 874 1488 autem,
897 1437 946 1493 per
970 1420 1020 1477 Dei
1071 1421 1192 1477 strandis
1214 1421 1378 1493 regalibus:
1404 1422 1451 1477 ssd
1467 1423 1579 1492 ducatu,
1601 1424 1744 1489 comitatu,
1760 1425 1868 1480 telonio

215 1508 218 1516 ’
232 1516 359 1586 gratiam,
371 1514 395 1568 si
406 1511 512 1580 volunt,
524 1520 641 1583 possunt
654 1527 718 1568 eum
740 1510 858 1568 fdartino
882 1513 1020 1583 quotidia·
1071 1515 1232 1585 ceterisque
1246 1515 1363 1585 publicis
1379 1514 1566 1572 functionibus
1581 1515 1695 1571 omuino
1703 1516 1867 1587 postpositis

232 1621 281 1660 nas
294 1604 336 1661 sui
355 1617 523 1673 suorumque
537 1601 735 1673 discipulomm
762 1599 926 1659 relectiones
955 1617 1019 1657 cum
1072 1604 1112 1664 sic
1122 1614 1234 1677 pugnat,
1247 1622 1302 1662 non
1315 1607 1395 1677 quasi
1410 1620 1500 1662 aerem
1511 1606 1677 1673 uerberans;
1690 1615 1718 1662 et
1731 1607 1773 1662 sic
1796 1623 1866 1663 cur-

231 1703 307 1753 tanta
321 1694 476 1766 frugalitate
486 1693 642 1772 disponere,
654 1701 684 1749 ut
696 1694 796 1750 milites
810 1695 898 1766 magis
912 1694 1019 1762 abesse,
1036 1680 1057 1735 Β
1072 1695 1118 1762 rit,
1128 1711 1183 1751 non
1199 1696 1277 1767 quasi
1290 1697 1317 1751 in
1333 1697 1488 1765 incertum
1514 1712 1565 1753 uec
1590 1697 1786 1754 modernorum
1817 1698 1865 1755 ssd

230 1803 313 1860 quam
332 1786 433 1842 adesse
456 1784 539 1840 libeat
564 1784 668 1841 mensis
691 1799 814 1853 eorum,
836 1785 1020 1857 glorificantes
1072 1788 1246 1859 antiquorum
1260 1789 1536 1860 sequiturducasum.

231 1879 376 1950 superbos
388 1878 514 1932 virtutem
528 1875 704 1945 parcimoniae
714 1875 847 1947 ipsorum.
1107 1878 1175 1946 Quae
1187 1895 1250 1935 cum
1264 1879 1300 1935 ita
1311 1894 1341 1937 se
1352 1879 1481 1946 babeant,
1491 1887 1564 1952 patet
1575 1877 1760 1936 Ecclesiamm
1773 1879 1866 1938 iacul-

266 1969 338 2036 Quid
351 1976 442 2022 autem
457 1965 570 2037 prodest
586 1957 758 2035 bfoguntino,
777 1966 850 2036 quod
876 1975 939 2022 ante
956 1982 1020 2023 eum
1073 1979 1143 2027 tates
1156 1970 1291 2027 trifariam
1310 1986 1371 2027 esse
1385 1971 1546 2038 distinctas3
1564 1972 1592 2026 in
1606 1971 1777 2028 decimarum
1788 1973 1867 2028 vidc-

197 2046 200 2050 ’
231 2062 306 2116 sedet
318 2059 435 2131 populus
449 2055 615 2113 manducare
626 2063 653 2111 et
673 2056 776 2124 bibere,
787 2066 815 2113 et
830 2066 924 2128 postea
934 2059 1022 2129 surgit
1072 2061 1135 2119 ficet
1149 2062 1309 2129 oblationes,
1325 2071 1353 2118 et
1368 2077 1498 2134 agrorum
1520 2062 1719 2132 possessiones,
1734 2079 1788 2120 nec
1811 2079 1866 2123 nm

232 2152 345 2209 luderet
360 2152 475 2206 muitum
503 2164 570 2204 uero
586 2147 690 2221 proluit
712 2147 831 2204 ilartino
857 2148 886 2204 in
908 2163 939 2204 se
961 2148 1022 2218 ipso
1071 2155 1176 2225 regales
1186 2170 1219 2209 ac
1231 2155 1355 2226 publicas
1369 2154 1534 2212 functiones.
1557 2153 1591 2209 Ει
1604 2155 1639 2210 de
1656 2155 1772 2212 decimis
1802 2156 1865 2227 qoi-

229 2244 346 2315 suisque
362 2242 504 2313 discipulis
523 2241 692 2312 parcimonia
718 2255 782 2296 cum
805 2240 982 2308 discretione,
992 2240 1020 2295 in
1072 2246 1134 2302 dem
1149 2247 1222 2302 nulla
1232 2255 1274 2302 cst
1288 2245 1479 2312 contradictio,
1493 2246 1558 2317 quin
1569 2260 1617 2302 eas
1629 2245 1692 2302 laici
1702 2247 1866 2319 possideant

232 2333 390 2406 peregrinos
402 2332 574 2402 hospitalitas
586 2331 647 2387 sino
660 2345 813 2399 murmure,
831 2330 859 2385 in
872 2329 969 2387 viduas
991 2346 1022 2386 ac
1072 2357 1134 2397 cum
1146 2341 1299 2413 sacrilegio.
1314 2341 1402 2413 Agros
1415 2350 1505 2396 autem
1518 2340 1604 2422 semel
1615 2339 1643 2394 in
1661 2355 1730 2395 usus
1757 2355 1864 2412 paupe-

232 2425 366 2494 pattp‘eres
376 2436 472 2478 omnes
481 2437 532 2494 pro
545 2424 680 2479 eharilale
697 2422 882 2479 miserationis
895 2422 1019 2492 affectus,
1072 2448 1134 2488 rum
1145 2432 1252 2488 oblatos
1262 2431 1357 2488 docuit
1367 2431 1492 2502 superior
1501 2432 1617 2487 assertio
1630 2432 1666 2486 ab
1676 2430 1804 2488 Ecclesia
1815 2431 1866 2490 suh

231 2529 281 2584 pro
291 2512 420 2568 facultate
437 2514 589 2584 largitionis
615 2515 738 2572 effectus.
761 2513 939 2586 bfoguutinus
954 2532 1018 2572 cum
1072 2526 1215 2581 chariratis
1229 2525 1401 2597 operimento
1415 2525 1537 2593 defends,
1550 2539 1585 2581 „0
1599 2524 1635 2580 ‚b
1644 2523 1743 2595 aliquo
1767 2538 1866 2596 pem.

231 2605 351 2661 militum
373 2617 465 2662 turma
486 2605 556 2662 solet
580 2606 613 2662 ad
634 2607 741 2663 curiam
759 2607 870 2675 veniro;
886 2604 1021 2663 Martinus
1073 2625 1167 2671 cusorc
1180 2616 1255 2685 juste
1269 2614 1503 2685 pccstccaurcrct,
1525 2613 1654 2670 puppim
1677 2621 1770 2669 mrem
1801 2613 1865 2668 run.

232 2699 298 2770 (quo
312 2698 472 2769 metropolis
484 2695 623 2769 Moguutia
637 2709 753 2770 patrono
764 2698 906 2769 gloriatur)
917 2714 973 2754 non
985 2699 1021 2754 ita
1073 2708 1179 2763 cilones
1190 2722 1245 2763 non
1259 2718 1338 2763 curas
1351 2705 1475 2763 Ecclesia
1491 2706 1607 2763 multum
1628 2704 1795 2774 defendere;
1812 2720 1865 2762 uon

230 2787 435 2859 solebatagere.
449 2786 503 2843 Sed
523 2788 635 2860 quando
653 2790 694 2845 ref
716 2790 749 2846 ad
769 2799 861 2862 regem
883 2790 925 2845 vel
953 2789 1023 2845 alias
1072 2808 1149 2857 curas
1164 2798 1381 2856 itachctvcstem
1394 2815 1472 2855 suam
1485 2799 1519 2854 ad
1534 2814 1582 2855 eas
1615 2799 1744 2870 tegendas
1767 2807 1866 2855 estes·

200 2913 207 2924 ·
230 2878 283 2932 itcr
293 2878 384 2935 facore
395 2879 547 2935 necessitas
560 2879 746 2950 incumbebat,
763 2882 854 2937 solum
868 2896 1021 2953 pauperum
1073 2894 1147 2959 dccc,
1162 2892 1294 2963 quoniam
1308 2891 1466 2963 spirituales
1481 2891 1533 2946 viri
1549 2890 1656 2946 malcus
1682 2905 1778 2946 ccccm
1804 2890 1866 2948 uti·

230 2968 483 3041 discipulorumque
494 2985 609 3027 suorum
626 2973 756 3028 comitatu
769 2982 916 3030 contentus
942 2983 1019 3030 erat:
1074 2983 1229 3055 succuum
1252 2999 1286 3040 εχ
1302 2998 1398 3040 ccccm
1422 2982 1566 3039 occasione
1587 2981 1721 3052 implicari
1746 2981 1865 3053 ψη.

230 3075 281 3116 nec
297 3062 489 3131 spumantibus
499 3062 577 3133 equis
588 3062 632 3118 uel
646 3063 705 3135 ipse
719 3063 762 3120 uel
780 3065 824 3120 sui
837 3063 1018 3129 vehebantur;
1035 3034 1056 3091 c
1073 3075 1264 3133 scematibus,

230 3152 279 3206 sed
290 3152 527 3224 vilibusjumentis
538 3153 572 3208 ad
587 3153 674 3209 solam
698 3154 804 3210 itineris
828 3155 1021 3211 necessitatem

232 3241 393 3310 interemtum
407 3243 430 3298 si
443 3251 534 3296 tarneu
549 3251 606 3296 tam
617 3242 698 3314 longe
707 3242 760 3298 fuit
781 3244 913 3313 eundum,
929 3253 960 3300 ut
971 3259 1021 3316 pro
1370 3216 1487 3276 (APUT
1506 3216 1564 3275 ΧΗ·

230 3334 355 3403 corporis
390 3333 550 3390 infirmitate
581 3334 767 3391 necessarium
806 3346 879 3392 esset
911 3334 1022 3406 jumen·
1071 3356 1110 3411 D,
1122 3358 1242 3426 gam-gg,
1254 3358 1346 3420 mg,
1371 3366 1397 3410 ,g
1422 3356 1640 3411 mingmrgaggg„
1670 3355 1864 3420 &dm-m..

230 3424 384 3494 turniliil).
1106 3442 1218 3496 quorum
1236 3426 1300 3480 olim
1314 3426 1457 3497 tangentia
1471 3428 1553 3494 {acies
1575 3443 1654 3496 quarn
1682 3444 1761 3480 nunc.
1779 3426 1866 3498 Turpe

265 3515 386 3571 pacilius
413 3530 479 3587 ΜΟ
504 3513 622 3573 Mamm
645 3514 875 3586 Mogumggnsium
894 3524 1020 3589 mono,
1107 3508 1144 3551 est
1162 3498 1311 3567 episcopum
1334 3498 1378 3551 uia
1403 3494 1491 3562 attttt,
1508 3497 1559 3550 ttici
1583 3495 1713 3551 militibus
1735 3498 1865 3567 stipassent

230 3623 313 3680 quam
325 3609 376 3679 ipsi
387 3608 498 3665 domino
509 3607 668 3680 ifoguntiuo
679 3618 891 3680 posseotomnes
900 3611 1020 3682 episcopi
1107 3582 1266 3638 ‘mim'

231 3702 410 3771 conformari,
425 3703 1021 3776 si,adJ'uuantegratia,vellentproposseco-
1107 3703 1158 3760 fiio
1169 3701 1353 3775 adjiciendum
1377 3710 1444 3772 puto
1472 3702 1505 3759 de
1529 3699 1641 3760 familiis
1664 3701 1862 3770 Ecclesiam,

231 3797 302 3850 uari.
312 3796 416 3867 thuid
426 3795 555 3852 dicamde
569 3795 703 3852 ifartinoi
714 3805 787 3853 certe
797 3798 824 3852 in
836 3796 947 3853 Christo
956 3796 1020 3853 iesu
1071 3807 1141 3863 quas
1152 3794 1230 3866 longe
1241 3792 1319 3848 aliter
1329 3792 1439 3850 tractari
1447 3792 1582 3860 ridemus,
1593 3809 1675 3864 quam
1685 3804 1864 3865 paternarum

230 3895 343 3955 possent
356 3886 548 3958 omnes‚quod
562 3887 650 3956 potuit
671 3885 779 3953 Petrus,
800 3887 855 3942 imo
870 3887 943 3959 quod
970 3902 1021 3959 po·
1073 3886 1251 3943 traditionum
1265 3884 1438 3940 venerandus
1452 3885 1604 3954 praescribit
1631 3885 1777 3941 terminus.
1807 3884 1865 3940 Pri·

175 3967 179 3973 ’
232 3980 283 4035 tuit
294 3979 354 4050 ipse
365 3978 502 4046 cbristus,
514 3980 593 4050 pauci
604 3988 719 4049 possunt
730 3980 781 4034 boc
793 3988 914 4049 tompore
923 3994 1022 4050 argen-
1073 3980 1167 4036 mitira
1179 3979 1252 4034 euim
1258 3976 1381 4034 Ecclesia
1394 3993 1447 4033 nou
1459 3977 1564 4032 solebat
1578 3976 1697 4032 famulos
1708 3977 1862 4047 possidere,

230 4080 289 4127 tum
308 4080 337 4126 et
353 4085 452 4126 aurum
464 4070 630 4127 sufficienter
650 4070 760 4134 trabere,
775 4079 803 4124 et
825 4070 958 4126 militibus
979 4070 1020 4124 ri·
1073 4073 1120 4129 sed
1135 4087 1244 4142 omnes,
1254 4088 1418 4146 quacunque
1432 4088 1465 4128 cx
1480 4069 1636 4126 conditione
1648 4070 1790 4135 corrvcrsi,
1803 4079 1863 4125 tan·

230 4169 304 4216 stum
320 4159 498 4218 sufficientem
521 4162 652 4232 prebere.
669 4160 737 4228 Quis
747 4169 843 4216 autem
863 4176 918 4217 nou
933 4170 1023 4232 potest
1072 4184 1154 4240 quam
1173 4167 1273 4223 [casces
1296 4168 1325 4222 in
1351 4180 1437 4221 unum
1460 4142 1613 4220 habitantes
1638 4159 1691 4216 ista
1715 4160 1863 4216 studebant

230 4266 294 4306 cum
310 4249 392 4306 Petro
402 4267 501 4306 aurum
516 4260 544 4306 et
562 4258 706 4321 argeutum
733 4266 788 4307 non
818 4251 1021 4317 baberciQuis
1073 4273 1181 4330 cgere:
1209 4265 1239 4312 ιιι
1263 4272 1340 4323 non,
1366 4252 1599 4325 sicut'principes
1628 4250 1751 4321 gentium
1770 4249 1862 4306 domi·

231 4355 285 4395 nen
300 4350 390 4413 potest
404 4358 467 4398 cum
480 4342 591 4399 Christo
608 4341 740 4396 militibus
760 4341 895 4398 ministris
914 4357 1019 4406 carere,
1036 4357 1058 4411 ι)
1072 4357 1173 4404 nactur
1186 4362 1283 4403 eorum
1305 4360 1375 4416 quos
1389 4345 1541 4416 possident,
1565 4342 1605 4398 sic
1626 4341 1678 4412 ipsi
1702 4341 1860 4411 aliquorum

231 4446 300 4502 qnos
313 4434 370 4504 ipse
381 4433 408 4488 in
419 4435 473 4492 boc
488 4435 590 4490 mundo
604 4436 690 4491 uoluit
703 4433 819 4490 baberet
834 4433 913 4488 Corte
928 4434 1019 4489 omnis
1069 4439 1294 4504 dominaremun
1310 4437 1356 4492 sed
1371 4451 1420 4506 per
1433 4436 1595 4492 charitatem
1617 4433 1771 4489 servientes
1793 4434 1862 4490 inri-

231 4525 485 4597 episcopuspoteat,
501 4526 557 4583 imo
573 4528 680 4597 cogitur
705 4535 848 4598 argentum
869 4534 896 4581 ot
920 4541 1018 4581 aurum
1070 4545 1140 4597 cem,
1153 4529 1227 4587 illius
1238 4528 1352 4601 uestigia
1364 4535 1557 4599 astruerentur,
1572 4527 1619 4597 qui
1632 4540 1687 4581 non
1711 4523 1790 4580 uenit
1808 4526 1860 4581 mi·

266 4704 490 4789 titillSulpitius
510 4705 538 4760 ln
559 4703 616 4759 Vita
631 4702 717 4760 sancti
733 4702 863 4758 fdartini:
882 4722 891 4755 ι
905 4701 1020 4774 sompto
1070 4725 1121 4765 nor
1134 4717 1200 4764 atas
1215 4705 1413 4778 deprobatum
1439 4705 1558 4775 maiores
1573 4703 1691 4760 orationi
1710 4702 1854 4758 vacabam

230 4785 388 4845 episcopatu
402 4776 509 4845 qualem
523 4785 712 4845 quantumque
725 4789 754 4829 se
765 4772 899 4828 Martinus
913 4774 1021 4842 praesti·
1070 4779 1160 4834 Rarus
1173 4778 1301 4847 cuiquam
1312 4786 1388 4831 extra
1402 4775 1527 4831 cellulam
1553 4789 1631 4829 suam
1652 4787 1791 4842 egressus,
1805 4773 1857 4827 nisi

231 4845 306 4910 terit,
317 4859 372 4899 non
385 4854 427 4898 est
443 4854 544 4901 nostro
556 4844 694 4900 facultatis
712 4844 845 4899 euoluere.
861 4841 932 4898 idom
945 4844 1019 4899 euim
1070 4865 1131 4906 cum
1147 4849 1180 4904 ad
1193 4849 1327 4902 orationis
1340 4845 1429 4900 focurrr
1444 4845 1650 4899 corrveuielrant.
1677 4841 1776 4897 Cibum
1804 4858 1855 4897 uua

232 4913 453 4969 ⁶⁰¹¹⁸¹³¹¹ii⁸⁸im0
463 4915 664 4983 perseverabat,
680 4913 726 4984 qui
752 4915 829 4983 prius
850 4911 948 4967 fuerat.
967 4913 1020 4969 Et·
1070 4934 1167 4975 omnes
1179 4925 1239 4987 post
1251 4917 1347 4970 boram
1359 4915 1456 4985 jejunii
1468 4914 1639 4982 accipiebant
1651 4912 1759 4978 ;rinum
1776 4926 1856 4966 omno

181 5032 184 5038 .
232 4982 331 5038 demin
344 4982 426 5038 cordo
441 4984 502 5053 ejus
513 4982 672 5049 lrnmilitas;
693 4984 787 5038 eadem
802 4982 829 5035 in
844 4982 944 5037 vestitu
959 4983 1021 5052 ejus
1070 4996 1191 5052 noverat,
1220 4986 1273 5041 nisi
1298 5002 1379 5055 quem
1402 4984 1547 5038 iufirmitas
1570 4982 1713 5053 coegisset.
1730 4979 1856 5050 Plerique

233 5054 324 5109 vilitas
335 5061 408 5108 erat:
425 5061 506 5124 atquo
522 5053 558 5107 ita
574 5055 674 5132 plenus
690 5052 861 5108 auctoritatis
879 5061 906 5108 ct
925 5055 1020 5122 gratiae
1069 5057 1235 5114 camelorum
1251 5056 1316 5110 setis
1332 5054 1531 5110 vestiebantur:
1544 5052 1653 5106 mollior
1664 5053 1765 5105 ibidem
1779 5051 1855 5105 hebi·

232 5124 362 5194 implebat
372 5123 492 5194 episcopi
507 5122 678 5191 dignitatem,
692 5133 722 5176 ut
749 5133 839 5177 umen
856 5137 910 5176 nou
925 5137 1020 5192 propo
1069 5137 1114 5183 tus
1135 5142 1185 5196 pro
1208 5126 1323 5180 crimine
1336 5134 1404 5179 orat.
1421 5122 1499 5190 Quod
1515 5136 1549 5177 co
1567 5121 1654 5193 magis
1678 5122 1716 5175 sit
1742 5121 1852 5181 mirum,

232 5198 315 5249 situm
341 5193 465 5248 monachi
495 5192 678 5261 virtutemque
702 5191 873 5247 desereret.»
902 5189 936 5245 Et
958 5202 1020 5262 post
1069 5204 1237 5252 nccesseest
1252 5195 1495 5264 qortdumltiiuter
1516 5207 1565 5246 eos
1593 5190 1699 5245 nobiles
1716 5188 1852 5244 babebar-

232 5279 334 5335 pauca:
348 5282 357 5314 ι
369 5261 501 5334 Discipuli
513 5276 576 5316 roro
588 5272 650 5317 octo
669 5261 918 5331 interrant‚qniad
927 5277 1021 5317 esern-
1069 5277 1114 5323 tur
1128 5283 1136 5316 ι
1154 5267 1201 5337 qui
1214 5268 1293 5333 longe
1305 5264 1382 5319 aliter
1397 5264 1515 5328 educati,
1535 5263 1570 5316 ad
1586 5262 1657 5316 hauc
1670 5274 1701 5314 se
1714 5258 1853 5314 barmiiita·

231 5337 306 5408 plum
321 5334 391 5390 beati
405 5332 527 5404 blagistri
542 5277 764 5388 institueiantur.
780 5329 866 5386 Nemo
879 5331 915 5385 ibi
940 5332 1019 5454 Ἱιιιᾱ-
1070 5347 1123 5394 cem
1134 5346 1161 5392 cc
1172 5336 1330 5407 pacientiam
1345 5342 1504 5404 coegerant:
1514 5331 1660 5402 pluresque
1671 5344 1708 5408 μ’
1722 5329 1767 5411 ¹31⁸
1778 5337 1852 5399 Μ.

231 5420 313 5474 qvam
328 5405 468 5474 littorium
481 5402 614 5468 habebam
629 5402 721 5457 omnia
742 5401 770 5456 in
791 5402 882 5456 medio
895 5416 945 5456 00¹¹
959 5417 1019 5456 tre·
1068 5425 1099 5464 ca
1127 5409 1271 5477 episcopos
1287 5403 1413 5458 vidimus.
1428 5401 1494 5470 Quum
1515 5403 1587 5457 cuim
1602 5409 1675 5455 esset
1686 5408 1786 5454 crustas
1805 5405 1850 5451 sot

231 5475 341 5528 luatur.
356 5469 415 5528 Non
430 5484 578 5530 ernereaut
588 5472 715 5538 rendere,
730 5481 760 5528 ot
772 5470 909 5552 plerisque
923 5485 1020 5526 muna·
1068 5478 1199 5540 Ecclesia,
1213 5491 1273 5544 quae
1284 5489 1338 5528 non
1354 5490 1384 5528 sc
1399 5476 1431 5530 dc
1444 5471 1552 5529 marsici
1564 5471 1819 5538 monasteriocupes

232 5544 292 5596 cuis
310 5544 396 5597 moris
407 5552 475 5610 orat,
488 5544 553 5614 quid
574 5558 637 5599 uam
650 5541 759 5597 licebat.
775 5543 828 5598 Ars
840 5541 887 5603 ibt,
897 5541 1018 5609 exceptis
1068 5548 1223 5606 sacerdotes
1239 5543 1377 5601 liaberet»
1798 5575 1802 5586 .

234 5611 424 5684 scriptoribus,
439 5614 511 5669 uulla
524 5617 557 5668 lra
595 5615 689 5670 batur:
706 5614 751 5669 cui
774 5620 865 5666 tamen
877 5610 951 5682 operi
966 5610 1018 5664 mi·
