3892 6067
231 200 302 257 lbos
717 184 865 259 ³Elt'tlottt
884 200 1081 260 ermensul
1099 200 1364 262 uutcttssttsettttt}
1791 216 1870 276 toto

222 310 395 386 temporibus
408 313 555 369 verborum
570 313 684 368 omnino
698 316 794 385 tacuit,
806 325 937 390 tanquam
950 333 1016 374 cusu
1031 319 1053 375 d
1067 316 1148 372 batur
1166 317 1293 373 Christus
1306 317 1377 387 elus.
1392 316 1510 375 Pulchre
1528 332 1596 392 ergo
1615 322 1651 377 ab
1667 336 1807 394 aquarum
1823 327 1871 386 si.

223 415 251 464 et
262 408 366 476 absque
380 405 434 460 ulla
447 405 555 461 ratione
569 405 673 461 variata
686 407 742 463 siut
759 410 788 463 in
804 410 847 466 bis
857 409 939 467 dietis
952 426 1017 482 pro·
1067 410 1224 467 militudine
1237 411 1333 481 incipit
1356 427 1427 483 opus
1439 411 1562 482 ciusdem
1579 412 1732 474 Salratoris
1756 418 1786 474 in
1800 418 1868 478 lno-

222 494 350 569 pbetiels.
369 492 474 551 Futuro
487 502 610 565 tempore
623 492 760 566 Propheta
774 500 905 556 dixerat:
925 519 936 552 r
953 499 1017 555 rto·
1066 501 1128 557 dem
1149 502 1210 572 ojus
1236 504 1285 572 qui
1308 512 1485 573 conseruerat
1506 505 1533 559 iu
1553 505 1666 562 salutem
1685 509 1779 580 populi
1804 512 1866 569 sni.

223 589 282 641 rios
297 584 407 641 scindes
431 595 522 655 terrae,
537 605 547 638 ι
564 594 591 642 ει
604 591 911 661 repentorerbnmpbm
933 592 1017 662 eoepit
1067 592 1189 662 Fluvios,
1211 595 1260 662 ait,
1273 596 1377 651 rcirrder
1401 606 1489 665 terro,
1515 599 1636 654 uiderunt
1652 610 1677 656 te
1697 618 1786 674 eqroe,
1804 614 1864 664 ete.

222 694 304 749 agere
316 678 445 750 praeteriti
456 679 590 750 temporis
604 698 611 733 :
624 681 745 737 uiderunt
757 695 781 738 te
792 700 879 756 oque,
891 693 916 739 et
926 684 1016 739 dolec-
1067 684 1187 743 Verbum
1210 688 1315 743 scindes
1333 689 1415 745 latius
1428 699 1469 745 est
1489 700 1517 746 et
1536 691 1599 761 plus
1612 693 1750 766 signifieat
1773 713 1864 769 qnam

222 777 284 824 rent
306 780 420 839 moriter,
445 788 540 844 perper
564 788 695 844 mororum
717 776 835 843 transiit,
850 783 878 832 et
897 777 1015 833 sultiude
1065 777 1090 833 si
1100 775 1215 833 dixisset
1230 796 1238 833 z
1251 779 1360 836 emittes
1380 781 1440 837 sire
1463 782 1580 853 aperies.
1597 782 1657 841 Uno
1670 801 1793 859 nemque
1807 789 1865 848 boe

149 919 151 923 ,
222 862 321 918 iterum
331 863 481 919 secundum
490 863 733 934 tempusluturum
746 867 773 921 iu
784 866 1014 940 lucesopittorum
1067 872 1152 928 rerbo
1169 881 1196 928 et
1214 873 1349 929 malorum
1363 874 1559 931 desolationem
1573 884 1601 931 et
1619 876 1755 936 bonorum
1768 880 1863 954 signi·

221 970 333 1008 cuonem
356 955 430 1009 ibunt
452 970 461 1008 :
486 955 515 1009 iu
539 955 647 1026 fremitu
671 956 838 1011 conculcabis
862 960 1013 1025 terrem,itr
1063 963 1480 1022 flontnuvtommdtffusionem‚
1503 968 1636 1025 bematis
1650 970 1693 1026 nep
1707 975 1863 1032 commi,

221 1046 311 1117 surore
323 1044 515 1117 obstupefacies
535 1056 636 1118 pentes,
660 1048 807 1118 statimqne
829 1064 926 1105 rursus
941 1059 1012 1105 tem-
1061 1057 1117 1126 jam
1137 1071 1219 1127 supra
1243 1058 1363 1128 positum
1378 1067 1421 1114 est
1442 1060 1619 1130 exemplum:
1637 1081 1646 1114 r
1665 1060 1698 1118 iit
1719 1064 1864 1122 desolabit

220 1154 288 1209 pore
299 1139 448 1208 llfffllffl’iw·
464 1137 604 1209 Etim,
619 1138 718 1209 iniquit,
742 1141 771 1194 in
793 1140 906 1195 sulutem
921 1141 1013 1212 populi
1062 1145 1197 1204 Dominus
1207 1148 1330 1219 lingnam
1345 1149 1431 1205 maris
1441 1147 1562 1223 AEgypti,
1576 1159 1604 1206 ct
1614 1152 1730 1210 elevabit
1741 1170 1861 1211 mantum

220 1231 271 1297 tui,
287 1230 314 1283 in
330 1229 444 1285 sulutem
460 1246 520 1284 carn
533 1230 639 1284 dirristo
654 1239 710 1297 tuo,
727 1239 780 1287 etc.
798 1229 926 1303 Nunouid
942 1248 1010 1288 casu
1062 1251 1141 1292 suam
1164 1252 1248 1309 super
1261 1239 1362 1294 llumen
1383 1238 1413 1294 iu
1436 1238 1600 1297 lortitudine
1613 1240 1732 1314 Spiritus
1750 1245 1807 1313 sui,
1830 1256 1862 1301 rt

219 1332 247 1377 et
262 1324 366 1393 absque
389 1322 473 1378 ullius
493 1321 610 1379 rationis
631 1322 731 1377 iutuitu
757 1323 794 1379 ite
817 1324 845 1379 in
871 1326 1011 1397 propbctis
1062 1329 1195 1399 percutiet
1209 1343 1273 1384 eum
1285 1327 1313 1383 in
1328 1336 1432 1400 septem
1445 1330 1524 1398 rivis,
1544 1331 1583 1386 ita
1594 1341 1625 1387 ut
1650 1341 1793 1390 transeant
1808 1351 1861 1406 per

219 1428 333 1470 suorum
344 1423 469 1485 tempora
480 1412 627 1469 uerborum
644 1414 752 1470 variare
765 1417 908 1472 consuerit
923 1416 1011 1488 Spiri-
1061 1434 1125 1475 eum
1139 1421 1252 1479 calceati
1266 1421 1335 1493 (leo.
1348 1438 1388 1490 ιι,
1403 1422 1460 1494 15).
1476 1421 1516 1479 lle
1534 1424 1615 1481 bonis
1628 1425 1732 1482 dietum
1744 1436 1788 1483 εει
1803 1429 1859 1483 ali·

220 1514 265 1563 tus
277 1507 411 1563 sanctim?
430 1503 491 1561 Non
514 1505 610 1576 utique
629 1506 735 1577 absque
757 1508 865 1563 ratione
885 1518 937 1577 est,
948 1525 1011 1580 quac
1060 1509 1099 1576 bt,
1115 1528 1126 1563 r
1142 1510 1207 1581 quia
1218 1512 1313 1568 scissae
1324 1520 1389 1568 sunt
1404 1512 1433 1567 in
1443 1511 1555 1570 deserto
1570 1528 1658 1585 aquae,
1673 1524 1702 1572 et
1715 1525 1858 1575 torrentes

216 1595 267 1652 etsi
281 1595 361 1652 nobis
375 1595 489 1651 omnino
501 1610 556 1651 noo
571 1603 655 1666 patet,
669 1604 762 1652 tannen
777 1596 841 1653 iude
856 1599 1010 1668 persentire
1061 1601 1088 1656 iu
1104 1601 1262 1669 solitudine,
1278 1612 1305 1660 et
1315 1619 1376 1673 quac
1386 1611 1445 1661 erat
1458 1605 1547 1673 arida,
1568 1606 1596 1662 in
1611 1615 1750 1679 stagnum,
1764 1617 1793 1665 et
1812 1612 1855 1666 si-

216 1686 320 1757 aliquld
334 1686 415 1743 dulce
427 1695 455 1743 et
465 1685 620 1757 juctmdum
634 1696 686 1742 εει.
709 1689 867 1744 Atteudeuti
890 1689 1008 1761 diligen·
1024 1670 1046 1724 Β
1061 1695 1132 1752 tiens
1157 1696 1185 1750 in
1200 1695 1290 1753 tomes
1318 1711 1454 1767 aquarum
1481 1696 1552 1770 (lta.
1568 1715 1651 1766 xxxv,
1672 1700 1712 1771 6).
1727 1699 1762 1756 Et
1785 1701 1855 1759 mali

216 1791 258 1836 ter
270 1780 337 1837 illud
363 1782 494 1848 oeeurrit,
514 1781 581 1851 qnia
593 1794 685 1837 sermo
709 1781 889 1851 propheticus
900 1797 933 1838 ea
946 1798 1009 1854 oue
1059 1785 1170 1857 quidem
1192 1786 1268 1842 durii
1287 1796 1352 1843 suut
1370 1786 1446 1842 durii
1461 1796 1552 1856 terrae,
1575 1788 1640 1845 boni
1658 1798 1751 1847 annm
1772 1791 1854 1849 durii

215 1875 335 1946 quodam
348 1883 425 1931 certo
439 1883 562 1945 temporo
575 1881 691 1929 venturo
712 1874 754 1930 vel
768 1874 892 1931 iacienda
904 1885 1007 1947 essem,
1058 1892 1113 1934 non
1129 1863 1326 1950 suutejusdem
1343 1888 1432 1947 terrae,
1453 1880 1501 1936 sod
1517 1881 1609 1947 scissi,
1622 1881 1649 1937 id
1663 1892 1705 1938 est
1716 1898 1765 1954 per
1779 1885 1854 1941 diri·

213 1965 304 2035 magis
327 1965 458 2035 praeteriti
473 1964 605 2036 temporis
620 1965 733 2020 verbum
748 1965 834 2021 edixit
848 1983 856 2035 ;
871 1967 916 2023 illa
928 1983 1004 2035 tero,
1058 1967 1145 2023 sitam
1159 1969 1275 2039 gratiam
1288 1969 1345 2025 dati
1368 1977 1435 2025 sunt
1450 1978 1539 2026 terrae.
1560 1968 1714 2042 Utrumque
1726 1983 1853 2045 cteptunr

213 2074 276 2131 quae
290 2058 348 2115 lieri
362 2075 418 2114 non
437 2059 594 2115 desinerent
612 2058 742 2115 omnibns
755 2059 854 2115 dicbus
870 2074 958 2131 usqne
971 2061 1007 2117 atl
1056 2071 1098 2116 est
1110 2059 1168 2115 lieri
1192 2060 1322 2131 absonis
1342 2059 1508 2127 Jordauicis,
1524 2061 1560 2116 ab
1586 2061 1635 2117 illo
1654 2076 1768 2134 egressu
1793 2081 1853 2137 qno

213 2152 296 2210 linem
309 2151 413 2219 seculi,
426 2151 517 2208 uerbis
532 2149 619 2206 laturi
634 2150 765 2223 temporis
785 2153 946 2209 enuntiarit.
962 2150 1008 2210 Si·
1057 2150 1085 2205 in
1100 2151 1335 2221 specieeoluntbae
1346 2151 1466 2224 Spiritus
1476 2161 1590 2209 sanetm
1600 2152 1634 2209 ed
1644 2170 1737 2225 >aquas
1748 2154 1852 2213 lorda-

212 2242 324 2314 quidem
339 2250 369 2297 ut
383 2241 576 2312 predicatores
588 2255 654 2297 suos
665 2241 693 2295 in
706 2241 811 2296 mundo
822 2241 935 2299 baberet
948 2242 1006 2299 llo·
1056 2240 1102 2296 nis
1120 2257 1240 2313 opressus
1263 2250 1306 2298 est
1317 2258 1377 2296 cem
1390 2240 1497 2297 cbristo
1511 2257 1564 2299 suo
1578 2244 1607 2297 iu
1622 2243 1737 2300 ιιιιιιιιι
1756 2246 1852 2318 pop-tt

213 2335 316 2402 tainus,
330 2343 358 2390 et
377 2332 501 2389 loturum
522 2331 684 2404 praedicaret
702 2332 837 2404 indicium
862 2349 950 2406 usque
969 2335 1005 2392 nd
1055 2333 1110 2388 sul.
1126 2331 1233 2389 Exinde
1243 2348 1363 2404 namque
1375 2333 1460 2404 erepit
1472 2331 1553 2389 lesus
1565 2332 1694 2390 cbristus
1706 2335 1770 2406 elus
1781 2352 1850 2408 prae-

211 2427 294 2484 tinem
306 2427 411 2495 seculi,
423 2442 479 2482 non
490 2435 551 2482 erat
560 2424 732 2495 deleturum,
757 2434 784 2482 et
798 2427 902 2483 ideireo
913 2429 1004 2485 rerbis
1054 2424 1148 2479 (licere
1161 2425 1267 2494 publice
1280 2424 1484 2495 predicatione,
1496 2432 1524 2480 et
1537 2424 1565 2480 iu
1581 2425 1668 2495 digito
1680 2425 1728 2482 bet
1740 2426 1849 2486 daetno·

211 2515 298 2574 loturi
310 2516 442 2588 temporis
452 2515 560 2572 edixit:
582 2516 713 2573 docendos
734 2532 813 2588 saper
831 2533 910 2591 conor
931 2528 1003 2589 teor,
1054 2518 1099 2572 uria
1111 2516 1220 2587 eiicere.

209 2608 344 2664 suscitans
356 2606 499 2662 suscitabis
516 2622 610 2661 arcem
626 2616 712 2663 turra.
727 2603 865 2665 litantem
879 2609 909 2663 iu
926 2608 1004 2665 indr·
1089 2606 1191 2665 Taliter
1203 2622 1356 2681 egresstm,
1369 2609 1491 2664 omnent
1502 2616 1537 2675 tr,
1552 2608 1653 2680 inquit,
1667 2620 1781 2681 cqeaeet
1795 2613 1847 2668 do·

209 2699 305 2755 mitatc
314 2697 453 2769 passienis
467 2695 564 2753 lateret
575 2696 663 2754 virtus
677 2695 914 2768 Divinitntisep'us,
926 2707 1003 2755 certo
1053 2701 1160 2757 laterent
1175 2711 1287 2767 morta,
1300 2701 1328 2756 id
1342 2711 1386 2758 est
1396 2707 1584 2774 cognorerunt
1604 2712 1631 2756 te
1645 2702 1738 2774 populi
1755 2713 1782 2759 et
1802 2705 1847 2760 in·

208 2801 237 2848 et
253 2790 374 2862 quodam
388 2789 464 2846 brerl
478 2797 601 2861 tempore
624 2787 748 2849 loturum
761 2799 823 2847 erat
835 2809 843 2846 ε
857 2791 1002 2848 etidcirco
1052 2792 1181 2850 riderunt
1196 2792 1345 2864 principes.
1357 2790 1427 2848 llam
1441 2793 1530 2850 turbe
1542 2793 1655 2865 quidem
1664 2793 1845 2851 contresm-

208 2882 347 2954 prueterito
362 2881 579 2952 temporedixit:
596 2880 640 2936 ltt
651 2880 807 2937 abscondite
818 2892 858 2938 ert
869 2883 1000 2954 fortitudo
1053 2894 1108 2954 tur,
1124 2883 1255 2941 Pharisaei
1270 2893 1362 2941 autem
1375 2884 1504 2940 dicebant
1517 2902 1524 2939 :
1539 2903 1549 2935 r
1564 2884 1594 2939 ln
1605 2883 1759 2942 Beelzebub
1770 2887 1845 2957 prin·

207 2975 276 3044 rjus.
290 2972 423 3030 lliseretio
441 2973 500 3028 haeo
513 2972 610 3028 eadem
629 2971 686 3028 illic
704 2972 860 3029 evidentius
873 2982 998 3045 apparet,
1012 3011 1034 3069 c
1052 2978 1113 3049 cipe
1126 2976 1325 3033 demoniorum
1336 2975 1411 3046 ejicit
1420 2975 1555 3031 demonia
1569 2974 1680 3045 (dotti.
1695 2991 1745 3044 ru,
1757 2976 1841 3047 96).»

208 3067 255 3121 ubi
267 3068 301 3123 de
313 3067 441 3137 passione
451 3081 502 3121 sua
512 3064 629 3135 loquens
640 3067 779 3135 preterito
798 3073 923 3135 tempore
937 3066 996 3120 ait:
1053 3069 1194 3135 Viderunt,
1223 3068 1346 3139 inquam,
1369 3077 1393 3121 te
1414 3081 1502 3137 oque,
1524 3074 1550 3120 ct
1570 3065 1714 3120 άειεειιιιι
1727 3077 1841 3132 menter,

210 3179 220 3211 r
237 3158 376 3213 Foderunt
390 3173 491 3213 uranus
507 3171 583 3212 meas
604 3163 631 3211 et
648 3155 732 3225 pedes
745 3170 823 3211 meos
836 3155 924 3228 terat.
939 3172 997 3225 xri,
1049 3164 1115 3233 quis
1127 3162 1254 3219 exierunt
1266 3160 1378 3216 Christo
1392 3158 1558 3215 tuoobriam
1569 3158 1657 3214 turbae
1671 3173 1735 3214 eum
1751 3159 1842 3215 ranis

208 3248 263 3317 17),
278 3249 351 3318 quod
377 3247 463 3304 semel
489 3247 635 3317 oportebat
653 3245 722 3302 steri.
750 3246 855 3303 Futuro
877 3256 996 3305 auem:
1048 3254 1201 3325 palmarum
1224 3253 1301 3323 mum
1318 3250 1443 3306 hosanna
1457 3247 1671 3314 conclamantes,
1692 3247 1841 3305 etinride-

210 3362 219 3391 ι
237 3338 371 3404 Narrabo,
387 3340 487 3409 inorrit,
503 3353 602 3393 nomen
625 3346 703 3393 tuum
717 3336 851 3396 iratribus
873 3341 954 3407 meis,
969 3343 996 3397 iu
1049 3355 1114 3401 runt
1122 3345 1260 3416 principes
1270 3343 1445 3399 sacerdotum
1454 3348 1573 3396 mortem
1582 3339 1622 3394 illl
1630 3339 1840 3396 meminentes:

206 3430 299 3487 medio
311 3429 440 3488 Ecclesiae
457 3429 575 3485 laudubo
590 3439 618 3487 te
630 3429 721 3498 libid„
745 3431 802 3504 ιδ),
826 3432 900 3504 quod
924 3432 953 3488 llt
969 3442 998 3489 ει
1050 3453 1060 3487 ι
1081 3434 1198 3500 Videtis,
1210 3434 1274 3505 quia
1289 3432 1359 3487 nibil
1372 3430 1547 3502 proficimus3
1567 3445 1631 3486 ecoe
1651 3429 1774 3487 musdm
1794 3446 1840 3488 re·

206 3524 253 3580 tlet
270 3538 358 3595 usque
374 3521 408 3578 ad
426 3521 694 3578 consummationem
707 3522 812 3578 menti.
826 3518 997 3596 Quapropter
1046 3536 1092 3583 tus
1106 3535 1168 3596 post
1181 3541 1245 3580 eunt
1261 3522 1329 3579 abiit
1341 3521 1432 3593 (locu.
1444 3536 1496 3588 xm,
1515 3521 1593 3591 19).»
1610 3518 1753 3575 [letalium
1768 3535 1839 3591 qno

204 3618 298 3685 abeo,
314 3614 463 3687 qnodait:
487 3612 598 3669 Fluvios
623 3613 727 3668 corrues
753 3625 844 3684 terre,
873 3624 996 3687 repetere
1046 3614 1387 3687 libetinpsabuodietum
1402 3622 1468 3669 est:
1487 3612 1644 3684 «Concepit
1659 3612 1840 3677 doloremne

203 3711 280 3767 libet.
1045 3708 1151 3782 peperit
1161 3708 1333 3779 iniquitatem
1344 3703 1405 3776 (tot
1415 3720 1460 3771 tr,
1475 3704 1532 3775 55).
1544 3723 1555 3756 r
1569 3702 1603 3759 lit
1614 3720 1684 3774 cera
1694 3712 1722 3759 et
1735 3714 1838 3759 moues

234 3803 436 3861 *Verumtamen
448 3802 526 3874 prius
539 3816 680 3873 egressum
696 3801 786 3870 illum,
807 3802 842 3859 de
857 3817 915 3874 qno
937 3804 993 3860 ait:
1045 3799 1147 3871 pariter
1157 3798 1280 3854 uiderent
1291 3805 1327 3864 tr,
1338 3796 1411 3867 quod
1424 3794 1531 3851 seilicet
1543 3802 1572 3849 tu
1585 3809 1649 3849 cum
1663 3794 1712 3849 illo
1723 3792 1838 3851 Christo

203 3895 332 3967 Epretetrs
351 3911 378 3950 ει
399 3895 427 3949 iu
442 3895 555 3949 salutent
577 3893 669 3964 populi
683 3895 734 3962 tul,
759 3893 786 3947 ln
809 3894 922 3949 sulutem
933 3911 994 3950 cnm
1045 3901 1093 3948 tuo
1105 3906 1193 3959 esses,
1212 3898 1240 3946 et
1250 3889 1324 3960 quod
1345 3888 1391 3944 ille
1402 3902 1457 3943 non
1480 3886 1508 3941 iu
1526 3885 1690 3954 Beelzebub,
1701 3885 1750 3941 sed
1763 3886 1792 3941 in
1807 3895 1838 3944 te

202 3985 309 4043 dirimo
325 3995 370 4041 tuo
381 3985 558 4042 considerare
572 3986 606 4041 ad
618 3999 677 4041 rem
692 3994 854 4055 presentem
868 3987 993 4043 nourrilril
1044 3983 1129 4039 multa
1145 3983 1223 4054 signe
1236 3979 1355 4046 ίεειιεις
1369 3979 1418 4035 sod
1431 3993 1508 4049 eqeoe
1522 3976 1643 4033 riderent
1657 3991 1683 4031 te
1694 3986 1723 4032 et
1739 3975 1838 4032 lauda·

202 4080 311 4136 attinet.
337 4077 467 4151 Epresres
479 4095 517 4147 er,
534 4079 584 4146 ait,
603 4078 630 4133 id
649 4086 692 4133 εει
714 4079 865 4150 presentiae
882 4087 937 4134 tue
950 4079 993 4135 rel
1043 4082 1156 4142 rerunt;
1171 4084 1271 4128 orontes
1285 4082 1378 4126 autern
1390 4068 1548 4125 rideruutet
1559 4065 1724 4125 inviderunt.

200 4173 336 4229 adrentus
350 4173 431 4228 tuiad
444 4173 571 4228 immines
582 4170 660 4243 signa
672 4171 789 4228 risibilia
801 4172 911 4237 dedisti,
920 4171 993 4228 licus
1079 4165 1180 4221 Deinde
1201 4178 1295 4235 burdet
1320 4175 1452 4233 marm
1479 4159 1598 4215 “Wlffl-
1628 4156 1701 4225 Quid
1722 4157 1759 4212 5¹⁸5
1782 4157 1836 4214 ‘¹⁸5‘

201 4264 356 4323 irrisibilis.
373 4262 412 4319 lta
433 4279 552 4335 epreaatu
564 4277 592 4317 rr
601 4278 662 4317 eunt
674 4261 780 4319 liberto
792 4272 848 4317 tau.
860 4260 933 4333 Ergo
946 4264 991 4319 cui
1043 4275 1136 4332 perpes
1150 4271 1282 4328 αςιιιιιιει
1297 4254 1352 4311 ruisi
1375 4251 1513 4324 prolundtt
1535 4260 1564 4308 et
1584 4250 1715 4307 seditiosa
1727 4249 1834 4306 malitia

201 4360 260 4417 ltaec
272 4360 411 4426 dicuntur,
423 4358 529 4414 aliaest
541 4370 669 4427 persona,
684 4370 767 4426 quam
781 4358 840 4427 ipso
850 4353 989 4411 Christus.
1007 4344 1029 4401 ll
1041 4350 1217 4407 iudaeorum?
1228 4347 1349 4419 mnium
1357 4348 1430 4404 siem
1440 4346 1537 4403 turbas
1546 4345 1692 4415 illaeque
1704 4343 1834 4400 riderent

199 4451 257 4510 Nee
267 4468 333 4509 roro
347 4466 464 4522 persona
477 4449 570 4505 Putris
596 4448 642 4504 bic
660 4447 835 4520 intelligenda
857 4455 910 4513 est,
924 4449 991 4519 quia
1040 4452 1069 4500 et
1083 4444 1273 4509 laudaverunt,
1283 4440 1396 4496 nominc
1408 4452 1554 4510 aquarum
1565 4444 1593 4492 et
1602 4436 1677 4492 sieut
1687 4434 1834 4507 remilinus

199 4545 487 4616 videlicetpersonam
502 4541 576 4596 illam
589 4538 991 4610 exnominenullaseripturae
1040 4544 1070 4592 et
1095 4534 1255 4589 anrisaeos'
1275 4531 1387 4587 nomine
1410 4530 1546 4586 utentium
1573 4547 1580 4586 :
1610 4528 1647 4585 ita
1670 4525 1832 4595 concilium,

201 4638 352 4695 auctoritas
376 4634 460 4691 relect
484 4632 574 4690 taliter
588 4624 751 4703 apparuisse
765 4630 935 4696 bominibus,
959 4640 990 4687 ut
1040 4627 1115 4698 quod
1130 4625 1359 4694 illieolleperunt,
1376 4617 1744 4678 etbabltatoresleruseletn
1756 4625 1832 4673 reete

200 4735 317 4791 risibilia
335 4731 487 4803 praesentire
499 4744 557 4785 suae
567 4728 645 4799 signa
660 4730 804 4798 preberet.
826 4723 913 4782 Filius
928 4723 987 4792 ilci,
1041 4718 1219 4788 intelligimus
1245 4716 1356 4772 nomine
1371 4713 1488 4786 gurgitis
1501 4725 1658 4781 aquenum..
1673 4708 1742 4763 Nam
1765 4708 1833 4764 bitte

198 4825 272 4883 lleus
299 4823 455 4890 itrrisibilis,
468 4823 552 4879 bomo
566 4820 686 4877 risibilis
699 4818 787 4875 lactus
801 4827 853 4884 est,
874 4827 902 4873 et
924 4833 988 4873 cum
1039 4818 1082 4867 est
1107 4808 1182 4881 qnod
1194 4808 1266 4865 idem
1280 4805 1407 4863 cbristus
1422 4813 1488 4859 tuus
1499 4803 1557 4872 iam
1569 4801 1674 4858 dudum
1691 4814 1739 4871 per
1753 4798 1831 4853 Psal-

198 4919 260 4992 ipso
272 4918 364 4973 taliter
376 4924 487 4987 egresso
505 4912 625 4986 Spiritus
640 4919 753 4969 sanetus
765 4910 801 4966 ita
813 4924 933 4979 eprerrtu
946 4920 989 4967 εει
1039 4905 1149 4960 mistam
1172 4901 1292 4967 dicebat,
1308 4913 1390 4956 orans
1407 4912 1414 4949 :
1438 4914 1448 4950 r
1466 4893 1580 4951 surum
1607 4909 1651 4951 mc
1673 4891 1729 4957 lac.
1742 4890 1828 4956 Μή

197 5014 226 5070 iu
245 5012 359 5068 salutem
372 5007 462 5081 populi
477 5006 531 5075 sui,
547 5017 578 5061 ut
590 5003 699 5074 risibile
712 5003 790 5059 daret
811 5002 920 5074 siguum
939 5004 989 5059 nd·
1038 4998 1170 5069 cronium
1182 4996 1354 5051 intraretunt
1367 5006 1447 5062 aouae
1458 5003 1546 5060 usque
1554 4986 1589 5043 ad
1601 4986 1721 5042 animant
1736 4998 1828 5039 meam

196 5114 295 5161 vontus
312 5101 366 5159 sui,
391 5097 460 5155 llam
484 5105 513 5153 et
535 5094 721 5168 snperipsum
746 5093 888 5150 Christum
903 5109 986 5150 suum
1038 5092 1126 5165 (Psoi.
1145 5106 1250 5158 nxrtrt,
1267 5089 1337 5161 bl.»
1360 5086 1407 5142 lile
1431 5101 1526 5158 perpet
1548 5098 1680 5156 semi·
1706 5082 1828 5149 ‘mullis

196 5197 338 5255 descondit
351 5192 487 5265 corporali
504 5188 681 5262 speciesiont
703 5186 841 5253 columba,
854 5195 881 5242 et
903 5202 987 5258 super
1037 5185 1211 5249 subauditur,
1229 5196 1313 5253 super
1336 5179 1480 5236 Christum
1507 5185 1596 5233 tuum.
1621 5173 1751 5240 Transit,
1781 5174 1827 5229 in·

197 5291 346 5362 discipulos
372 5285 476 5345 Christi
496 5283 538 5339 sui
566 5279 694 5352 apparuit
712 5287 843 5349 tanquam
858 5277 940 5350 ignis,
958 5286 987 5334 et
1037 5292 1131 5350 quam,
1144 5276 1170 5331 id
1184 5283 1229 5332 est
1240 5274 1317 5331 renit
1327 5272 1451 5345 quidem,
1467 5271 1514 5328 sed
1527 5283 1583 5325 noa
1593 5267 1642 5324 diu
1661 5267 1764 5323 mansit
1778 5282 1828 5324 stt-

195 5398 279 5455 super
294 5382 418 5452 singulos
431 5392 527 5435 eorum
544 5375 624 5433 sedit.
636 5372 675 5430 ltn
689 5387 808 5445 cerasus
819 5380 860 5426 est
871 5370 987 5425 lurotu·
1036 5382 1085 5439 per
1112 5382 1188 5423 eum.
1211 5364 1428 5433 intraritusque
1444 5361 1478 5417 ad
1492 5360 1615 5416 arrimant
1637 5357 1709 5426 eius,
1730 5355 1758 5410 id
1782 5363 1827 5410 est

197 5484 249 5528 tuor
264 5472 355 5543 populi
368 5472 411 5529 sui
434 5488 495 5526 cum
517 5468 624 5527 Christo
639 5481 701 5533 suo,
719 5465 748 5521 id
769 5472 812 5520 est
825 5471 854 5518 ut
866 5463 985 5519 salvaret
1035 5458 1130 5514 undio
1157 5458 1246 5514 donec
1272 5456 1318 5511 ilie
1331 5461 1497 5510 moreretur.
1513 5449 1568 5506 Scri
1587 5447 1653 5519 quid
1678 5444 1826 5516 protinus!

196 5563 326 5633 populum
351 5579 413 5618 cum
436 5561 548 5618 Christo
575 5559 713 5615 salvatore
746 5564 852 5612 nostro.
889 5551 983 5610 Primo
1037 5550 1125 5616 Dedit,
1141 5551 1240 5621 iuquit,
1255 5549 1366 5618 cipum
1381 5561 1469 5602 rocem
1482 5560 1571 5610 recor,
1591 5539 1708 5596 altitudo
1727 5553 1825 5593 nanae

198 5669 309 5722 egressu
329 5656 404 5710 risus
427 5662 470 5711 est
484 5653 517 5708 ad
532 5666 619 5723 aquas
634 5647 777 5716 iordanis,
793 5646 839 5701 ubi
857 5646 983 5717 baptiza·
1035 5660 1097 5699 rues
1107 5644 1212 5711 lerant,
1225 5640 1265 5698 sol
1285 5650 1310 5696 ct
1329 5640 1534 5695 luncetetertutt
1548 5636 1577 5690 itt
1594 5631 1750 5693 habitaculo
1762 5645 1823 5685 era.
