3892 6067
229 111 300 168 tete
858 105 1011 164 ttttcun‘ts
1030 107 1202 166 PICle'ih'l
1790 107 1860 168 lb'lti

228 237 255 284 et
271 225 373 296 dirupti
387 221 478 293 laquei
498 219 676 278 clandestinae
691 218 866 292 cupiditatis,
885 220 1018 292 quoniam
1034 228 1056 284 Α
1070 231 1098 278 et
1109 222 1229 295 virgines
1243 238 1294 295 pro
1309 238 1392 280 serus
1406 220 1557 278 reverentia
1568 220 1861 283 confidentesdesoea·

228 321 314 376 abbas
331 323 358 371 in
374 315 450 369 nullo
465 313 601 385 penitusa
617 313 757 370 volontate
769 322 797 370 et
813 299 949 370 sentenda
976 329 1020 370 re-
1069 314 1167 371 derent
1181 315 1342 387 aliquando,
1358 325 1385 371 et
1399 330 1414 370 a
1429 314 1573 371 vilissimis
1593 315 1753 372 hominibus
1774 317 1860 374 deho-

228 413 269 482 gis
283 406 442 474 dediciebat;
457 420 550 462 comes
562 415 653 461 antem
667 406 772 476 judicio
783 407 856 477 regis
873 414 946 463 stare
958 422 1020 463 orn·
1070 415 1245 463 aestarentur
1270 417 1298 462 et
1320 405 1505 472 violarentur,
1535 414 1618 476 atque
1634 405 1745 475 injuriis
1765 408 1860 464 multis

227 500 295 555 nino
309 495 472 564 recusabat;
485 505 512 552 et
522 505 690 568 conquestus
708 496 836 566 estquod
858 495 943 552 abbas
965 496 1019 554 ho·
1068 496 1261 568 affligerentur,
1274 496 1361 553 Tanta
1375 498 1458 569 igitur
1472 496 1634 553 necessitate
1645 497 1733 552 eoacti
1745 497 1861 554 descen-

227 594 329 649 nurnero
351 605 434 648 suum
458 596 568 659 captum
594 598 706 645 teneret.
726 587 901 659 llequisitus,
915 604 1018 660 quem:
1068 589 1168 645 derunt
1179 590 1230 661 ipsi
1247 587 1347 646 iratres
1360 590 1394 645 ad
1407 587 1586 644 hauriendam
1599 603 1712 657 aquam,
1729 596 1756 642 et
1773 588 1806 643 ad
1822 589 1862 644 le-

149 729 151 732 ,
227 683 388 755 respoudit:
408 700 418 733 r
437 681 576 737 Andrean
595 680 629 737 de
644 679 756 736 Palude.
777 699 787 732 r
805 678 839 737 Et
852 681 891 736 ait
907 679 1017 738 abbas:
1069 680 1155 751 genda
1175 679 1248 734 olera
1259 697 1267 746 ;
1279 679 1326 734 sed
1340 687 1365 734 et
1380 679 1456 748 ipsos
1473 675 1582 746 injuriis
1600 674 1711 731 allectos
1725 676 1863 746 spoliave-

231 774 377 831 ‹dodreas
392 773 426 830 de
442 771 545 827 Paludc
560 771 628 826 nibil
643 770 757 827 omnino
772 771 805 827 ad
818 780 844 828 te
858 773 1017 843 pertinens,
1067 777 1143 835 runt,
1157 786 1208 826 neo
1223 770 1369 825 utilitatem
1393 781 1565 838 paratorum,
1587 781 1635 822 seu
1660 765 1861 822 inhabilitatem

228 879 307 920 meus
323 871 366 920 est
385 878 401 918 a
420 862 513 934 planta
535 861 613 931 pedis
626 875 715 931 usque
734 861 769 916 ad
792 861 932 930 verticem,
948 864 1020 920 sicut
1068 861 1179 917 habitus
1204 860 1321 933 pannosi
1342 857 1469 931 garciferi
1494 856 1672 912 erubuerunt.
1702 855 1862 927 Stephanus

226 953 357 1025 proprius
383 969 480 1010 servus
510 951 668 1009 monasterii
699 950 862 1008 vizeliac.»
892 951 1020 1024 Dixitque
1068 969 1179 1026 quoque
1202 952 1237 1009 de
1261 951 1370 1007 Beliace
1396 958 1508 1020 accepta
1541 964 1556 1003 a
1586 946 1715 1003 iratribus
1741 949 1863 1018 munia

228 1060 335 1100 comes:
346 1065 355 1096 r
366 1043 561 1100 Conditionem
581 1043 722 1099 servitutis
734 1043 818 1114 hujus
832 1043 956 1100 Andreas
968 1045 1020 1099 mi·
1068 1046 1283 1116 quingentorum
1311 1042 1475 1106 solidorum,
1499 1047 1527 1095 et
1543 1038 1647 1110 piperis
1667 1054 1700 1094 ac
1713 1054 1785 1095 cerae
1802 1055 1862 1096 non

227 1135 304 1190 nime
333 1134 386 1190 nisi
409 1135 688 1204 eoactuscognoscit.
708 1154 718 1188 n
737 1135 888 1207 Respondit
911 1139 1017 1195 abbas:
1069 1136 1176 1194 modica
1186 1135 1483 1209 quantitate,egressus
1497 1132 1626 1203 pergebat
1638 1131 1672 1187 ad
1686 1130 1863 1189 abbatemet>

230 1245 240 1279 r
259 1224 329 1282 Eece
340 1240 423 1295 super
434 1225 489 1282 hoo
505 1225 588 1281 etiam
604 1235 665 1282 asto
683 1227 790 1299 judicio
802 1229 883 1302 regiae
894 1231 988 1287 curie.
1006 1250 1016 1284 a
1069 1234 1193 1297 tempore
1205 1226 1278 1296 apud
1295 1223 1396 1279 villare
1419 1221 1617 1279 monasterium
1631 1235 1862 1290 commorantem,

225 1319 263 1375 Et
283 1318 413 1380 dixerunt
432 1319 577 1390 optimates
598 1327 626 1375 et
644 1320 794 1377 consiliarii
817 1322 913 1392 regis:
932 1340 942 1375 r
959 1321 1019 1379 llos
1068 1327 1096 1374 ct
1120 1317 1235 1374 iusidias
1250 1316 1358 1372 comitis
1372 1314 1567 1369 declinantem.
1582 1312 1707 1383 Cumque
1726 1314 1863 1370 satellites

226 1408 312 1479 regie
331 1409 416 1465 curiae
429 1409 492 1466 talis
502 1418 545 1466 est
557 1410 632 1482 quod
647 1411 672 1467 si
686 1414 748 1483 quis
762 1413 795 1466 de
814 1412 907 1469 servili
921 1414 1019 1470 condi·
1068 1409 1176 1466 comitis
1187 1415 1330 1477 suspectos
1345 1406 1458 1462 haberet
1470 1403 1635 1474 Stephanus,
1647 1412 1789 1475 assumpto
1805 1404 1863 1461 ira·
1932 1405 1933 1472 ἰ

226 1498 303 1554 tione
317 1498 353 1554 ab
365 1498 420 1555 alio
434 1498 625 1570 interpellatus
640 1500 733 1569 luerit,
761 1502 831 1558 liber
851 1518 867 1559 a
888 1519 938 1560 suo
953 1519 1019 1575 pos·
1069 1510 1110 1557 tre
1121 1515 1173 1556 suo
1186 1499 1272 1554 milite
1281 1496 1408 1554 circuivit
1418 1511 1466 1567 per
1474 1495 1553 1551 devia
1562 1496 1668 1551 etrenit
1677 1496 1705 1550 in
1717 1494 1862 1562 Poseium,

228 1604 337 1647 sessore
354 1590 522 1661 producatur
545 1591 572 1646 in
592 1591 722 1649 medium.
740 1592 794 1660 Qui
813 1593 836 1649 si
856 1609 936 1651 suum
952 1610 1019 1665 pos·
1034 1573 1056 1628 ¹³
1070 1590 1211 1648 conlidens
1224 1590 1258 1645 de
1269 1590 1408 1646 conductu
1424 1586 1565 1644 Guiilehni
1580 1586 1720 1658 praepositi
1741 1587 1864 1644 hroien·

228 1696 365 1738 sessorem
384 1682 474 1737 solum
495 1681 638 1738 dominum
660 1698 741 1739 suurn
758 1685 958 1755 recognoverit,
973 1700 1020 1742 ea·
1070 1684 1119 1750 sis,
1136 1682 1184 1753 qui
1199 1696 1324 1737 sororem
1339 1680 1415 1736 iliius
1440 1678 1469 1734 in
1493 1693 1609 1734 uxorem
1632 1678 1759 1735 duxerat
1786 1678 1864 1737 Sane

227 1767 377 1823 lumniator
390 1768 438 1824 lite
453 1768 544 1825 soluta
556 1771 660 1827 nihilin
671 1786 704 1828 eo
715 1773 834 1828 habebit.
846 1771 875 1829 Si
886 1784 978 1831 autern
990 1792 1020 1832 se
1070 1773 1189 1845 proditio
1206 1772 1308 1844 pictate.
1331 1768 1475 1842 sanguinis
1496 1784 1694 1840 nonnunquam
1724 1771 1861 1827 abutitur.

228 1875 339 1914 serrum
355 1860 565 1917 calumniatoris
587 1861 698 1929 dixerit,
717 1864 808 1920 nodus
822 1865 899 1921 cedet
915 1866 943 1921 in
960 1882 1021 1937 par·
1070 1864 1224 1921 decedente
1248 1878 1369 1933 namque
1394 1861 1481 1916 milite
1496 1875 1511 1915 a
1529 1858 1612 1916 fratre
1635 1861 1762 1930 protinus
1784 1862 1865 1918 misit

227 1960 282 2005 tem
300 1951 527 2019 calumniatoris;
552 1966 598 2008 res
616 1963 707 2009 autem
733 1954 808 2011 illius
826 1965 881 2010 tam
902 1958 1020 2014 mobiles
1070 1950 1865 2026 GoillelmuspraepositushroierrsisGuillelmumdeLsn·

227 2057 311 2113 quam
336 2041 493 2099 immobiles
514 2041 658 2099 universas
681 2044 756 2100 nudo
782 2046 879 2103 relicto
903 2063 1020 2118 corpore
1069 2049 1145 2116 sech,
1164 2047 1212 2119 qui
1232 2046 1374 2103 insecutus
1388 2053 1431 2098 cst
1455 2041 1600 2098 abeuntem
1624 2041 1810 2114 Stephanum,
1837 2051 1866 2098 et

227 2148 373 2203 possessor
386 2132 544 2204 occupabit.
562 2152 572 2185 n
588 2132 740 2205 Respondit
754 2135 859 2192 abbas:
876 2156 886 2188 r
903 2136 960 2194 lloc
977 2139 1020 2210 ju·
1070 2139 1182 2196 abstulit
1197 2138 1276 2194 abeo
1290 2134 1447 2208 pecuniam,
1462 2143 1490 2189 et
1504 2148 1602 2205 equos,
1613 2143 1641 2189 et
1655 2134 1785 2190 universa
1802 2149 1866 2205 qoae

226 2224 366 2280 diciumet
375 2226 448 2280 laune
460 2240 565 2282 morem
578 2224 661 2281 laudo
672 2235 699 2281 et
710 2227 827 2283 libenter
838 2229 1016 2286 obsecrabo·
1068 2233 1220 2292 deferebat.
1251 2229 1389 2285 Reversus
1412 2241 1478 2297 ergo
1505 2223 1662 2297 Stephanus
1685 2225 1804 2282 accessit
1830 2226 1866 2280 td

228 2313 306 2371 Tune
319 2313 453 2371 contusus
465 2330 558 2372 eomes
571 2317 658 2372 roiuit
671 2318 847 2388 ignominiam
863 2335 952 2376 cause
962 2337 1021 2376 sue
1069 2324 1144 2381 ldam
1159 2330 1276 2378 matrem
1294 2318 1415 2384 comitis,
1432 2325 1460 2373 et
1483 2317 1562 2389 petiit
1585 2332 1619 2373 ex
1645 2329 1723 2388 parte
1744 2318 1823 2389 regis
1836 2333 1867 2372 m

227 2408 256 2462 in
271 2407 396 2463 abbatem
413 2404 574 2472 refundere,
589 2417 616 2462 et
637 2409 779 2479 proposuit
799 2410 964 2467 calumniam
986 2412 1020 2468 de
1070 2416 1161 2474 ablata
1176 2414 1229 2471 sibi
1254 2411 1476 2477 restituerentur,
1492 2408 1622 2481 quoniam
1641 2418 1741 2464 cuncta
1755 2419 1866 2479 speeta-

226 2498 369 2568 proditore
385 2497 432 2554 illo
445 2498 609 2566 Guillelmo,
630 2499 677 2571 qui
701 2501 785 2571 digno
805 2500 916 2557 interito
932 2503 1021 2573 perie-
1069 2509 1136 2565 bant
1148 2507 1184 2564 ad
1196 2506 1310 2563 domum
1327 2503 1445 2562 villariis
1461 2500 1633 2569 monasterii,
1651 2516 1714 2573 nuce
1730 2499 1866 2557 indomi-

227 2598 282 2656 rat‚
296 2590 391 2645 dicens
407 2590 576 2645 monachum
590 2591 638 2661 qui
661 2591 689 2646 in
713 2607 762 2647 sua
776 2593 859 2649 tutela
874 2594 1018 2663 existebat,
1070 2599 1180 2656 natione
1205 2607 1234 2654 et
1256 2596 1340 2653 tutela
1368 2594 1443 2667 regis
1465 2593 1609 2650 existebat.
1630 2590 1667 2646 dt
1689 2591 1738 2647 ilia
1761 2607 1866 2648 nomen

227 2691 362 2753 precepto
383 2683 492 2738 abbatis
514 2683 600 2740 luisse
618 2686 822 2757 interemptum.
838 2686 873 2743 lit
882 2690 1020 2745 exclama·
1070 2692 1143 2763 regis
1155 2704 1298 2761 spernens,
1319 2697 1347 2744 et
1363 2685 1563 2744 monasterium
1579 2682 1778 2740 vizeliacensis
1790 2684 1868 2755 qnod
1932 2747 1933 2764 χ

226 2775 267 2827 vit
282 2773 372 2829 ononis
393 2773 470 2829 curia
486 2774 618 2832 adversus
642 2787 697 2832 tarn
722 2780 896 2849 insipientem
920 2794 948 2837 et
971 2798 1020 2839 ne·
1069 2781 1169 2839 erat-in
1179 2779 1352 2853 protectione
1367 2793 1417 2835 sua
1438 2775 1597 2842 esurisset,
1612 2774 1827 2832 abadrersario
1840 2787 1870 2832 et
1932 2845 1933 2850 η

227 2863 389 2933 quissimam
415 2863 584 2920 calumniam
611 2869 734 2935 comitis;
758 2870 882 2942 dixitque
913 2873 1017 2929 abbas:
1033 2901 1055 2959 c
1071 2872 1120 2929 tilii
1132 2871 1175 2928 sui
1186 2869 1338 2942 depraedari
1349 2870 1533 2940 praetendens,
1548 2867 1593 2922 vix
1608 2867 1739 2937 precibus
1759 2867 1871 2924 ιωίω-
1932 2941 1933 2944 ¹

227 2951 432 3008 Lieetomnino
460 2952 530 3009 lalsa
557 2955 592 3011 sit
616 2958 758 3027 proposita
779 2960 929 3027 calumnia,
950 2960 1018 3017 nihii
1070 2980 1133 3022 rum
1148 2962 1280 3035 Stephani
1294 2962 1413 3029 devicta,
1428 2975 1514 3032 equos
1527 2968 1555 3015 et
1574 2958 1872 3030 partemoeraejossit
1932 2947 1933 2992 Ὗ

228 3053 319 3099 tannen
334 3045 432 3100 exinde
448 3046 496 3102 tibi
508 3061 693 3118 responsurus
712 3066 783 3107 sum.
808 3051 878 3107 Cum
893 3067 957 3124 ergo
971 3069 1019 3110 co-
1069 3057 1194 3113 reddere.
1209 3053 1244 3111 Et
1256 3053 1382 3126 pervenit
1402 3052 1518 3108 verbum
1544 3049 1619 3106 istud
1633 3048 1667 3105 ad
1683 3064 1770 3107 aures
1786 3048 1871 3103 Viae-
1932 3043 1933 3064 ¹

227 3137 366 3206 gnovisset
390 3150 437 3191 rex
460 3136 494 3193 de
521 3140 627 3207 pseudo
650 3142 697 3197 illo
717 3143 907 3210 monacham
932 3143 1021 3202 risum
1068 3145 1254 3212 liaeensium,
1280 3151 1308 3202 et
1328 3141 1495 3199 consternati
1512 3148 1577 3197 sunt
1594 3140 1699 3206 animo,
1718 3148 1870 3211 paternam
1932 3137 1933 3146 ’

228 3227 345 3281 multum
360 3242 508 3293 excussus,
530 3230 569 3286 ait
582 3233 677 3288 comiti
695 3251 702 3289 :
723 3252 733 3284 r
749 3233 856 3305 Ergone
869 3237 939 3293 tales
954 3247 1020 3294 sunt
1070 3240 1158 3311 magis
1168 3236 1290 3307 inopiam
1300 3250 1383 3306 quam
1396 3233 1536 3305 propriam
1552 3232 1683 3288 dedentes
1693 3246 1869 3289 aerumnam.

227 3317 356 3369 monachi
372 3317 449 3370 tuiln
465 3318 591 3388 Cumque
602 3321 714 3376 modum
728 3332 755 3377 et
771 3337 881 3378 causam
892 3324 1019 3385 interitus
1069 3332 1104 3388 Et
1127 3332 1217 3388 taetus
1242 3338 1285 3385 est
1305 3342 1411 3395 rumor,
1426 3326 1499 3397 quod
1524 3324 1700 3396 precepisset
1712 3338 1824 3393 eomes,
1837 3336 1871 3381 ut

227 3405 326 3474 perditi
354 3407 474 3464 hominis
501 3409 633 3478 audisset,
657 3412 757 3469 iterum
775 3415 970 3476 subsannando
991 3430 1019 3479 et
1069 3424 1193 3482 seniores
1214 3431 1243 3479 et
1263 3419 1432 3492 potentiores
1456 3417 1548 3489 populi
1573 3413 1774 3470 vizeliacensis
1790 3431 1872 3471 oom-

227 3495 440 3567 i‘dimidiando
454 3500 515 3554 ait:
533 3520 543 3552 r
560 3498 583 3556 0
593 3502 686 3572 justus
703 3514 730 3560 et
745 3515 902 3576 competens
915 3511 1019 3569 clamor
1068 3518 1315 3592 prehenderentur,
1337 3520 1365 3568 et
1387 3512 1461 3566 bona
1487 3523 1582 3565 eorum
1611 3506 1806 3576 diriperentur
1824 3507 1871 3560 rel

226 3588 353 3643 comitis!
370 3591 586 3659 oprosequenda
604 3591 742 3649 calumnia
759 3597 923 3654 nobilissimi
940 3602 1018 3672 prin·
1069 3609 1296 3667 confiscarentur.
1312 3601 1364 3670 Qui
1387 3599 1528 3672 perterriti
1553 3604 1717 3668 receperunt
1736 3611 1771 3654 se
1793 3594 1870 3651 inira
1932 3665 1933 3668 Ἴ

227 3680 394 3752 cipislquid
418 3697 501 3752 super
517 3683 570 3739 hoc
584 3686 894 3759 expostulatlproditor
921 3707 1018 3751 mona·
1069 3703 1188 3759 claustra
1209 3693 1381 3754 monasterii.

227 3775 297 3829 ehns
307 3784 387 3830 terrm
399 3790 511 3846 corpus,
527 3777 638 3834 diabolo
653 3779 772 3835 animam
788 3782 914 3838 exsolvit.
931 3802 941 3836 a

1102 3790 1191 3847 ribbos
1216 3787 1387 3844 Bellonesum
1412 3798 1498 3853 regem
1521 3780 1596 3848 odit,
1614 3788 1811 3850 conquestum
1836 3781 1872 3833 de

264 3866 376 3921 interim
388 3877 486 3923 terrorn
505 3867 630 3924 Viselioc.
644 3869 1016 3945 predaturllrtpohetordus.
1067 3883 1165 3955 pmii,
1182 3879 1318 3936 acuminis
1331 3873 1490 3932 satellitibus
1505 3871 1582 3926 notis.
1599 3870 1761 3926 capiendus
1782 3871 1872 3942 igitur

227 3956 297 4013 hum
313 3959 372 4014 hec
384 3960 457 4030 apud
477 3959 612 4017 lloretum
636 3971 765 4034 aguntur,
781 3962 1016 4035 liogohctardus,
1068 3973 1236 4046 pupliporis,
1267 3968 1315 4040 qui
1346 3973 1409 4036 post
1433 3962 1558 4019 Gitonem
1575 3959 1695 4029 primum
1714 3958 1814 4014 locum
1842 3959 1872 4013 in

227 4051 378 4120 assumptis
390 4051 553 4108 satellitibus
566 4054 686 4120 comitis,
701 4055 843 4126 ingressus
857 4065 899 4113 est
912 4069 1015 4115 terram
1069 4063 1196 4122 coennhin
1208 4060 1339 4117 vizeliac.
1354 4065 1420 4112 tunc
1435 4053 1586 4120 obtinebat,
1598 4050 1711 4122 scripsit
1723 4066 1794 4105 oum
1811 4050 1874 4105 ln·

230 4137 615 4211 ⁸⁷⁵²⁰¹⁵³⁰⁰¹¹⁵³⁹¹¹¹⁰¹¹³⁵¹0l512
640 4154 668 4201 0²
687 4144 752 4202 fecii
774 4147 874 4203 i'ussam
895 4150 1014 4219 diffidam
1069 4159 1157 4215 tribus
1180 4157 1239 4213 suis
1253 4151 1356 4219 abbati,
1374 4148 1533 4220 significans
1547 4144 1571 4202 ei
1586 4152 1689 4215 quanta
1713 4142 1875 4198 afflictione

227 4228 342 4284 ¹¹¹⁰¹¹²¹¹¹
361 4230 445 4288 ”³¹¹¹ss
466 4243 653 4291 ”menmium
672 4245 700 4292 ⁰²
723 4253 864 4309 leffium,
881 4241 1018 4311 Vdfiaetlsse
1033 4245 1097 4306 Det
1115 4246 1281 4306 contritione
1295 4258 1311 4298 a
1326 4238 1489 4297 satellitibus
1508 4236 1615 4294 comitis
1635 4232 1771 4305 oppidum
1786 4232 1862 4289 Viae

1068 4338 1130 4396 liaci
1146 4335 1325 4393 obsideretur.
1342 4331 1421 4387 Tune
1439 4330 1525 4385 abbas
1543 4326 1617 4382 venit
1632 4324 1798 4390 Belcacum,
1813 4341 1878 4397 quo

1067 4444 1115 4485 rex
1135 4424 1203 4480 lnrtc
1216 4430 1382 4480 convenerat
1393 4434 1457 4477 cum
1472 4415 1647 4473 multitudine
1662 4413 1878 4485 cpiscoporum

227 4321 417 4392 supellectilis,
430 4333 458 4380 et
471 4325 553 4380 etiam
568 4325 667 4383 iniecta
679 4330 753 4385 coria
766 4332 1015 4388 mansionariorum

227 4406 262 4464 de
274 4423 355 4464 eoeno
371 4411 520 4468 extrahens
543 4415 680 4484 distraxit,
706 4429 733 4474 et
754 4421 897 4489 pecuniam
914 4420 1017 4478 dacen-

225 4509 329 4568 tarum,
352 4517 440 4574 eoque
461 4505 733 4577 amplios'ttbrarum
754 4525 788 4566 ex
809 4512 936 4567 omnibus
950 4528 1016 4569 con·

227 4589 302 4648 lecit.
316 4594 350 4648 Et
369 4597 522 4653 ascendens
538 4587 727 4671 clamavitper
738 4616 891 4670 preconem
905 4602 932 4657 in
943 4602 1015 4669 toro,

227 4686 300 4757 quod
316 4687 339 4741 si
352 4687 416 4757 quis
428 4689 575 4757 cujuslibet
594 4691 761 4748 conditionis
774 4693 902 4764 deinceps
913 4694 1015 4766 aliquid

226 4776 324 4833 venale
343 4777 454 4834 alierret
467 4780 539 4834 inira
557 4783 688 4854 oppidum
707 4782 886 4840 l'izeliacivel
900 4786 1014 4841 inomni

227 4869 347 4926 conlinio
374 4870 453 4941 ejus,
480 4873 617 4929 honorum
642 4890 756 4932 suorum
780 4877 968 4944 amissionem,
988 4889 1016 4934 et

226 4959 331 5031 proprii
355 4963 479 5033 corporis
505 4963 634 5035 injuriam
653 4965 696 5021 vel
713 4967 897 5036 captivitatem
920 4969 1014 5024 ineur-

227 5060 329 5106 rerent.
345 5049 495 5109 Transaeta
511 5053 629 5125 denique
639 5055 789 5126 septimana
802 5055 915 5114 Pascha
924 5059 1015 5129 posuit

227 5142 416 5213 nequissimos
433 5145 518 5215 viros,
530 5150 628 5218 etipsa
643 5148 736 5219 inopia
751 5150 894 5221 predones
912 5151 1015 5205 acerri-

226 5248 289 5290 mos
310 5233 358 5305 qui
379 5236 502 5308 singulos
522 5237 810 5308 aditusohservareut,
823 5241 1014 5312 nequisriro·

227 5339 290 5379 rum
303 5333 351 5380 aut
365 5327 522 5396 mulierum,
542 5330 718 5399 parvulorum
729 5331 771 5386 vel
791 5347 887 5388 senum
910 5346 1013 5401 praesu·

227 5422 314 5469 rueret
332 5415 497 5473 descendere
514 5420 547 5472 ad
573 5417 751 5476 hauriendam
777 5437 888 5490 aquam,
908 5435 955 5477 seu
978 5421 1012 5477 ad

229 5503 384 5562 tradendum
407 5508 537 5565 triticum.
565 5509 641 5568 Unde
659 5511 817 5569 factumest
835 5523 863 5568 ut
880 5522 1012 5569 matronae

1067 4526 1094 4573 et
1111 4516 1273 4587 optimatum
1288 4528 1413 4570 suorum.
1435 4510 1469 4566 llt
1485 4524 1551 4581 crgo
1569 4505 1697 4578 cognorit
1716 4520 1771 4561 rex
1791 4507 1880 4562 mala

1067 4624 1128 4680 qnae
1143 4605 1323 4663 Viaeliaccnsi
1344 4602 1512 4659 monasterio
1526 4599 1805 4657 Guillelmuscornes
1825 4597 1881 4654 Ni-

1066 4698 1210 4756 vernensis
1227 4696 1367 4760 intulerat,
1381 4694 1532 4765 assignavit
1545 4693 1571 4747 ei
1585 4691 1657 4747 diem
1678 4689 1787 4760 agendi
1803 4706 1882 4747 eun

1066 4790 1164 4847 abbate
1177 4804 1270 4844 coram
1285 4803 1315 4844 se
1326 4783 1633 4842 dureliarrishominica
1651 4795 1714 4852 quae
1727 4785 1882 4850 praecedit

1065 4880 1263 4946 Pentecosten;
1280 4879 1318 4933 ita
1334 4886 1426 4933 tamen
1439 4885 1469 4931 ot
1484 4876 1536 4932 sibi
1549 4877 1668 4946 primum
1682 4872 1882 4932 satisfaceret

1065 4971 1099 5027 de
1120 4976 1276 5040 contemptu
1299 4977 1326 5024 et
1347 4966 1565 5038 transgressione
1582 4962 1703 5020 mandati
1729 4965 1799 5034 sui,
1814 4981 1883 5021 nno

1066 5061 1217 5119 casterium
1235 5058 1381 5144 praelatum
1392 5066 1456 5129 post
1467 5056 1679 5128 prohibitionem
1699 5068 1793 5114 suam
1811 5074 1883 5131 pen-

1066 5149 1215 5222 sequendo.
1241 5147 1275 5206 Et
1300 5157 1411 5219 accepto
1427 5147 1489 5214 dic,
1505 5146 1664 5217 indignatus
1692 5153 1742 5201 est
1771 5162 1882 5205 com

1066 5243 1153 5312 raldo,
1167 5253 1195 5298 et
1205 5240 1317 5298 recessit
1336 5256 1399 5296 cum
1413 5239 1628 5295 comminatione
1643 5236 1745 5293 multa.
1761 5240 1882 5299 Aee&-

1065 5335 1156 5404 sitque
1170 5333 1255 5389 abbas
1266 5332 1300 5388 ad
1313 5332 1411 5388 ducent
1425 5329 1602 5404 Burgundio,
1626 5343 1731 5401 rogans
1749 5344 1833 5388 eum
1850 5344 1884 5388 ut

1065 5422 1186 5480 obsessis
1195 5436 1275 5492 opem
1286 5419 1533 5491 ferredignaretur.
1540 5416 1672 5473 Protinus
1685 5417 1735 5473 ilie
1749 5422 1884 5495 scripsit
1932 5417 1933 5434 ³

1065 5513 1205 5571 Guntardo
1220 5512 1363 5584 preposito
1376 5509 1553 5578 avalonensi,
1568 5509 1734 5581 praeripiens
1744 5511 1779 5566 ei
1800 5531 1881 5586 qus.
