3892 6067
158 250 234 363 'ibi-
658 296 834 355 clinnum
853 295 1048 354 ennrostrt
1065 293 1341 357 amedeusreno.
1752 294 1806 353 m

164 414 304 487 paradiso,
319 423 401 488 prout
411 415 469 488 ipsc
482 412 591 470 dixerat
603 413 718 472 latroni:
739 412 841 471 «Hodie
851 428 961 470 meeum
976 417 1000 473 A
1013 418 1121 466 matum
1140 410 1174 466 in
1196 424 1322 480 corpore.
1335 405 1398 463 lion
1420 405 1493 463 enlm
1516 404 1580 464 talis
1595 415 1638 463 cst
1649 406 1806 479 coagulatio

165 507 221 571 eris
233 505 267 563 in·
279 507 408 578 paradiso
426 504 504 578 (Luc.
518 522 600 573 xxrrt,
614 506 661 579 li)
680 525 704 572 3·
729 505 961 572 intellectualiter,
1013 501 1086 558 inter
1101 501 1261 559 induentem
1274 509 1303 558 ct
1324 499 1512 557 indumentum
1529 499 1572 555 rel
1587 499 1658 554 inter
1676 497 1806 555 accidens

165 605 197 651 nt
210 596 274 651 item
289 594 328 661 ait
342 594 447 651 :scaro
460 611 516 651 narr
531 595 644 667 prodest
653 596 805 669 quidquam
818 593 911 667 (loun.
922 591 971 661 rr,
1013 594 1140 665 corporis
1152 605 1180 650 ct
1193 608 1304 664 corpus,
1318 601 1349 650 ut
1364 608 1419 650 non
1434 592 1523 663 possit
1536 591 1580 647 rcl
1593 598 1654 647 actu
1671 591 1715 647 rei
1727 590 1807 647 intel·

165 683 223 756 ot).
238 704 248 737 r
264 683 336 741 Caro
348 685 474 751 uidelicet
488 687 529 743 sie
540 687 677 744 intellectu
692 687 752 745 sine
764 685 875 758 spiritu,
891 687 964 744 sicut
1013 685 1086 743 lectu
1096 687 1230 757 separari.
1239 685 1365 743 cbristus
1379 695 1470 742 summ
1483 685 1620 757 perlectus
1632 684 1704 741 Deus
1720 685 1808 741 idcnr·

165 777 358 847 intellexerant
372 795 434 836 eam
449 779 499 847 illi,
514 782 561 852 qni
576 781 723 838 dixerant:
739 779 900 848 «Quomodo
912 796 963 853 po·
1014 793 1068 851 que
1085 777 1222 850 perlaetus
1236 778 1320 834 bomo
1334 776 1589 847 nullodisjungitur
1600 777 1642 833 vel
1653 776 1754 833 actuali
1763 776 1808 835 rol

165 866 961 953 teatliicnobiscurncmsuarndureadmanducundomir
1014 871 1190 928 intellectuali
1204 870 1333 937 diuortio,
1356 869 1489 940 qnoniam
1515 868 1577 926 duae
1591 877 1698 926 naturae
1721 868 1809 940 ipsius

166 960 264 1033 (ltin,
282 964 342 1035 53.)
361 963 396 1020 m
407 964 517 1036 quidem
529 981 604 1033 curo,
617 965 651 1022 dc
661 981 716 1037 qna
733 974 799 1022 tunc
820 966 961 1038 agebatur,
1015 963 1053 1019 ita
1066 964 1093 1020 ia
1106 979 1189 1019 unum
1204 977 1362 1034 personam,
1376 962 1404 1017 in
1417 977 1503 1019 unum
1517 962 1662 1029 electrum,
1675 962 1702 1017 in
1721 977 1809 1018 unum

167 1061 285 1124 utroque
308 1054 411 1125 Spiritu
424 1065 482 1113 crat
495 1056 585 1126 plena,
605 1058 728 1114 humano
742 1058 848 1115 scilieet
865 1046 898 1115 ae
918 1058 962 1115 di·
1014 1054 1187 1122 Emmauucl,
1211 1056 1241 1111 in
1263 1070 1350 1110 unum
1373 1063 1494 1111 montem
1516 1054 1667 1126 coagulata
1685 1063 1763 1123 sunt,
1777 1062 1812 1112 ut

167 1146 243 1214 virro,
258 1148 306 1204 sed
321 1148 576 1206 intellectu-eorum
598 1149 640 1208 sir.
659 1150 742 1207 tutta
761 1150 865 1221 spiritu
884 1167 964 1222 sepa-
1015 1147 1117 1211 omnis,
1131 1147 1179 1218 qut
1193 1145 1376 1218 disjungendo
1395 1161 1583 1217 casperrerso
1595 1146 1733 1203 intellectu
1750 1148 1809 1204 sol-

167 1244 239 1305 rata,
254 1247 285 1295 ut
304 1242 380 1297 reiut
398 1241 510 1312 pecudis
528 1256 594 1297 curo
611 1251 719 1298 mortua
737 1252 884 1313 putaretur
901 1242 965 1299 olle
1014 1238 1171 1307 vitiosum,
1185 1237 1364 1295 denuntietur
1376 1236 1508 1294 aloanne
1520 1238 1716 1308 apostolnccsc
1729 1239 1807 1294 riuti·

167 1323 253 1380 rcnda
275 1324 315 1381 eis
338 1326 372 1382 ad
397 1327 632 1395 nrurrdncandum,
659 1343 722 1384 cnm
747 1327 887 1385 diceretur
902 1328 963 1385 eis:
1015 1328 1148 1385 cbristus.
1164 1346 1173 1380 t
1190 1327 1297 1395 Omnis,
1323 1327 1481 1398 ›ioquin‹
1509 1325 1642 1398 Spiritus,
1657 1328 1706 1398 qni
1729 1328 1814 1383 soluit

172 1406 244 1473 aliisi
256 1415 489 1474 manducaveritis
502 1434 613 1475 carnem
627 1417 692 1474 Filii
704 1419 836 1487 bominis,
854 1420 966 1477 cibibe·
1015 1418 1122 1486 losum,
1137 1436 1153 1476 a
1168 1406 1294 1477 Deo'non
1314 1428 1402 1476 estet
1424 1418 1469 1475 bic
1490 1427 1543 1485 est,
1554 1419 1589 1474 de
1606 1434 1662 1489 quo
1683 1418 1813 1486 audistis,

168 1504 231 1562 ritis
247 1507 309 1578 ejus
330 1510 503 1580 sangninem,
520 1525 575 1566 non
591 1510 727 1568 habebitis
742 1511 826 1566 ritum
841 1511 868 1565 in
885 1511 965 1568 uobis
1016 1510 1146 1583 quonium
1173 1512 1247 1568 rcnit
1269 1510 1457 1567 Antichristus
1481 1509 1509 1581 (l
1525 1509 1606 1565 ioan.
1630 1526 1668 1578 rr,
1694 1511 1733 1581 5).
1752 1530 1762 1563 r
1780 1510 1814 1566 m

169 1597 262 1668 ileon.
288 1615 327 1665 vr,
342 1600 415 1673 Sila
439 1600 467 1657 Si
493 1602 576 1658 veluti
591 1619 685 1658 macro
699 1602 839 1660 intellectu
853 1618 965 1661 carnem
1017 1618 1087 1658 aarrc
1109 1599 1220 1673 jarreia
1235 1603 1334 1657 mondo
1357 1611 1408 1668 est,
1422 1601 1487 1673 quia
1510 1600 1587 1657 malti
1613 1600 1674 1671 ejus
1695 1616 1815 1672 praum-

169 1690 272 1748 Cirristi
294 1708 310 1748 a
329 1692 432 1763 Spiritu
451 1705 624 1765 separantes,
641 1696 730 1766 ipsunt
745 1695 826 1766 quusi
841 1709 965 1751 mucram
1017 1693 1075 1749 boli
1098 1707 1224 1749 scorsum
1241 1691 1276 1748 de
1297 1692 1400 1760 anima,
1424 1706 1549 1748 seorsum
1573 1691 1607 1747 de
1624 1706 1718 1757 carne,
1737 1706 1815 1746 seor·

170 1783 813 1843 eredideruureoruesturisdistribuendum.nt
831 1780 1081 1842 ilienroansum
1112 1783 1147 1839 de
1178 1781 1282 1838 Christi
1314 1782 1462 1839 Divinitate
1494 1783 1636 1854 disputant
1663 1781 1817 1853 indiscipli-

169 1876 246 1942 eder,
260 1891 335 1931 mour
348 1877 465 1947 pinguis,
481 1876 528 1946 qui
544 1877 627 1932 ctiam
650 1876 677 1937 in
693 1875 884 1936 benedictione
895 1878 965 1934 Aser
1020 1875 1094 1933 nutis
1108 1882 1136 1930 et
1150 1874 1242 1932 stultis
1262 1875 1473 1945 questionibus.
1489 1875 1609 1945 Corpus,
1628 1873 1716 1942 ailant,
1732 1872 1822 1931 Chri·'

170 1964 263 2020 dietus
281 1973 324 2020 cst
346 1966 440 2035 spanis
456 1966 566 2038 pinguis
581 1967 707 2037 praebens
720 1967 834 2024 delicias
854 1968 967 2040 regilius
1019 1968 1055 2024 sti
1080 1967 1132 2023 luit
1156 1967 1184 2023 in
1213 1966 1364 2037 sepulcro,
1392 1981 1449 2022 non
1474 1964 1612 2024 Cirristus.
1634 1965 1700 2022 item
1724 1967 1817 2024 anima

172 2053 250 2125 (Gra.
264 2070 337 2122 aran
350 2055 423 2125 wisi
442 2055 546 2128 quique
561 2058 588 2115 in
602 2057 761 2129 euangelica
774 2058 904 2129 parabola
924 2058 968 2118 di·
1019 2058 1122 2115 Christi
1143 2057 1196 2115 init
1219 2058 1248 2114 in
1276 2058 1394 2127 inicrno,
1421 2074 1478 2114 non
1505 2056 1654 2126 Clrristus;
1680 2057 1817 2117 birinilas

171 2144 353 2203 citurritulus
364 2147 517 2218 saginatus,
531 2162 586 2204 trun
599 2149 637 2205 ita
647 2148 746 2207 obtulit
761 2165 873 2206 earnem
886 2164 968 2209 suam
1020 2150 1124 2210 Christi
1142 2158 1186 2208 est
1200 2151 1313 2222 ubique,
1335 2166 1390 2207 nnn
1405 2149 1544 2207 Christus.
1562 2148 1656 2221 Longe
1676 2150 1818 2213 salubrius
1839 2188 1850 2196 -

172 2236 391 2305 suisedcrrdam,
416 2238 496 2309 qnasi
514 2254 636 2295 macram
653 2255 669 2295 a
685 2240 853 2314 pinguedine
879 2239 969 2312 Spiri·
1022 2242 1105 2301 lrabct
1131 2258 1161 2299 se
1185 2242 1322 2314 professio
1345 2242 1407 2300 ddci
1432 2242 1592 2309 catholiea,
1618 2242 1725 2312 inqua
1749 2256 1818 2298 eon·

172 2336 218 2383 tas
231 2329 272 2384 rei
289 2339 351 2384 actu
369 2330 410 2384 rel
426 2330 566 2386 intellectu
581 2340 748 2402 separatam.
762 2331 911 2403 Propterea
926 2329 972 2389 ‹ti-r,
1022 2338 1132 2393 litamur
1161 2336 1303 2392 Christum
1329 2337 1507 2403 crucilixum,
1537 2343 1695 2401 mortuum,
1727 2335 1820 2405 sepul-

173 2421 232 2478 cit:
249 2419 386 2492 «Spiritus
403 2431 446 2478 cst
472 2423 520 2492 qui
544 2423 674 2492 viviticat,
698 2438 763 2480 caro
783 2439 838 2479 ron
857 2423 971 2494 prodest
1023 2439 1081 2486 tum
1106 2430 1141 2485 ati
1167 2427 1275 2485 inicrna
1300 2430 1491 2496 descendisse,
1517 2428 1596 2484 tertia
1621 2428 1666 2483 die
1690 2442 1817 2482 resurrcn

173 2515 326 2586 quidquam
344 2513 436 2586 (loon.
453 2531 491 2583 rr,
507 2514 553 2587 ot)
566 2536 590 2571 :r
606 2532 670 2585 earo
687 2515 869 2573 rirlclicetsic
889 2516 970 2575 intcl-.
1023 2523 1107 2589 risse,
1132 2529 1215 2591 atque
1238 2532 1333 2591 postea
1361 2520 1390 2576 in
1418 2521 1519 2577 eoelum
1547 2518 1716 2584 ascendisse,
1746 2515 1821 2573 unde

173 2606 254 2673 lecta,
271 2604 343 2662 sient
357 2607 395 2661 illi
406 2622 467 2662 eam
480 2606 685 2673 intellexerunt,
698 2622 752 2662 non
767 2605 880 2678 prodest
889 2605 971 2675 quid·
1023 2622 1155 2675 venturus
1164 2623 1207 2670 esi
1214 2614 1339 2685 juniam
1349 2613 1425 2670 rivos
1438 2622 1465 2668 aa
1478 2620 1612 2678 irretiens,
1624 2618 1652 2665 et
1670 2625 1743 2664 rrrrrre
1756 2618 1822 2665 ante

173 2715 269 2769 qrrarn.
284 2697 403 2755 Proinde
427 2699 568 2755 meliorem
590 2699 759 2755 intellectum
776 2699 906 2756 decarne
920 2713 970 2754 suu
1023 2704 1172 2762 erlvenium
1185 2720 1266 2761 sunm
1281 2720 1344 2760 cunr
1355 2704 1413 2760 suis
1424 2712 1466 2760 est
1482 2703 1609 2774 usquein
1623 2702 1703 2758 iurem
1714 2702 1820 2759 seculi.

175 2793 235 2863 ipse
260 2791 389 2848 Christus
405 2792 567 2859 insinuarit,
584 2807 649 2849 cunr
673 2794 754 2863 quasi
778 2792 873 2863 priora
887 2789 971 2847 verbu
1060 2797 1118 2861 liae
1136 2798 1189 2854 fiale
1213 2798 1334 2861 angimata
1354 2797 1433 2853 beata
1449 2805 1553 2867 martyr
1577 2793 1735 2862 dunestano,
1754 2809 1825 2855 cum

174 2902 316 2959 exponens
331 2886 369 2942 ita
383 2885 546 2956 subinnuit:
562 2883 657 2940 «Sicut
672 2901 716 2941 me
730 2885 805 2941 misit
815 2886 909 2941 virens
922 2882 973 2938 Pa·
1026 2891 1242 2961 interrogaretur
1256 2905 1271 2945 a
1283 2889 1385 2960 judice,
1404 2888 1450 2944 ubi
1469 2894 1541 2944 esset
1554 2885 1692 2952 Christus,
1705 2901 1823 2956 respon-

175 2987 228 3046 ter,
243 2988 269 3033 et
280 2994 331 3050 ego
346 2978 408 3033 rino
429 2985 541 3049 propter
554 2975 663 3033 Patrem
675 2995 683 3045 ;
697 2977 744 3047 qui
757 2977 905 3032 munducat
917 2989 971 3040 me,
1025 2983 1085 3038 dit:
1103 3001 1112 3035 r
1131 2981 1159 3037 le
1181 2984 1251 3037 emin
1265 2982 1299 3037 ad
1311 2982 1452 3039 dexteram
1473 2978 1573 3044 Patris,
1597 2986 1625 3032 et
1635 2977 1663 3032 in
1674 2986 1747 3032 terra
1761 2977 1826 3041 nbi,

176 3070 272 3142 etipse
285 3072 474 3142 riritproptcr
488 3088 558 3127 mc.»
575 3070 645 3127 Nota
659 3071 879 3128 similitudinem.
893 3067 971 3125 rSie·
1030 3086 1085 3141 quc
1098 3080 1162 3127 surtt
1176 3072 1263 3127 sancti
1287 3071 1357 3142 qus.
1375 3090 1385 3129 r
1402 3069 1460 3126 lloc
1478 3078 1565 3126 totum
1581 3067 1615 3124 de
1636 3076 1693 3123 toto
1710 3066 1826 3124 Christo

174 3144 220 3228 ut,
235 3163 344 3233 inquit,
362 3163 439 3218 misit
453 3179 497 3219 me
515 3163 611 3219 virens
628 3162 720 3231 Pater,
732 3171 760 3218 ct
769 3177 821 3231 ego
835 3162 898 3217 rino
909 3135 1009 3232 pro·C
1028 3165 1201 3230 continemur,
1215 3164 1263 3234 qui
1277 3164 1328 3220 etsi
1341 3179 1390 3234 per
1403 3164 1493 3219 solum
1515 3176 1615 3231 corpus
1628 3159 1657 3214 in
1677 3160 1825 3230 sepulchro

177 3262 238 3325 pter
252 3254 361 3310 Patrem
374 3273 398 3310 :r
415 3256 541 3311 similiter
563 3264 606 3313 ret
627 3256 675 3328 qtti
689 3254 838 3313 manducat
861 3269 915 3321 mc,
935 3254 978 3309 ri·
1027 3252 1216 3320 claudebatur,
1235 3263 1262 3309 ct
1288 3269 1337 3324 pcr
1351 3254 1437 3311 solum
1463 3254 1584 3308 animum
1610 3251 1638 3306 in
1659 3252 1768 3308 inierno
1780 3253 1825 3308 rel

178 3354 224 3401 net
244 3359 354 3417 propter
369 3362 439 3404 ms.»
453 3346 565 3404 Dixerat
577 3349 673 3418 prins:
689 3366 699 3402 r
716 3346 776 3404 Nisi
790 3348 976 3414 manducare·
1027 3342 1155 3413 paradiso
1183 3344 1288 3400 sanctis
1315 3344 1461 3403 animabus
1482 3345 1701 3414 presentialiter,
1729 3356 1825 3399 tamen

179 3438 240 3495 ritis
254 3454 364 3496 carnem
386 3455 489 3508 meum,
511 3449 539 3496 ct
559 3439 683 3497 biberitis
697 3440 859 3511 sanguinem
869 3453 976 3505 meum,
1027 3443 1103 3491 totus
1135 3436 1281 3507 utrobique
1308 3436 1494 3507 operabatur,
1525 3436 1554 3491 in
1583 3436 1709 3506 sepulcro
1739 3449 1827 3488 seruire

180 3543 236 3585 nnn
250 3527 386 3585 babebitis
411 3529 496 3585 uitam
521 3530 550 3585 in
564 3528 654 3585 robis.
671 3548 681 3582 r
699 3527 843 3584 Subnectit
861 3536 975 3598 postca:
1028 3540 1129 3597 corpus
1139 3526 1308 3593 custodiens,
1320 3542 1355 3583 ne
1369 3527 1473 3583 rideret
1488 3527 1701 3597 corruptionem,
1712 3524 1760 3580 scd
1775 3540 1828 3594 po·.

184 3619 251 3687 «Qui
263 3608 410 3678 manducat
425 3637 479 3689 me,
490 3623 736 3693 riretpropterme
748 3619 975 3694 (attaminata
1028 3620 1085 3675 tius
1107 3620 1210 3676 levaret
1230 3620 1265 3675 de
1278 3620 1455 3690 corruptione
1470 3618 1557 3674 multu
1580 3632 1695 3689 corpora
1716 3626 1827 3673 sancte-

182 3719 212 3766 ut
224 3713 492 3785 patentcriutelligus
504 3730 672 3786 pcrcarnem
679 3714 782 3770 Christi
794 3713 977 3781 tronrinatam,
1029 3728 1091 3769 rnen
1115 3728 1210 3769 secum
1225 3713 1409 3783 resurgentia,
1422 3721 1451 3768 ct
1466 3711 1493 3767 in
1516 3710 1625 3776 inlcrno
1642 3711 1683 3766 rcl
1698 3710 1829 3781 paradiso

182 3817 294 3859 cantem
309 3803 448 3865 Christum
459 3805 620 3877 signiticuri,
634 3822 668 3864 eo
683 3806 755 3877 qnod
771 3804 893 3863 Verbum
912 3820 980 3861 caro
1030 3822 1113 3863 snum
1140 3807 1274 3878 Spiritum
1302 3822 1411 3878 regens,
1428 3816 1456 3864 et
1480 3821 1595 3878 regnare
1609 3805 1723 3868 iaciens,
1743 3805 1779 3859 itu
1795 3814 1827 3860 ut

182 3892 287 3952 iactum
312 3905 365 3963 est,
380 3905 408 3952 ct
429 3897 491 3953 ideo
514 3898 586 3954 sicut
599 3898 693 3955 uirens
715 3895 824 3953 Patere
844 3913 875 3955 ac
888 3897 980 3969 genito
1030 3897 1153 3959 dicerent
1164 3897 1329 3953 adversariae
1346 3906 1494 3968 potestates
1511 3913 1518 3951 :
1533 3916 1543 3949 r
1561 3895 1631 3964 Quis
1641 3905 1682 3953 cst
1697 3897 1748 3952 istc
1767 3894 1828 3954 lica

184 3985 324 4042 detritam
335 3988 437 4044 babere
448 3987 476 4044 in
487 3990 635 4060 scmetipso
648 4008 656 4045 ι
669 3990 710 4046 sie
720 3990 815 4047 uirens
823 4004 889 4045 caro
899 3987 981 4045 Cbri-
1032 3989 1144 4061 gloriae?
1163 4008 1173 4042 r
1192 3988 1297 4056 Quibus
1322 4004 1484 4059 responsum
1499 4000 1542 4045 cst
1561 4005 1568 4041 ε
1587 4008 1597 4041 r
1616 3988 1754 4047 linurinus
1770 3988 1828 4045 ior·

185 4079 221 4135 sti
237 4094 284 4134 seo
298 4080 391 4149 potius
405 4080 500 4137 uirens
515 4079 645 4139 Christus
668 4081 750 4153 digne
761 4096 792 4138 se
803 4081 982 4146 manducanti
1032 4083 1080 4146 tis,
1093 4089 1121 4138 et
1136 4090 1244 4153 potens,
1269 4081 1403 4136 Dominus
1417 4081 1556 4152 potensin
1571 4083 1675 4151 pratia,
1692 4080 1828 4140 Dominus

184 4170 329 4228 detritam
344 4182 487 4235 merirum.
1033 4174 1167 4230 uirtutum
1178 4175 1237 4244 ipse
1250 4182 1294 4229 est
1305 4171 1362 4230 Iler
1379 4174 1474 4244 gloriae
1491 4172 1580 4242 (Paul.
1595 4189 1674 4239 ratri,
1692 4173 1731 4245 8).
1748 4173 1829 4229 ›llu-

220 4262 321 4320 Procol
333 4267 747 4336 argoasutroltsecctestanicis
758 4270 902 4327 discedant
916 4270 982 4327 nori
1034 4265 1088 4333 dis,
1104 4265 1169 4336 quia
1189 4273 1217 4320 et
1230 4264 1295 4320 boni
1316 4266 1405 4335 angeli
1423 4274 1451 4320 ct
1467 4265 1533 4321 mali
1542 4264 1683 4321 Christum
1707 4272 1828 4322 montem

185 4356 371 4426 disputatores
382 4373 512 4427 peruerse
524 4359 674 4429 intellectu,
690 4361 851 4431 quodttcus
863 4361 983 4431 conjun-
1034 4357 1208 4427 coagulatum
1224 4370 1278 4410 non
1299 4355 1463 4421 dissoluant,
1479 4356 1526 4412 sed
1543 4354 1571 4409 in
1594 4355 1686 4410 anima
1702 4370 1753 4411 sua
1769 4356 1829 4413 solu

186 4446 238 4513 xit,
254 4457 425 4517 separantes,
437 4448 502 4503 dena
518 4448 593 4503 aliod
607 4451 758 4518 praedicant
769 4466 881 4509 carnem
898 4450 982 4506 illiri-
997 4462 1125 4547 1‚regem
1140 4447 1232 4518 gloriae
1244 4455 1454 4519 recognoscant.
1468 4444 1600 4502 Similiter
1611 4455 1639 4502 et
1653 4445 1828 4519 llariallag·

187 4538 234 4606 ati,
247 4555 330 4611 quarn
346 4555 456 4596 carnem
471 4539 623 4605 Christum,
1034 4539 1130 4603 dalena
1154 4540 1182 4595 in
1205 4538 1265 4597 solo
1289 4554 1404 4610 corpore
1429 4539 1518 4609 ipsum
1535 4538 1694 4609 recognovit
1707 4536 1803 4593 dicens
1820 4555 1829 4593 r

223 4628 280 4687 Nos
300 4639 392 4687 antem
415 4633 596 4702 predicamus
611 4631 716 4703 absque
736 4631 780 4687 sni
801 4631 983 4691 mutabilitate
1036 4628 1199 4687 ‹Tulcront
1212 4630 1359 4689 Dominum
1384 4638 1527 4696 meamet
1542 4629 1646 4696 nescii),
1665 4629 1713 4684 ⁰¹³1
1728 4644 1830 4700 posue·

187 4713 310 4777 Verbum
323 4738 436 4779 earnem
451 4723 554 4783 loetum
568 4724 647 4795 qnasi
667 4733 786 4780 montem
807 4726 982 4796 coagulatum
1034 4733 1099 4779 runt
1113 4738 1176 4779 eum
1192 4721 1284 4793 (inore.
1298 4740 1344 4790 rx,
1357 4722 1413 4793 13).
1431 4741 1441 4775 r
1459 4720 1531 4789 Quid
1546 4731 1575 4777 tu
1595 4735 1661 4792 crgo
1675 4721 1753 4776 illurn
1774 4720 1835 4776 sola

189 4820 218 4874 et
242 4810 422 4882 incaseatum,
439 4814 476 4873 ita
495 4815 593 4887 utqui
612 4815 693 4888 digne
707 4813 855 4871 manducat
868 4830 982 4871 carnem
1034 4814 1086 4881 tis,
1100 4814 1135 4869 dc
1156 4829 1239 4870 carne
1259 4813 1344 4868 uelde
1356 4813 1449 4867 anima
1462 4812 1505 4867 rel
1524 4810 1559 4866 dc
1572 4809 1721 4865 Divinitatc
1741 4808 1831 4879 ipsius

190 4903 312 4971 Christi,
335 4918 390 4959 non
414 4907 502 4977 possit
526 4909 694 4967 munducare
727 4907 812 4964 vitarn
840 4909 867 4964 in
900 4925 984 4966 cartre
1035 4907 1073 4963 ita
1099 4914 1272 4978 segregatum
1295 4904 1451 4976 disputans,
1469 4913 1501 4960 ut
1518 4904 1599 4975 Juxta
1614 4911 1693 4959 tuom
1717 4916 1832 4961 sensum

189 4994 250 5068 ipsa
266 5004 433 5064 manentem,
446 5006 473 5053 et
485 4999 531 5069 qui
552 5000 634 5072 digne
649 5002 777 5073 intelligit
791 5018 902 5059 earnem
917 5001 986 5059 ller-
1035 5012 1100 5057 caro
1116 4999 1252 5057 intellecta
1276 5011 1330 5051 non
1357 4997 1443 5067 prosit
1460 4996 1611 5068 quidquam
1638 5003 1733 5066 utpote
1749 4992 1836 5063 qrrasi.

190 5090 230 5158 bi,
249 5098 382 5163 agnoscat
397 5088 518 5146 Verbum
534 5091 562 5147 in
573 5106 657 5149 carne
670 5096 751 5166 qnasi
767 5097 860 5154 carnis
871 5096 986 5168 pingue·
1036 5105 1129 5147 macra
1141 5101 1169 5146 ct
1187 5091 1231 5147 illa
1254 5090 1417 5163 pinguedine
1438 5090 1557 5161 priuata,
1574 5090 1609 5146 de
1629 5103 1683 5160 qua
1705 5086 1748 5142 bie
1760 5085 1832 5140 dici·

190 5184 284 5240 dinem
307 5182 532 5255 inseparabilem,
544 5199 629 5255 qnam
648 5185 795 5244 insinuans
816 5187 985 5261 evangelista
1036 5191 1103 5238 tnr:
1122 5182 1199 5238 Hom
1221 5181 1282 5247 Dei.
1296 5199 1370 5238 divit
1388 5183 1517 5261 pinevii?
1536 5180 1634 5239 N⁰¹¹¹¹0
1654 5189 1683 5235 tu
1702 5178 1760 5249 ³9⁸⁰
1782 5192 1833 5248 lm

193 5276 290 5332 rrralmt
311 5277 430 5333 dicere:
455 5294 465 5330 r
488 5274 607 5335 Verbum
629 5293 695 5336 caro
710 5280 813 5336 laetum
833 5289 876 5338 est
892 5279 983 5349 (loon.
1037 5275 1111 5332 solos
1135 5275 1232 5332 oculos
1247 5275 1353 5341 ridens,
1369 5290 1417 5345 pcr
1444 5275 1518 5335 solus
1536 5289 1618 5329 artrcs
1638 5272 1764 5337 audiens,
1782 5284 1840 5341 per,-

193 5386 213 5435 l.
230 5371 286 5440 tt),
305 5391 314 5424 r
330 5386 413 5440 quam
425 5369 546 5429 Verbum
561 5371 985 5431 carncminduit.llcstimentunr
1037 5369 1112 5426 solos
1138 5371 1221 5439 pedes
1243 5367 1399 5433 anabuluns,
1416 5382 1465 5436 per
1490 5366 1564 5422 solas
1584 5380 1666 5422 aures
1688 5363 1839 5428 eliacicns„

194 5476 315 5532 namque
328 5464 364 5520 ab
381 5465 474 5536 aliquo
491 5465 618 5523 indutum
631 5475 722 5538 potest
735 5476 763 5524 ct
772 5466 914 5524 actualiter
922 5463 987 5522 exui
1037 5477 1087 5532 per
1100 5463 1191 5518 solem
1204 5461 1325 5532 palatum
1341 5466 1467 5531 gustans,
1479 5474 1528 5529 per
1549 5457 1636 5515 solurn
1656 5464 1775 5512 nrerttear
1790 5453 1833 5507 in·

192 5565 227 5608 ac
237 5552 347 5623 deponi,
361 5564 389 5612 et
402 5556 626 5614 intellectualiter
640 5558 676 5614 ab
698 5559 830 5637 irrdpente
848 5557 985 5630 separari,
1038 5552 1174 5625 telligcns‚
1188 5568 1236 5623 per
1250 5552 1337 5609 solam
1354 5550 1515 5607 memoriam
1528 5550 1690 5616 recordans,
1704 5557 1795 5603 mmen
1806 5553 1838 5601 te

194 5642 268 5699 aient
283 5643 382 5701 lineam
394 5648 438 5703 rel
457 5648 579 5704 colorem
594 5648 655 5704 solo
670 5648 810 5705 intellectu
826 5662 987 5720 separamm
1038 5659 1094 5702 noir
1105 5660 1189 5716 negas
1203 5645 1261 5700 baec
1272 5641 1364 5699 narnia
1376 5640 1417 5697 sic
1431 5639 1531 5709 iacere,
1546 5650 1577 5698 nt
1589 5656 1653 5697 vcro
1667 5635 1839 5710 assignanda

195 5742 352 5813 deotpato,
363 5752 521 5810 rqttanquarn
533 5755 670 5812 nusquam
680 5739 749 5803 alias
759 5739 921 5799 enatantem
933 5740 1000 5815 nisi,
1040 5740 1095 5799 sint
1109 5740 1159 5796 toti
1174 5752 1300 5809 personae
1312 5736 1385 5792 terei
1394 5734 1502 5803 Quarrto
1514 5734 1601 5803 rnugis
1614 5734 1660 5789 illa
1670 5745 1789 5805 persone
1799 5728 1840 5793 da
