3892 6067
119 249 184 308 635
380 241 611 308 conlibitum
631 239 862 305 witness-'I
875 248 966 303 PARS
983 247 1028 317 tx,
1046 247 1090 303 ttlt
1113 247 1276 310 dononio.
1295 281 1332 292 —
1349 252 1449 311 PSAL.
1465 254 1521 311 Cl'.
1711 259 1764 319 654

118 363 202 420 Filio
214 371 264 418 tuo
278 360 419 432 unigenito
439 377 494 418 non
512 364 670 434 pepercisti,
696 364 743 419 sed
760 377 810 433 pro
834 361 923 418 bomi-
937 367 960 423 d
975 362 1096 430 niventes,
1116 363 1144 418 id
1164 377 1206 421 est
1219 368 1337 424 scientes
1350 367 1383 422 ad
1398 367 1505 425 inlerna
1519 370 1699 441 descendunt,
1715 376 1763 445 qui

120 473 197 514 num
211 455 301 511 salute
317 453 352 509 ad
366 463 483 510 mortem
506 455 653 524 tradidisti,
666 465 694 513 ct
711 470 760 512 eos
782 456 816 512 de
834 464 922 511 morte
974 454 1009 509 ab
1022 453 1144 512 Ecclesia
1166 456 1269 514 Christi
1285 460 1365 516 dirisi
1391 460 1628 532 congregationem
1644 463 1697 519 sibi
1716 480 1764 519 er·-

120 546 266 619 eripuisti.
284 544 320 601 Ει
339 546 513 602 irritaverant
528 547 614 602 Deum
630 547 799 603 ascendentes
817 562 866 618 per
875 562 923 602 su·
973 559 1087 601 ιοιιειιιι
1107 546 1221 602 iaciunt.
1240 548 1286 604 -m
1307 552 1408 605 exarsit
1431 553 1500 621 ignis
1519 553 1548 606 in
1568 569 1703 625 synagoga
1719 572 1764 609 eo·

123 730 217 794 brana,
233 728 261 782 id
274 727 355 783 estin
370 728 589 798 persecutionem
605 730 772 786 rubricatam
789 726 922 799 sangnine
974 739 1051 791 rum,
1079 734 1107 780 et
1132 736 1258 783 mortuos
1284 727 1312 781 in
1342 730 1461 799 pcccatis
1492 732 1634 786 combassit
1662 742 1763 788 aeterna

123 827 300 876 sanctornm.
316 816 391 871 blare
410 817 455 873 bic
470 833 521 889 pro
539 827 700 889 tempestate
722 818 922 889 persecutionis
973 814 1084 883 flamma
1101 826 1262 885 peccatores.
1276 817 1325 874 Vel
1347 820 1388 875 cis
1408 823 1610 879 eonsentientes
1630 836 1712 880 erunt
1734 827 1763 880 in

122 910 250 981 ponitur.
268 906 302 963 Et
326 917 416 964 ιιιιιειι
433 908 484 965 bos
497 925 646 968 conversos
667 912 701 966 ad
713 910 794 967 tidem
810 909 921 965 triennit
972 914 1074 961 aeterno
1089 907 1150 977 igne
1165 910 1301 965 ardentes.
1317 909 1436 967 Rursum
1454 913 1488 967 ad
1503 912 1622 969 litteram
1634 916 1764 986 inspicia-

122 1009 236 1072 propter
256 1013 350 1055 nomen
363 1016 452 1066 raam,
468 1000 496 1055 id
509 1010 553 1057 εει
564 1011 677 1072 propter
690 1002 801 1067 Filium,
820 1001 867 1072 qui
879 1010 922 1057 est
972 1013 1046 1053 mas.

123 1106 230 1146 nomen
247 1089 348 1147 Patris.
374 1088 420 1145 Vei
434 1099 541 1159 propter
560 1106 654 1145 rtontcn
671 1090 871 1158 Christianum,
891 1100 920 1144 at
1009 1088 1091 1145 Vens.
1110 1091 1153 1146 tt).
1170 1090 1205 1146 Et
1219 1094 1337 1162 fecerant
1352 1094 1463 1148 nitainm
1477 1096 1505 1149 in
1528 1095 1626 1151 Horeb.
1642 1095 1715 1152 Ordo
1729 1112 1764 1152 ca

122 1193 220 1235 notam
238 1182 337 1253 faceret
359 1180 505 1250 potentiam
526 1197 614 1249 raam,
627 1181 700 1252 quod
714 1181 773 1251 ipse
787 1181 922 1251 solaspo·
973 1188 1030 1234 toto
1052 1191 1235 1252 praeposterus
1250 1194 1302 1241 cst.
1321 1184 1390 1241 Nam
1411 1203 1482 1256 saepe
1505 1190 1668 1258 anteponit,
1688 1189 1762 1258 quorl

123 1280 189 1327 tens
202 1281 245 1327 est
255 1270 408 1341 justificare
422 1270 547 1340 impium.
972 1280 1034 1340 post
1048 1273 1179 1343 contigit;
1191 1284 1219 1330 et
1238 1291 1310 1346 saepe
1324 1280 1482 1347 postponit,
1497 1281 1569 1348 qnod
1581 1279 1658 1349 prins
1672 1279 1762 1334 conti-

164 1363 200 1417 llr
212 1364 342 1434 increpuit
354 1362 568 1432 accredideram,
583 1366 638 1421 boc
652 1374 705 1433 est,
715 1366 800 1436 iussit
812 1382 920 1424 cessare
972 1364 1021 1435 git,
1045 1373 1073 1419 et
1094 1365 1147 1420 boe
1171 1381 1254 1422 causa
1279 1369 1345 1422 certi
1365 1370 1489 1440 mysterii
1514 1369 1587 1427 iacit.
1606 1368 1667 1425 Non
1687 1372 1762 1426 onim

123 1455 357 1526 persecutionem.
378 1454 413 1509 m
430 1458 593 1512 walacriam
608 1467 659 1522 eat,
675 1458 740 1528 quia
761 1472 832 1514 saeta
853 1473 920 1528 pro·
972 1456 1111 1525 praeterita
1136 1467 1247 1525 narrat;
1268 1460 1316 1515 sed
1332 1459 1423 1515 lutura
1436 1461 1611 1531 prenuntiat.
1632 1461 1714 1516 Verba
1728 1464 1763 1519 de

122 1547 196 1602 ceila
214 1545 309 1603 wculi
324 1546 450 1603 veniente
461 1547 537 1604 sonte
549 1548 613 1604 vitae
629 1550 746 1605 exaruit.
761 1548 796 1602 Et
810 1550 920 1604 deduxit
970 1547 1117 1616 praeteritis
1131 1551 1227 1615 sumit,
1249 1559 1276 1605 et
1292 1548 1382 1606 intnra
1400 1552 1532 1607 contexit.
1556 1551 1615 1606 Non
1630 1568 1696 1624 ergo
1719 1555 1762 1608 hi·

122 1654 170 1692 eoa
187 1639 216 1692 ira
230 1637 414 1708 oigaaissicat
427 1639 456 1692 in
473 1639 588 1706 deserto,
602 1638 656 1694 boc
667 1647 719 1706 est,
739 1637 832 1696 fideles
846 1641 921 1710 posi-
971 1639 1072 1706 storiae,
1095 1639 1142 1694 sed
1164 1641 1288 1695 ordinem
1311 1642 1460 1713 prophetiae
1477 1642 1686 1713 diligentissime
1703 1659 1762 1700 ser-

121 1739 171 1785 tos
182 1728 211 1784 in
222 1729 366 1800 profundis
376 1729 500 1787 consiliis
509 1744 678 1802 paganorum
690 1739 718 1786 ει
728 1732 918 1788 baereticorum
935 1696 1026 1786 Brat.
1042 1729 1123 1786 Prius
1144 1731 1261 1802 fecerant
1281 1732 1394 1786 nitnlnm
1414 1734 1442 1787 in
1465 1733 1564 1800 lloreb,
1580 1750 1664 1807 qnam
1687 1744 1761 1791 terra
1860 1743 1864 1749 ·

121 1818 166 1875 ita
196 1821 430 1894 seeurcdedurit
453 1822 482 1877 in
505 1823 548 1876 ria
574 1820 741 1878 Christianae
765 1823 918 1894 religionis,
970 1821 1160 1877 absorbuisset
1184 1819 1254 1878 Core
1281 1838 1345 1876 cnm
1371 1823 1444 1890 suis,
1467 1824 1542 1894 quod
1565 1825 1606 1880 sic
1634 1825 1759 1903 contigit.

122 1912 211 1981 qnasi
222 1919 315 1969 essent
327 1912 355 1968 in
369 1912 490 1980 deserto,
502 1912 530 1968 id
543 1920 587 1969 est
603 1912 631 1966 in
645 1913 720 1967 nullo
737 1913 871 1983 periculo.
884 1912 918 1966 Ει
970 1911 1063 1984 Moyse
1085 1913 1159 1968 enim
1183 1928 1247 1968 cam
1264 1913 1380 1969 bomine
1401 1930 1449 1984 per
1463 1915 1522 1971 dies
1536 1915 1717 1987 qnadraginta
1732 1917 1761 1972 in

122 2002 240 2057 salmoit
253 2019 297 2057 cot
310 2004 344 2058 de
359 2020 440 2061 mana
461 2005 626 2068 odientium
645 2005 672 2060 ln
689 2021 804 2076 corpore
819 2006 853 2063 aie
870 2021 919 2077 po-
969 2013 1063 2060 moate
1086 2013 1187 2073 stante,
1204 2014 1232 2061 et
1253 2007 1343 2061 Aaron
1363 2022 1426 2061 cum
1448 2007 1622 2063 multitudine
1639 2023 1763 2063 commo·

121 2101 226 2150 testate
239 2102 446 2164 persecutomm
467 2104 495 2151 et
508 2096 698 2154 hereticorum
711 2114 719 2163 ;
734 2097 762 2151 in
778 2098 869 2153 anima
884 2097 920 2154 de
969 2103 1059 2161 rante,
1084 2094 1111 2148 in
1124 2093 1196 2150 valle
1216 2096 1336 2165 populus
1361 2096 1511 2153 arbitratus
1526 2096 1637 2169 Moysen
1650 2098 1685 2152 ab
1699 2097 1762 2167 igne

120 2192 260 2257 potestate
272 2186 428 2243 daemonum
442 2196 469 2243 et
486 2196 672 2258 peccatorum.
694 2187 727 2245 Et
748 2190 857 2245 redemit
874 2207 918 2245 eos
969 2195 1176 2257 consumptum,
1191 2187 1287 2257 petinit
1304 2187 1339 2241 ab
1354 2186 1446 2242 Aaron
1461 2188 1513 2243 sibi
1527 2189 1586 2243 lieri
1605 2189 1698 2255 deum,
1713 2191 1761 2259 qni

119 2277 255 2347 sangnine
264 2275 367 2332 Christi
381 2277 630 2344 demanainimici,
643 2279 725 2335 idest
737 2279 770 2334 de
783 2289 918 2349 potestate
969 2291 1018 2332 eos
1043 2277 1206 2347 praecederet
1230 2278 1258 2332 in
1281 2275 1441 2349 AEgyptum.
1468 2278 1560 2334 Aaron
1580 2293 1646 2335 aero
1661 2280 1761 2336 timore

119 2366 239 2424 diaboli.
253 2366 288 2421 Et
299 2368 402 2438 operuit
416 2386 487 2440 aqna
505 2369 733 2434 interamnem,
750 2370 776 2426 id
790 2379 832 2427 est
846 2387 917 2443 aqua
968 2383 1118 2437 percussus
1130 2369 1215 2439 jussit
1228 2384 1324 2425 omnes
1337 2369 1388 2424 sibi
1409 2368 1507 2425 afferre
1526 2385 1635 2439 aurum,
1647 2371 1681 2427 de
1704 2385 1761 2441 quo

120 2460 300 2531 ιιιιιιίειιιειιε
310 2461 396 2517 abluit
407 2461 530 2518 inlideles
541 2463 619 2532 prins
630 2463 793 2519 tribulantes
803 2464 916 2520 ildeles:
967 2460 1032 2517 iecit
1044 2462 1157 2518 eoniiari
1177 2462 1302 2518 titulum.
1316 2463 1403 2530 Quem
1427 2462 1475 2517 iiiii
1493 2461 1577 2519 israel
1602 2464 1759 2530 adorantes,

119 2567 194 2605 aaut
204 2568 238 2607 ea
257 2552 297 2608 eis
311 2568 362 2607 non
384 2554 512 2606 remansit
526 2552 654 2608 infidelis.
673 2551 753 2619 Quod
769 2561 835 2610 tnnc
850 2569 918 2610 coa·
968 2553 1036 2609 etei
1052 2554 1170 2609 bostiam
1192 2555 1365 2610 immolantes
1377 2554 1506 2610 dixerunt
1522 2573 1528 2610 :
1547 2573 1557 2606 ι
1577 2553 1625 2610 lsti
1643 2565 1708 2612 sunt
1721 2555 1760 2611 dii

119 2643 196 2715 tigit,
210 2654 358 2715 postquam
370 2630 569 2701 Constantinus
582 2644 709 2701 credidit.
727 2644 776 2700 Vel
788 2663 859 2717 aqna
869 2647 917 2702 ba·
967 2644 1018 2708 tui,
1027 2643 1121 2712 lsrael,
1130 2648 1177 2716 qni
1190 2655 1215 2702 te
1225 2645 1419 2702 eduxeruntex
1431 2645 1550 2717 AEgypto
1559 2645 1659 2718 (and.
1670 2663 1758 2714 arata,

120 2737 263 2808 prismatis
275 2738 316 2792 nel
328 2737 511 2808 lacrymarum
522 2738 625 2807 operuit
637 2751 733 2793 omncs
746 2738 915 2815 iniquitates,
967 2736 1007 2804 lb
1025 2754 1036 2787 r
1054 2737 1133 2802 Quod
1148 2736 1267 2808 lloyses,
1284 2736 1401 2793 Domino
1416 2737 1565 2802 indicante,
1589 2751 1760 2806 cognoscens

117 2830 234 2885 animas
253 2829 426 2896 tribulantes,
439 2836 468 2884 et
481 2844 568 2884 arnum
583 2836 726 2898 peccatum
743 2845 795 2883 noa
809 2844 915 2882 reman-
968 2827 1003 2882 de
1015 2836 1109 2882 monte
1119 2826 1237 2883 iestinns
1249 2827 1401 2893 descendit,
1417 2827 1523 2882 tabulas
1543 2842 1557 2882 a
1573 2825 1629 2881 beo
1642 2828 1758 2898 scriptas

117 2922 160 2976 ait
171 2936 208 2977 ea
223 2921 267 2976 bis
291 2920 451 2975 indeletum.
465 2917 503 2974 m
523 2919 691 2974 crediderant
703 2919 731 2973 in
744 2919 828 2974 nerbia
845 2919 915 2990 ejus,
967 2933 1024 2989 prae
1035 2918 1075 2973 ira
1097 2917 1242 2989 confregit,
1257 2919 1374 2986 vitulum
1392 2918 1419 2973 in
1433 2917 1523 2974 frusta
1542 2918 1686 2984 conscidit,
1702 2918 1759 2990 igni

119 3013 231 3070 scilicet
249 3013 415 3084 evangelicis
429 3010 676 3083 promissionibus,
693 3021 719 3065 et
737 3010 915 3066 insueverant
929 3047 950 3104 c
967 3011 1130 3078 combussit,
1147 3012 1174 3065 in
1190 3026 1290 3080 aquam
1305 3010 1418 3081 sparsit,
1441 3011 1543 3080 populo
1557 3010 1690 3081 inpetum
1709 3011 1757 3066 ile-

119 3104 233 3161 tuden
246 3103 314 3174 εἰει,
330 3103 382 3159 boc
395 3113 448 3168 est
464 3118 513 3173 per
524 3102 674 3159 laudabilia
693 3100 765 3161 iacta
778 3102 838 3173 ejus
853 3103 913 3159 lan·
966 3102 1017 3157 dit.
1041 3100 1075 3156 Et
1091 3104 1127 3158 ob
1141 3103 1194 3159 boc
1207 3111 1349 3173 peccatum
1361 3102 1453 3158 occisa
1468 3110 1532 3158 sunt
1546 3102 1579 3157 de
1604 3102 1703 3171 populo
1718 3101 1758 3156 ri·

120 3198 260 3254 darerunt
283 3211 357 3251 eum.
373 3194 406 3256 Et
423 3197 536 3266 quidam
559 3197 612 3250 cito
627 3195 746 3266 fecerant
765 3195 838 3252 banc
854 3196 915 3251 lau·
967 3193 1035 3265 giuti
1050 3194 1102 3249 tria
1117 3194 1213 3250 millia.

118 3290 235 3355 demet
246 3302 263 3344 a
273 3287 551 3344 laudecessanernnt.
566 3285 602 3341 Et
613 3287 767 3344 moxobliti
779 3287 841 3344 rant
855 3305 917 3360 ope·
1002 3283 1036 3340 lit
1051 3301 1114 3342 curn
1128 3285 1182 3343 boc
1202 3286 1230 3341 in
1242 3294 1335 3342 monte
1356 3283 1424 3341 Sina
1441 3285 1597 3358 eontigerit,
1614 3286 1756 3356 quaeritur,

121 3397 186 3435 rann
199 3379 270 3451 ejas,
285 3379 360 3450 quod
373 3394 423 3450 pro
433 3378 474 3435 eis
486 3378 590 3449 alapas,
602 3387 693 3448 sputa,
706 3379 824 3453 ilagella,
839 3395 917 3437 mor·
966 3377 1106 3449 quomodo
1118 3376 1164 3433 bie
1179 3377 1287 3434 dicatur
1298 3377 1374 3447 quod
1388 3376 1416 3433 in
1430 3387 1523 3434 monte
1545 3375 1633 3432 liorei
1648 3378 1757 3433 accide·

122 3481 181 3528 tem
195 3470 287 3527 crucis
302 3471 444 3538 sustinuit,
459 3471 533 3542 quod
554 3484 603 3525 eos
622 3471 657 3526 de
681 3470 809 3527 manibus
824 3472 918 3527 inimi·
966 3467 1019 3522 rit?
1030 3466 1189 3539 Aratiqnitns
1198 3468 1287 3523 dicias
1299 3476 1343 3524 est
1352 3467 1398 3523 ille
1410 3483 1490 3524 mons
1503 3466 1604 3523 lloreb.
1618 3467 1671 3524 Sed
1683 3477 1759 3539 post·

123 3549 222 3620 corum
237 3563 337 3633 eripuit
354 3580 362 3617 ε
384 3561 446 3616 Non
463 3561 647 3616 nuntiauerant
657 3561 797 3616 consiliant
809 3562 876 3631 ejas,
889 3562 915 3617 td
966 3574 1049 3630 quant
1065 3557 1171 3630 bioyses
1187 3559 1223 3614 ibi
1236 3558 1337 3613 rubum
1352 3558 1491 3614 ardentem
1505 3559 1583 3625 vidit,
1605 3561 1646 3616 vel
1670 3560 1757 3631 legem

121 3663 167 3711 εει
191 3669 247 3710 non
261 3661 490 3723 exspectaverant
510 3652 647 3723 patienter
673 3652 740 3708 illud
758 3651 806 3708 Dei
826 3653 917 3708 consi·
966 3648 1003 3704 ibi
1015 3650 1131 3719 accepit,
1143 3648 1282 3706 sinaeum
1293 3649 1455 3716 nominarit,
1468 3651 1540 3720 qnod
1551 3651 1651 3707 dieitur
1665 3652 1757 3719 raiae,

122 3746 204 3812 lium,
220 3756 251 3802 ut
275 3760 324 3817 per
338 3746 439 3801 multas
458 3744 650 3801 tribulationes
673 3744 807 3800 intrarent
831 3745 859 3799 in
873 3760 917 3800 re·
966 3742 1008 3796 vel
1021 3740 1187 3796 nrmrdntam.

124 3853 211 3909 gnum
230 3837 288 3904 bet,
310 3837 382 3893 sicut
400 3835 531 3892 Christus
554 3834 702 3906 precessit.
719 3833 767 3890 Vei
781 3850 829 3905 per
843 3836 915 3890 maia
1001 3831 1067 3887 item
1079 3832 1211 3903 quaeritur
1222 3848 1272 3889 cnr
1282 3833 1329 3888 [ilii
1340 3832 1424 3890 lsrael
1437 3834 1525 3905 magis
1538 3833 1653 3890 sormam
1665 3835 1755 3903 boris,

124 3943 210 3999 opera
228 3929 344 3999 gratiam
358 3928 486 3999 baptismi
507 3924 684 3997 perdiderant
702 3942 709 3979 ε
724 3924 761 3978 Et
778 3927 916 3995 concapie·
965 3939 1049 3995 quam
1070 3924 1191 3980 bominis
1208 3940 1258 3994 pro
1281 3923 1337 3980 Deo
1360 3926 1503 3982 iecerunt?
1527 3925 1555 3980 ln
1578 3926 1631 3983 lroc
1651 3942 1756 3982 morem

122 4026 189 4073 rant
209 4020 447 4090 concapirccntinm
470 4020 500 4073 in
514 4018 627 4072 deserto.
652 4014 714 4070 binii
734 4024 800 4071 sunt
820 4016 914 4072 deser·
966 4012 1157 4084 AEggptiorum
1171 4013 1269 4068 imitati
1293 4025 1370 4081 sunt,
1385 4016 1432 4085 qui
1454 4015 1550 4070 bouem
1565 4017 1635 4087 Apin
1650 4018 1755 4073 colunt.

123 4121 196 4177 tum,
214 4111 279 4182 qnia
292 4111 340 4182 qni
354 4112 482 4167 mandata
500 4109 546 4166 liei
556 4109 728 4173 deseramne
746 4107 834 4178 gratia
846 4107 916 4163 ilunt
965 4100 1032 4171 Apis
1049 4113 1109 4157 ιιιῑ
1131 4118 1179 4157 rex
1200 4101 1322 4175 AEgllilb
1347 4122 1403 4175 (1¹10
1417 4115 1527 4161 mortuo
1539 4107 1629 4162 dictas
1644 4106 1756 4178 Serapis

122 4203 236 4258 deserti.
256 4201 287 4258 ln
312 4203 365 4258 boc
388 4203 498 4258 deserta
519 4201 708 4270 concupierant
730 4200 915 4269 concupiscen-
965 4201 1018 4260 εει,
1031 4201 1058 4248 ει
1075 4192 1297 4263 praedolrabitns,
1310 4193 1357 4263 qui
1371 4196 1467 4249 bovem
1483 4194 1578 4251 babuit
1599 4196 1682 4251 nnius
1695 4197 1757 4266 qni·

123 4296 202 4359 tiam,
220 4291 247 4349 id
261 4302 304 4350 εει
318 4293 413 4349 mnndi
425 4292 550 4365 gloriam.
568 4291 603 4346 El
613 4298 778 4345 tentaverant
792 4288 876 4344 Deam
886 4291 915 4344 in
965 4283 1149 4349 denectens,
1163 4282 1211 4338 sed
1226 4282 1254 4337 in
1269 4283 1353 4337 tatere
1368 4283 1502 4339 maculam
1519 4285 1606 4340 Instar
1621 4285 1692 4339 lana
1704 4286 1757 4340 naa

124 4389 263 4457 innqnoto,
277 4386 360 4443 idest
383 4385 435 4456 ipsi
458 4385 596 4454 inaquosi,
612 4385 676 4454 qnia
691 4384 757 4439 sicci
771 4383 806 4438 de
818 4382 914 4454 irriga·
929 4388 952 4443 ι)
965 4375 1043 4432 bens.
1057 4372 1124 4430 Post
1136 4376 1246 4445 longam
1262 4384 1369 4445 tempus
1380 4376 1506 4447 apparuit
1518 4377 1544 4430 in
1560 4375 1678 4446 AEgypto
1693 4376 1757 4431 huic

124 4479 200 4550 tione
213 4475 332 4548 Spiritus
346 4474 444 4542 sancti,
462 4483 627 4529 terrtnmrnnt
639 4474 724 4528 Deam
738 4480 861 4542 petentes
872 4470 915 4528 di·
965 4467 1132 4525 simillimus.
1152 4464 1230 4522 Unde
1255 4466 1344 4521 nisum
1359 4475 1402 4523 cst
1425 4466 1496 4537 Apin
1522 4468 1603 4522 deum
1626 4483 1706 4522 suurn
1726 4471 1755 4522 in

123 4569 205 4625 vitias
218 4577 246 4624 et
260 4568 353 4625 saecadi
369 4569 498 4633 bonores,
517 4581 579 4636 qnae
590 4574 680 4621 tamen
698 4580 761 4621 eum
783 4564 849 4620 dare
860 4565 914 4620 du·
964 4560 1034 4617 bore
1047 4559 1217 4630 apparuisse,
1229 4567 1256 4613 et
1268 4558 1320 4613 hac
1335 4556 1369 4613 de
1382 4574 1466 4614 causa
1478 4564 1621 4629 coeperunl
1631 4573 1693 4612 enm
1708 4573 1755 4613 co·

123 4662 221 4716 bitant.
243 4659 277 4714 lit
291 4659 363 4714 dedit
377 4660 415 4713 eia
428 4659 578 4729 petitionem
591 4657 719 4726 ipsoram,
740 4657 844 4713 scilicet
861 4671 913 4712 sar-
964 4652 1031 4707 lere.

122 4750 177 4808 culi
192 4750 303 4805 divitias
317 4759 344 4806 ει
361 4749 530 4820 dignitates:
548 4754 575 4801 et
597 4748 671 4800 misit
691 4747 864 4801 autoritatem
885 4746 913 4798 in
1002 4742 1084 4801 Vens.
1099 4745 1144 4799 20.
1165 4742 1201 4799 Et
1224 4752 1390 4800 mutarerunt
1405 4743 1517 4815 gloriam
1529 4745 1644 4801 anomia
1655 4744 1755 4800 simili·

123 4844 228 4900 animm
249 4858 351 4906 eoram,
363 4842 416 4897 boc
430 4849 483 4906 est,
499 4840 573 4896 dedit
588 4839 628 4894 eis
643 4838 838 4893 abundantiam
857 4852 916 4892 om·
965 4837 1083 4893 tudinem
1094 4838 1182 4904 aitnli,
1199 4845 1229 4891 ut
1243 4836 1346 4892 dictum
1365 4844 1423 4906 εει;
1437 4836 1524 4900 vituli,
1537 4839 1610 4911 alico,
1620 4839 1755 4893 ceneden-

124 4933 201 4988 nimn
219 4947 324 4999 rerum,
336 4947 407 5003 qaas
417 4930 583 4986 desiderant.
604 4928 638 4983 Et
650 4931 823 4984 irritaverant
838 4927 915 4999 liog-
965 4929 999 4982 tis
1019 4927 1118 4997 fenam.
1141 4925 1199 4980 Hoc
1218 4925 1252 4980 ad
1266 4927 1503 4998 exprobrationem
1518 4928 1627 4984 illorum
1642 4927 1752 4991 dieitur,

123 5041 169 5083 aen
180 5033 206 5079 et
220 5023 311 5078 Aaron
323 5023 352 5076 in
371 5023 478 5088 castris,
495 5022 521 5076 id
534 5030 576 5076 est
587 5021 674 5092 legem
690 5029 717 5076 et
729 5020 912 5076 sacerdotium
963 5020 1012 5090 qni
1028 5035 1083 5075 non
1099 5019 1190 5073 ninum
1207 5017 1317 5085 bovem,
1331 5021 1378 5075 sed
1393 5035 1445 5076 nco
1460 5030 1611 5084 mortuum,
1625 5019 1682 5073 imo
1697 5027 1753 5073 sto-

125 5119 153 5173 in
168 5116 309 5174 Ecclesiis.
322 5115 422 5189 Legem
439 5115 485 5171 Dei
497 5114 703 5185 prevaricando
714 5111 832 5178 irritant,
844 5126 914 5182 quos
965 5113 1048 5168 iiiam
1063 5111 1177 5182 itgnram
1195 5109 1357 5166 adorabant.
1372 5110 1425 5167 Per
1439 5112 1491 5166 boc
1516 5109 1669 5166 ostenditur
1690 5108 1752 5164 dia·

124 5210 283 5266 sacerdotes
298 5215 476 5280 exasperant;
492 5221 508 5260 a
522 5204 623 5261 castris
635 5212 774 5275 separant,
786 5203 851 5258 dnm
865 5217 914 5258 eos
964 5205 1055 5268 bolus,
1074 5203 1121 5274 qui
1144 5203 1236 5259 illosa
1254 5204 1361 5260 cultura
1372 5204 1419 5260 bei
1434 5205 1606 5269 comedebat,
1620 5209 1648 5258 ct
1662 5203 1752 5257 incor-

127 5298 165 5353 ab
185 5298 314 5357 Ecclesiis
330 5297 580 5356 excommunicant.
605 5294 705 5364 Ejectis
726 5309 793 5348 nero
810 5293 864 5348 illis
878 5293 914 5348 ab
963 5297 1087 5368 perabat.

128 5389 248 5446 Ecclesia
261 5401 354 5463 aperta
375 5401 415 5444 est
438 5399 521 5455 terra,
536 5389 601 5459 qnia
616 5396 682 5443 tunc
695 5386 824 5443 omnibus
838 5395 914 5457 pate·
999 5386 1082 5445 Vens.
1097 5388 1144 5454 rt,
1159 5388 1204 5443 Ξῖ.
1227 5388 1311 5443 obliti
1325 5398 1387 5442 sant
1410 5387 1502 5454 bearn,
1519 5387 1565 5456 qai
1581 5384 1693 5439 triennit
1708 5400 1751 5437 ros

126 5482 177 5545 bit,
195 5483 313 5555 qualiter
335 5483 450 5538 terrenis
475 5483 606 5552 despecto
628 5479 683 5535 lieo
706 5479 822 5536 initiant.
847 5478 913 5546 Qum
963 5480 998 5536 de
1016 5480 1290 5551 omnibnsperieulis,
1305 5480 1380 5533 illnm
1396 5478 1491 5545 benni,
1506 5479 1551 5548 qni
1564 5477 1626 5548 (ecit
1641 5492 1753 5546 magna·

126 5587 197 5633 terra
220 5577 360 5649 degintinit
376 5575 484 5630 Dotion
503 5585 527 5630 et
547 5574 657 5641 Abiron,
674 5573 701 5629 id
718 5572 912 5630 esthaereticos
963 5574 1001 5628 iia
1014 5574 1042 5627 in
1054 5572 1182 5644 AEggpto,
1194 5572 1260 5629 dnm
1275 5571 1418 5644 AEgyptios
1431 5588 1479 5643 per
1493 5572 1570 5643 signa
1587 5571 1748 5638 humiliarit,

125 5679 154 5726 et
167 5669 358 5727 schismaticos
369 5677 478 5747 terrena
488 5667 624 5724 desideria
635 5665 797 5724 absorbent·
815 5664 912 5722 deinde
964 5662 1093 5721 llebraeos
1110 5665 1249 5732 exaltarit,
1264 5675 1292 5722 et
1315 5664 1362 5736 qui
1389 5664 1452 5721 iecit
1472 5664 1607 5719 mirabilia
1629 5665 1657 5720 in
1680 5672 1751 5719 term
