<?xml version="1.0" encoding="UTF-8"?>
<!DOCTYPE html PUBLIC "-//W3C//DTD XHTML 1.0 Transitional//EN"
    "http://www.w3.org/TR/xhtml1/DTD/xhtml1-transitional.dtd">
<html xmlns="http://www.w3.org/1999/xhtml" xml:lang="en" lang="en">
 <head>
  <title>
</title>
<meta http-equiv="Content-Type" content="text/html;charset=utf-8" />
  <meta name='ocr-system' content='tesseract 3.04.00' />
  <meta name='ocr-capabilities' content='ocr_page ocr_carea ocr_par ocr_line ocrx_word'/>
</head>
<body>
  <div class='ocr_page' id='page_1' title='image "./lta-11000/patrologiaecurs03berngoog/patrologiaecurs03berngoog_0884.png"; bbox 0 0 3892 6067; ppageno 0'>
   <div class='ocr_carea' id='block_1_1' title="bbox 238 101 1867 194">
    <p class='ocr_par' dir='ltr' id='par_1_1' title="bbox 238 101 1867 194">
     <span class='ocr_line' id='line_1_1' title="bbox 238 101 1867 194; baseline -0.02 -3"><span class='ocrx_word' id='word_1_1' title='bbox 238 101 309 194; x_wconf 72' lang='lat' dir='ltr'>rts&#39;o</span> <span class='ocrx_word' id='word_1_2' title='bbox 872 115 1221 183; x_wconf 75' lang='lat' dir='ltr'>ntcomsrrcrsrrsr</span> <span class='ocrx_word' id='word_1_3' title='bbox 1793 111 1867 172; x_wconf 71' lang='lat' dir='ltr'>rma</span> 
     </span>
    </p>
   </div>
   <div class='ocr_carea' id='block_1_2' title="bbox 234 228 1867 1312">
    <p class='ocr_par' dir='ltr' id='par_1_2' title="bbox 234 228 1867 1312">
     <span class='ocr_line' id='line_1_2' title="bbox 238 228 1864 314; baseline -0.009 -12"><span class='ocrx_word' id='word_1_4' title='bbox 238 257 396 314; x_wconf 75' lang='lat' dir='ltr'>structique,</span> <span class='ocrx_word' id='word_1_5' title='bbox 414 241 519 298; x_wconf 87' lang='lat' dir='ltr'>scillcet</span> <span class='ocrx_word' id='word_1_6' title='bbox 540 241 668 298; x_wconf 85' lang='lat' dir='ltr'>conaltem</span> <span class='ocrx_word' id='word_1_7' title='bbox 683 248 711 297; x_wconf 88' lang='lat' dir='ltr'>ct</span> <span class='ocrx_word' id='word_1_8' title='bbox 721 247 837 296; x_wconf 90' lang='lat' dir='ltr'>matrem</span> <span class='ocrx_word' id='word_1_9' title='bbox 861 252 951 303; x_wconf 88' lang='lat' dir='ltr'>suam,</span> <span class='ocrx_word' id='word_1_10' title='bbox 971 234 1023 293; x_wconf 86' lang='lat' dir='ltr'>sub</span> <span class='ocrx_word' id='word_1_11' title='bbox 1038 239 1060 297; x_wconf 73' lang='grc' dir='ltr'><strong>Α</strong></span> <span class='ocrx_word' id='word_1_12' title='bbox 1074 241 1174 305; x_wconf 70' lang='lat' dir='ltr'>crypta</span> <span class='ocrx_word' id='word_1_13' title='bbox 1186 233 1285 302; x_wconf 84' lang='lat' dir='ltr'>posita,</span> <span class='ocrx_word' id='word_1_14' title='bbox 1300 231 1405 287; x_wconf 88' lang='lat' dir='ltr'>nulium</span> <span class='ocrx_word' id='word_1_15' title='bbox 1418 229 1532 286; x_wconf 86' lang='lat' dir='ltr'>omnino</span> <span class='ocrx_word' id='word_1_16' title='bbox 1543 244 1623 300; x_wconf 88' lang='lat' dir='ltr'>passa</span> <span class='ocrx_word' id='word_1_17' title='bbox 1634 237 1679 286; x_wconf 88' lang='lat' dir='ltr'>est</span> <span class='ocrx_word' id='word_1_18' title='bbox 1690 228 1864 301; x_wconf 83' lang='lat' dir='ltr'>irteendiara,</span> 
     </span>
     <span class='ocr_line' id='line_1_3' title="bbox 236 320 1864 400; baseline -0.007 -9"><span class='ocrx_word' id='word_1_19' title='bbox 236 336 381 391; x_wconf 80' lang='lat' dir='ltr'>velocitate</span> <span class='ocrx_word' id='word_1_20' title='bbox 402 334 628 398; x_wconf 78' lang='lat' dir='ltr'>conveniremus,</span> <span class='ocrx_word' id='word_1_21' title='bbox 652 342 680 387; x_wconf 87' lang='lat' dir='ltr'>et</span> <span class='ocrx_word' id='word_1_22' title='bbox 703 347 767 387; x_wconf 90' lang='lat' dir='ltr'>cum</span> <span class='ocrx_word' id='word_1_23' title='bbox 787 329 863 385; x_wconf 90' lang='lat' dir='ltr'>omni</span> <span class='ocrx_word' id='word_1_24' title='bbox 883 326 1023 398; x_wconf 83' lang='lat' dir='ltr'>diligentia</span> <span class='ocrx_word' id='word_1_25' title='bbox 1074 325 1122 380; x_wconf 89' lang='lat' dir='ltr'>sed</span> <span class='ocrx_word' id='word_1_26' title='bbox 1149 323 1339 379; x_wconf 90' lang='lat' dir='ltr'>tantummodo</span> <span class='ocrx_word' id='word_1_27' title='bbox 1368 321 1509 400; x_wconf 85' lang='lat' dir='ltr'>denigrata</span> <span class='ocrx_word' id='word_1_28' title='bbox 1539 329 1591 376; x_wconf 90' lang='lat' dir='ltr'>est.</span> <span class='ocrx_word' id='word_1_29' title='bbox 1622 320 1748 378; x_wconf 79' lang='lat' dir='ltr'>Sericum</span> <span class='ocrx_word' id='word_1_30' title='bbox 1770 333 1864 380; x_wconf 84' lang='lat' dir='ltr'>autem</span> 
     </span>
     <span class='ocr_line' id='line_1_4' title="bbox 237 411 1865 510; baseline -0.009 -27"><span class='ocrx_word' id='word_1_31' title='bbox 237 441 285 483; x_wconf 89' lang='lat' dir='ltr'>eos</span> <span class='ocrx_word' id='word_1_32' title='bbox 302 426 523 492; x_wconf 76' lang='lat' dir='ltr'>exhortaremur,</span> <span class='ocrx_word' id='word_1_33' title='bbox 541 433 570 481; x_wconf 93' lang='lat' dir='ltr'>ut</span> <span class='ocrx_word' id='word_1_34' title='bbox 594 423 686 480; x_wconf 91' lang='lat' dir='ltr'>abbati</span> <span class='ocrx_word' id='word_1_35' title='bbox 714 421 904 498; x_wconf 73' lang='lat' dir='ltr'>praenominati</span> <span class='ocrx_word' id='word_1_36' title='bbox 928 434 1025 475; x_wconf 90' lang='lat' dir='ltr'>mona·</span> <span class='ocrx_word' id='word_1_37' title='bbox 1073 414 1146 510; x_wconf 76' lang='lat' dir='ltr'>qnod</span> <span class='ocrx_word' id='word_1_38' title='bbox 1162 414 1196 469; x_wconf 92' lang='lat' dir='ltr'>ad</span> <span class='ocrx_word' id='word_1_39' title='bbox 1208 414 1308 470; x_wconf 88' lang='lat' dir='ltr'>collum</span> <span class='ocrx_word' id='word_1_40' title='bbox 1320 413 1447 484; x_wconf 84' lang='lat' dir='ltr'>imaginis</span> <span class='ocrx_word' id='word_1_41' title='bbox 1458 413 1534 483; x_wconf 86' lang='lat' dir='ltr'>pueri</span> <span class='ocrx_word' id='word_1_42' title='bbox 1548 411 1614 467; x_wconf 82' lang='lat' dir='ltr'>lesu</span> <span class='ocrx_word' id='word_1_43' title='bbox 1635 413 1772 484; x_wconf 74' lang='lat' dir='ltr'>pendebat</span> <span class='ocrx_word' id='word_1_44' title='bbox 1793 415 1865 489; x_wconf 78' lang='lat' dir='ltr'>plag·</span> 
     </span>
     <span class='ocr_line' id='line_1_5' title="bbox 236 503 1866 576; baseline -0.006 -5"><span class='ocrx_word' id='word_1_45' title='bbox 236 516 312 572; x_wconf 79' lang='lat' dir='ltr'>sterii</span> <span class='ocrx_word' id='word_1_46' title='bbox 339 514 429 570; x_wconf 90' lang='lat' dir='ltr'>ablata</span> <span class='ocrx_word' id='word_1_47' title='bbox 458 516 550 569; x_wconf 92' lang='lat' dir='ltr'>omnia</span> <span class='ocrx_word' id='word_1_48' title='bbox 575 514 635 570; x_wconf 87' lang='lat' dir='ltr'>sine</span> <span class='ocrx_word' id='word_1_49' title='bbox 658 512 788 568; x_wconf 91' lang='lat' dir='ltr'>dilatione</span> <span class='ocrx_word' id='word_1_50' title='bbox 811 510 964 576; x_wconf 75' lang='lat' dir='ltr'>redderent,</span> <span class='ocrx_word' id='word_1_51' title='bbox 989 505 1024 564; x_wconf 88' lang='lat' dir='ltr'>dc</span> <span class='ocrx_word' id='word_1_52' title='bbox 1073 505 1228 573; x_wconf 82' lang='lat' dir='ltr'>lanterium,</span> <span class='ocrx_word' id='word_1_53' title='bbox 1246 520 1297 560; x_wconf 89' lang='lat' dir='ltr'>nec</span> <span class='ocrx_word' id='word_1_54' title='bbox 1310 503 1866 576; x_wconf 82' lang='lat' dir='ltr'>odoremlnmioontrarit,necinparro</span> 
     </span>
     <span class='ocr_line' id='line_1_6' title="bbox 235 591 1865 676; baseline -0.006 -15"><span class='ocrx_word' id='word_1_55' title='bbox 235 606 345 662; x_wconf 89' lang='lat' dir='ltr'>damnis</span> <span class='ocrx_word' id='word_1_56' title='bbox 359 615 386 661; x_wconf 92' lang='lat' dir='ltr'>et</span> <span class='ocrx_word' id='word_1_57' title='bbox 399 605 508 676; x_wconf 78' lang='lat' dir='ltr'>injuriis</span> <span class='ocrx_word' id='word_1_58' title='bbox 524 604 606 659; x_wconf 90' lang='lat' dir='ltr'>illatis</span> <span class='ocrx_word' id='word_1_59' title='bbox 623 602 822 667; x_wconf 76' lang='lat' dir='ltr'>satisfacerent,</span> <span class='ocrx_word' id='word_1_60' title='bbox 836 608 864 655; x_wconf 90' lang='lat' dir='ltr'>et</span> <span class='ocrx_word' id='word_1_61' title='bbox 876 598 912 655; x_wconf 92' lang='lat' dir='ltr'>ab</span> <span class='ocrx_word' id='word_1_62' title='bbox 926 612 1023 654; x_wconf 89' lang='lat' dir='ltr'>eorum</span> <span class='ocrx_word' id='word_1_63' title='bbox 1072 605 1120 651; x_wconf 91' lang='lat' dir='ltr'>aut</span> <span class='ocrx_word' id='word_1_64' title='bbox 1132 610 1233 666; x_wconf 86' lang='lat' dir='ltr'>magno</span> <span class='ocrx_word' id='word_1_65' title='bbox 1245 596 1363 651; x_wconf 85' lang='lat' dir='ltr'>colorem</span> <span class='ocrx_word' id='word_1_66' title='bbox 1378 593 1503 649; x_wconf 84' lang='lat' dir='ltr'>mutarit.</span> <span class='ocrx_word' id='word_1_67' title='bbox 1528 591 1607 649; x_wconf 84' lang='lat' dir='ltr'>Unde</span> <span class='ocrx_word' id='word_1_68' title='bbox 1624 594 1729 664; x_wconf 90' lang='lat' dir='ltr'>liquido</span> <span class='ocrx_word' id='word_1_69' title='bbox 1748 596 1865 660; x_wconf 86' lang='lat' dir='ltr'>claruit,</span> 
     </span>
     <span class='ocr_line' id='line_1_7' title="bbox 235 680 1867 766; baseline -0.008 -14"><span class='ocrx_word' id='word_1_70' title='bbox 235 697 410 752; x_wconf 71' lang='lat' dir='ltr'>infestatione</span> <span class='ocrx_word' id='word_1_71' title='bbox 424 705 451 751; x_wconf 90' lang='lat' dir='ltr'>et</span> <span class='ocrx_word' id='word_1_72' title='bbox 467 696 588 750; x_wconf 91' lang='lat' dir='ltr'>indebito</span> <span class='ocrx_word' id='word_1_73' title='bbox 600 693 757 766; x_wconf 74' lang='lat' dir='ltr'>gravamine</span> <span class='ocrx_word' id='word_1_74' title='bbox 769 691 885 746; x_wconf 88' lang='lat' dir='ltr'>ulterius</span> <span class='ocrx_word' id='word_1_75' title='bbox 896 689 1022 760; x_wconf 82' lang='lat' dir='ltr'>quiesce·</span> <span class='ocrx_word' id='word_1_76' title='bbox 1072 684 1147 755; x_wconf 88' lang='lat' dir='ltr'>quod</span> <span class='ocrx_word' id='word_1_77' title='bbox 1157 699 1208 740; x_wconf 86' lang='lat' dir='ltr'>nee</span> <span class='ocrx_word' id='word_1_78' title='bbox 1223 684 1281 754; x_wconf 88' lang='lat' dir='ltr'>ipsa</span> <span class='ocrx_word' id='word_1_79' title='bbox 1303 683 1393 754; x_wconf 87' lang='lat' dir='ltr'>imago</span> <span class='ocrx_word' id='word_1_80' title='bbox 1408 680 1606 753; x_wconf 85' lang='lat' dir='ltr'>aliquantisper</span> <span class='ocrx_word' id='word_1_81' title='bbox 1620 682 1699 737; x_wconf 79' lang='lat' dir='ltr'>ieme</span> <span class='ocrx_word' id='word_1_82' title='bbox 1710 683 1867 740; x_wconf 56' lang='lat' dir='ltr'>obducam</span> 
     </span>
     <span class='ocr_line' id='line_1_8' title="bbox 235 772 1867 845; baseline -0.006 -4"><span class='ocrx_word' id='word_1_83' title='bbox 235 795 305 842; x_wconf 84' lang='lat' dir='ltr'>reru.</span> <span class='ocrx_word' id='word_1_84' title='bbox 323 784 351 841; x_wconf 88' lang='lat' dir='ltr'>Si</span> <span class='ocrx_word' id='word_1_85' title='bbox 370 793 461 840; x_wconf 90' lang='lat' dir='ltr'>autem</span> <span class='ocrx_word' id='word_1_86' title='bbox 477 783 549 839; x_wconf 85' lang='lat' dir='ltr'>inira</span> <span class='ocrx_word' id='word_1_87' title='bbox 568 800 604 840; x_wconf 81' lang='lat' dir='ltr'>xx</span> <span class='ocrx_word' id='word_1_88' title='bbox 628 784 686 840; x_wconf 88' lang='lat' dir='ltr'>dies</span> <span class='ocrx_word' id='word_1_89' title='bbox 700 792 801 837; x_wconf 85' lang='lat' dir='ltr'>nostrae</span> <span class='ocrx_word' id='word_1_90' title='bbox 814 778 1022 836; x_wconf 75' lang='lat' dir='ltr'>commonitioni</span> <span class='ocrx_word' id='word_1_91' title='bbox 1072 783 1128 842; x_wconf 87' lang='lat' dir='ltr'>tar,</span> <span class='ocrx_word' id='word_1_92' title='bbox 1143 775 1196 830; x_wconf 89' lang='lat' dir='ltr'>nisi</span> <span class='ocrx_word' id='word_1_93' title='bbox 1210 783 1241 830; x_wconf 88' lang='lat' dir='ltr'>ut</span> <span class='ocrx_word' id='word_1_94' title='bbox 1263 773 1447 845; x_wconf 85' lang='lat' dir='ltr'>reparationis</span> <span class='ocrx_word' id='word_1_95' title='bbox 1468 773 1530 843; x_wconf 76' lang='lat' dir='ltr'>elas</span> <span class='ocrx_word' id='word_1_96' title='bbox 1545 772 1692 829; x_wconf 86' lang='lat' dir='ltr'>occasione</span> <span class='ocrx_word' id='word_1_97' title='bbox 1712 773 1867 832; x_wconf 82' lang='lat' dir='ltr'>thesaurus</span> 
     </span>
     <span class='ocr_line' id='line_1_9' title="bbox 234 862 1866 946; baseline -0.007 -13"><span class='ocrx_word' id='word_1_98' title='bbox 234 877 346 933; x_wconf 90' lang='lat' dir='ltr'>obedire</span> <span class='ocrx_word' id='word_1_99' title='bbox 358 888 574 942; x_wconf 85' lang='lat' dir='ltr'>contemnerent,</span> <span class='ocrx_word' id='word_1_100' title='bbox 597 892 681 946; x_wconf 90' lang='lat' dir='ltr'>super</span> <span class='ocrx_word' id='word_1_101' title='bbox 703 876 778 944; x_wconf 90' lang='lat' dir='ltr'>ipsos</span> <span class='ocrx_word' id='word_1_102' title='bbox 800 872 1023 929; x_wconf 75' lang='lat' dir='ltr'>excommunica·</span> <span class='ocrx_word' id='word_1_103' title='bbox 1073 865 1270 923; x_wconf 74' lang='lat' dir='ltr'>inanimantis</span> <span class='ocrx_word' id='word_1_104' title='bbox 1292 865 1381 921; x_wconf 88' lang='lat' dir='ltr'>latens</span> <span class='ocrx_word' id='word_1_105' title='bbox 1397 864 1424 919; x_wconf 90' lang='lat' dir='ltr'>in</span> <span class='ocrx_word' id='word_1_106' title='bbox 1449 878 1547 934; x_wconf 85' lang='lat' dir='ltr'>caper</span> <span class='ocrx_word' id='word_1_107' title='bbox 1570 862 1690 919; x_wconf 84' lang='lat' dir='ltr'>diuinam</span> <span class='ocrx_word' id='word_1_108' title='bbox 1714 863 1866 935; x_wconf 69' lang='lat' dir='ltr'>dispenn-</span> 
     </span>
     <span class='ocr_line' id='line_1_10' title="bbox 234 960 1866 1037; baseline -0.002 -17"><span class='ocrx_word' id='word_1_109' title='bbox 234 968 318 1024; x_wconf 76' lang='lat' dir='ltr'>tinius</span> <span class='ocrx_word' id='word_1_110' title='bbox 332 967 493 1022; x_wconf 84' lang='lat' dir='ltr'>sententiam</span> <span class='ocrx_word' id='word_1_111' title='bbox 519 964 714 1037; x_wconf 74' lang='lat' dir='ltr'>proferremus,</span> <span class='ocrx_word' id='word_1_112' title='bbox 737 972 763 1018; x_wconf 93' lang='lat' dir='ltr'>et</span> <span class='ocrx_word' id='word_1_113' title='bbox 782 963 810 1018; x_wconf 92' lang='lat' dir='ltr'>in</span> <span class='ocrx_word' id='word_1_114' title='bbox 835 971 936 1017; x_wconf 88' lang='lat' dir='ltr'>terrant</span> <span class='ocrx_word' id='word_1_115' title='bbox 961 961 1024 1016; x_wconf 90' lang='lat' dir='ltr'>iilo·</span> <span class='ocrx_word' id='word_1_116' title='bbox 1072 965 1173 1020; x_wconf 90' lang='lat' dir='ltr'>tionem</span> <span class='ocrx_word' id='word_1_117' title='bbox 1186 964 1362 1036; x_wconf 83' lang='lat' dir='ltr'>panderetur.</span> <span class='ocrx_word' id='word_1_118' title='bbox 1378 960 1446 1017; x_wconf 87' lang='lat' dir='ltr'>llam</span> <span class='ocrx_word' id='word_1_119' title='bbox 1456 961 1587 1033; x_wconf 84' lang='lat' dir='ltr'>praedicta</span> <span class='ocrx_word' id='word_1_120' title='bbox 1602 961 1721 1032; x_wconf 84' lang='lat' dir='ltr'>imagine</span> <span class='ocrx_word' id='word_1_121' title='bbox 1733 962 1770 1017; x_wconf 88' lang='lat' dir='ltr'>ad</span> <span class='ocrx_word' id='word_1_122' title='bbox 1782 977 1866 1033; x_wconf 87' lang='lat' dir='ltr'>repa·</span> 
     </span>
     <span class='ocr_line' id='line_1_11' title="bbox 235 1053 1865 1126; baseline -0.009 -2"><span class='ocrx_word' id='word_1_123' title='bbox 235 1073 295 1112; x_wconf 59' lang='lat'>¹1¹⁰]</span> <span class='ocrx_word' id='word_1_124' title='bbox 315 1057 407 1112; x_wconf 66' lang='lat' dir='ltr'>munit</span> <span class='ocrx_word' id='word_1_125' title='bbox 424 1057 515 1111; x_wconf 66' lang='lat' dir='ltr'>‘filim</span> <span class='ocrx_word' id='word_1_126' title='bbox 529 1056 627 1121; x_wconf 62' lang='lat' dir='ltr'>officit,</span> <span class='ocrx_word' id='word_1_127' title='bbox 653 1064 752 1126; x_wconf 61' lang='lat' dir='ltr'>llaelef</span> <span class='ocrx_word' id='word_1_128' title='bbox 771 1053 904 1124; x_wconf 52' lang='lat' dir='ltr'>balilim&amp;</span> <span class='ocrx_word' id='word_1_129' title='bbox 922 1066 1023 1124; x_wconf 63' lang='lat' dir='ltr'>Piliu-</span> <span class='ocrx_word' id='word_1_130' title='bbox 1071 1066 1192 1113; x_wconf 86' lang='lat' dir='ltr'>mtorcm</span> <span class='ocrx_word' id='word_1_131' title='bbox 1204 1058 1300 1124; x_wconf 88' lang='lat' dir='ltr'>missa,</span> <span class='ocrx_word' id='word_1_132' title='bbox 1319 1056 1476 1112; x_wconf 79' lang='lat' dir='ltr'>dictumest</span> <span class='ocrx_word' id='word_1_133' title='bbox 1489 1054 1596 1123; x_wconf 86' lang='lat' dir='ltr'>abipso</span> <span class='ocrx_word' id='word_1_134' title='bbox 1607 1061 1774 1124; x_wconf 81' lang='lat' dir='ltr'>reparatore,</span> <span class='ocrx_word' id='word_1_135' title='bbox 1787 1053 1865 1124; x_wconf 87' lang='lat' dir='ltr'>quod</span> 
     </span>
     <span class='ocr_line' id='line_1_12' title="bbox 234 1143 1865 1221; baseline 0 -19"><span class='ocrx_word' id='word_1_136' title='bbox 234 1149 334 1215; x_wconf 91' lang='lat' dir='ltr'>lorum,</span> <span class='ocrx_word' id='word_1_137' title='bbox 349 1157 376 1203; x_wconf 88' lang='lat' dir='ltr'>et</span> <span class='ocrx_word' id='word_1_138' title='bbox 400 1147 575 1218; x_wconf 84' lang='lat' dir='ltr'>poerriteotias</span> <span class='ocrx_word' id='word_1_139' title='bbox 600 1145 788 1211; x_wconf 89' lang='lat' dir='ltr'>morientium,</span> <span class='ocrx_word' id='word_1_140' title='bbox 805 1144 916 1214; x_wconf 86' lang='lat' dir='ltr'>penitus</span> <span class='ocrx_word' id='word_1_141' title='bbox 937 1143 1022 1198; x_wconf 89' lang='lat' dir='ltr'>inter·</span> <span class='ocrx_word' id='word_1_142' title='bbox 1073 1147 1173 1221; x_wconf 90' lang='lat' dir='ltr'>imago,</span> <span class='ocrx_word' id='word_1_143' title='bbox 1188 1150 1228 1204; x_wconf 92' lang='lat' dir='ltr'>uti</span> <span class='ocrx_word' id='word_1_144' title='bbox 1251 1149 1304 1205; x_wconf 86' lang='lat' dir='ltr'>sibi</span> <span class='ocrx_word' id='word_1_145' title='bbox 1317 1148 1472 1214; x_wconf 85' lang='lat' dir='ltr'>ridebatur,</span> <span class='ocrx_word' id='word_1_146' title='bbox 1487 1145 1706 1202; x_wconf 87' lang='lat' dir='ltr'>occultissimum</span> <span class='ocrx_word' id='word_1_147' title='bbox 1726 1145 1865 1204; x_wconf 77' lang='lat' dir='ltr'>ostiolum</span> 
     </span>
     <span class='ocr_line' id='line_1_13' title="bbox 234 1235 1866 1312; baseline -0.009 -17"><span class='ocrx_word' id='word_1_148' title='bbox 234 1239 387 1295; x_wconf 82' lang='lat' dir='ltr'>diceremus</span> <span class='ocrx_word' id='word_1_149' title='bbox 406 1255 413 1293; x_wconf 91' lang='lat'>:</span> <span class='ocrx_word' id='word_1_150' title='bbox 433 1238 612 1308; x_wconf 86' lang='lat' dir='ltr'>camdemque</span> <span class='ocrx_word' id='word_1_151' title='bbox 636 1238 799 1293; x_wconf 88' lang='lat' dir='ltr'>sententiam</span> <span class='ocrx_word' id='word_1_152' title='bbox 824 1235 900 1291; x_wconf 91' lang='lat' dir='ltr'>omni</span> <span class='ocrx_word' id='word_1_153' title='bbox 917 1244 1020 1290; x_wconf 90' lang='lat' dir='ltr'>remota</span> <span class='ocrx_word' id='word_1_154' title='bbox 1071 1241 1143 1297; x_wconf 68' lang='lat' dir='ltr'>incer</span> <span class='ocrx_word' id='word_1_155' title='bbox 1158 1241 1284 1312; x_wconf 62' lang='lat' dir='ltr'>scapulas</span> <span class='ocrx_word' id='word_1_156' title='bbox 1300 1240 1412 1296; x_wconf 63' lang='lat' dir='ltr'>paperes</span> <span class='ocrx_word' id='word_1_157' title='bbox 1427 1253 1502 1310; x_wconf 67' lang='lat' dir='ltr'>:quq</span> <span class='ocrx_word' id='word_1_158' title='bbox 1516 1238 1619 1306; x_wconf 70' lang='lat' dir='ltr'>audito,</span> <span class='ocrx_word' id='word_1_159' title='bbox 1631 1237 1693 1295; x_wconf 66' lang='lat'>0510</span> <span class='ocrx_word' id='word_1_160' title='bbox 1703 1239 1782 1309; x_wconf 59' lang='lat' dir='ltr'>prior</span> <span class='ocrx_word' id='word_1_161' title='bbox 1793 1254 1866 1310; x_wconf 58' lang='lat' dir='ltr'>pm.</span> 
     </span>
    </p>
   </div>
   <div class='ocr_carea' id='block_1_3' title="bbox 233 1326 1938 1495">
    <p class='ocr_par' dir='ltr' id='par_1_3' title="bbox 233 1326 1938 1495">
     <span class='ocr_line' id='line_1_14' title="bbox 234 1326 1938 1403; baseline 0 -19"><span class='ocrx_word' id='word_1_162' title='bbox 234 1330 425 1401; x_wconf 86' lang='lat' dir='ltr'>appellatione,</span> <span class='ocrx_word' id='word_1_163' title='bbox 446 1340 473 1386; x_wconf 91' lang='lat' dir='ltr'>et</span> <span class='ocrx_word' id='word_1_164' title='bbox 493 1329 631 1386; x_wconf 88' lang='lat' dir='ltr'>dilationis</span> <span class='ocrx_word' id='word_1_165' title='bbox 658 1329 804 1386; x_wconf 86' lang='lat' dir='ltr'>occasione</span> <span class='ocrx_word' id='word_1_166' title='bbox 828 1326 1021 1383; x_wconf 88' lang='lat' dir='ltr'>lrrviolabiliter</span> <span class='ocrx_word' id='word_1_167' title='bbox 1071 1332 1143 1403; x_wconf 90' lang='lat' dir='ltr'>cepit</span> <span class='ocrx_word' id='word_1_168' title='bbox 1156 1346 1215 1387; x_wconf 88' lang='lat' dir='ltr'>eam</span> <span class='ocrx_word' id='word_1_169' title='bbox 1234 1334 1336 1403; x_wconf 87' lang='lat' dir='ltr'>portari</span> <span class='ocrx_word' id='word_1_170' title='bbox 1361 1331 1389 1386; x_wconf 91' lang='lat' dir='ltr'>in</span> <span class='ocrx_word' id='word_1_171' title='bbox 1407 1328 1608 1395; x_wconf 65' lang='lat' dir='ltr'>sacristariam</span> <span class='ocrx_word' id='word_1_172' title='bbox 1634 1343 1793 1400; x_wconf 83' lang='lat' dir='ltr'>vocansque</span> <span class='ocrx_word' id='word_1_173' title='bbox 1815 1343 1864 1386; x_wconf 75' lang='lat' dir='ltr'>sc·</span> <span class='ocrx_word' id='word_1_174' title='bbox 1937 1377 1938 1384; x_wconf 72' lang='grc'>,</span> 
     </span>
     <span class='ocr_line' id='line_1_15' title="bbox 233 1415 1938 1495; baseline -0.006 -15"><span class='ocrx_word' id='word_1_175' title='bbox 233 1422 433 1480; x_wconf 78' lang='lat' dir='ltr'>observandam</span> <span class='ocrx_word' id='word_1_176' title='bbox 448 1422 1019 1495; x_wconf 82' lang='lat' dir='ltr'>vobisauctoritateipsiusmandaremus.</span> <span class='ocrx_word' id='word_1_177' title='bbox 1071 1439 1133 1482; x_wconf 88' lang='lat' dir='ltr'>cum</span> <span class='ocrx_word' id='word_1_178' title='bbox 1148 1423 1314 1482; x_wconf 86' lang='lat' dir='ltr'>Gauiredum</span> <span class='ocrx_word' id='word_1_179' title='bbox 1345 1424 1526 1495; x_wconf 80' lang='lat' dir='ltr'>subpriorem,</span> <span class='ocrx_word' id='word_1_180' title='bbox 1543 1421 1746 1479; x_wconf 78' lang='lat' dir='ltr'>etderrasinm</span> <span class='ocrx_word' id='word_1_181' title='bbox 1769 1426 1863 1480; x_wconf 55' lang='lat' dir='ltr'>saeri-</span> <span class='ocrx_word' id='word_1_182' title='bbox 1937 1415 1938 1430; x_wconf 65' lang='lat'>¹</span> 
     </span>
    </p>
   </div>
   <div class='ocr_carea' id='block_1_4' title="bbox 233 1508 1863 1589">
    <p class='ocr_par' dir='ltr' id='par_1_4' title="bbox 233 1508 1863 1589">
     <span class='ocr_line' id='line_1_16' title="bbox 233 1508 1863 1589; baseline 0.002 -24"><span class='ocrx_word' id='word_1_183' title='bbox 233 1508 289 1568; x_wconf 86' lang='lat' dir='ltr'>Nos</span> <span class='ocrx_word' id='word_1_184' title='bbox 313 1514 405 1584; x_wconf 88' lang='lat' dir='ltr'>itaque</span> <span class='ocrx_word' id='word_1_185' title='bbox 426 1522 591 1586; x_wconf 83' lang='lat' dir='ltr'>praeceptum</span> <span class='ocrx_word' id='word_1_186' title='bbox 617 1511 725 1569; x_wconf 83' lang='lat' dir='ltr'>Domini</span> <span class='ocrx_word' id='word_1_187' title='bbox 748 1512 917 1570; x_wconf 79' lang='lat' dir='ltr'>exsecutioni</span> <span class='ocrx_word' id='word_1_188' title='bbox 942 1526 1021 1566; x_wconf 91' lang='lat' dir='ltr'>man·</span> <span class='ocrx_word' id='word_1_189' title='bbox 1072 1525 1153 1583; x_wconf 78' lang='lat' dir='ltr'>stam,</span> <span class='ocrx_word' id='word_1_190' title='bbox 1168 1526 1194 1572; x_wconf 80' lang='lat' dir='ltr'>ct</span> <span class='ocrx_word' id='word_1_191' title='bbox 1208 1515 1353 1573; x_wconf 68' lang='lat' dir='ltr'>dicaculum</span> <span class='ocrx_word' id='word_1_192' title='bbox 1368 1516 1588 1582; x_wconf 79' lang='lat' dir='ltr'>conestabulum,</span> <span class='ocrx_word' id='word_1_193' title='bbox 1604 1513 1766 1572; x_wconf 71' lang='lat' dir='ltr'>Mauriciano</span> <span class='ocrx_word' id='word_1_194' title='bbox 1789 1533 1863 1589; x_wconf 84' lang='lat' dir='ltr'>qno·</span> 
     </span>
    </p>
   </div>
   <div class='ocr_carea' id='block_1_5' title="bbox 232 1581 1940 1679">
    <p class='ocr_par' dir='ltr' id='par_1_5' title="bbox 232 1581 1940 1679">
     <span class='ocr_line' id='line_1_17' title="bbox 232 1581 1940 1679; baseline 0.004 -20"><span class='ocrx_word' id='word_1_195' title='bbox 232 1603 340 1674; x_wconf 85' lang='lat' dir='ltr'>darrtes,</span> <span class='ocrx_word' id='word_1_196' title='bbox 354 1621 415 1662; x_wconf 91' lang='lat' dir='ltr'>eum</span> <span class='ocrx_word' id='word_1_197' title='bbox 431 1607 465 1663; x_wconf 93' lang='lat' dir='ltr'>dc</span> <span class='ocrx_word' id='word_1_198' title='bbox 484 1606 669 1662; x_wconf 77' lang='lat' dir='ltr'>admonitione</span> <span class='ocrx_word' id='word_1_199' title='bbox 684 1612 777 1661; x_wconf 90' lang='lat' dir='ltr'>nostra</span> <span class='ocrx_word' id='word_1_200' title='bbox 791 1605 858 1660; x_wconf 92' lang='lat' dir='ltr'>nibil</span> <span class='ocrx_word' id='word_1_201' title='bbox 872 1581 1057 1675; x_wconf 74' lang='lat' dir='ltr'>proicere-1³</span> <span class='ocrx_word' id='word_1_202' title='bbox 1071 1622 1124 1677; x_wconf 90' lang='lat' dir='ltr'>quc</span> <span class='ocrx_word' id='word_1_203' title='bbox 1145 1616 1344 1674; x_wconf 88' lang='lat' dir='ltr'>succentorem,</span> <span class='ocrx_word' id='word_1_204' title='bbox 1369 1614 1397 1662; x_wconf 90' lang='lat' dir='ltr'>et</span> <span class='ocrx_word' id='word_1_205' title='bbox 1418 1607 1511 1677; x_wconf 88' lang='lat' dir='ltr'>ipsum</span> <span class='ocrx_word' id='word_1_206' title='bbox 1529 1604 1706 1662; x_wconf 78' lang='lat' dir='ltr'>lambertum</span> <span class='ocrx_word' id='word_1_207' title='bbox 1730 1609 1862 1679; x_wconf 73' lang='lat' dir='ltr'>imaginis</span> <span class='ocrx_word' id='word_1_208' title='bbox 1939 1657 1940 1678; x_wconf 77' lang='lat'>,</span> 
     </span>
    </p>
   </div>
   <div class='ocr_carea' id='block_1_6' title="bbox 230 1694 1865 3140">
    <p class='ocr_par' dir='ltr' id='par_1_6' title="bbox 230 1694 1865 3140">
     <span class='ocr_line' id='line_1_18' title="bbox 233 1694 1863 1775; baseline 0.002 -24"><span class='ocrx_word' id='word_1_209' title='bbox 233 1711 306 1760; x_wconf 88' lang='lat' dir='ltr'>mus,</span> <span class='ocrx_word' id='word_1_210' title='bbox 331 1697 496 1753; x_wconf 88' lang='lat' dir='ltr'>sententiam</span> <span class='ocrx_word' id='word_1_211' title='bbox 521 1694 814 1753; x_wconf 82' lang='lat' dir='ltr'>excommunicationis</span> <span class='ocrx_word' id='word_1_212' title='bbox 835 1696 863 1752; x_wconf 92' lang='lat' dir='ltr'>in</span> <span class='ocrx_word' id='word_1_213' title='bbox 888 1704 1021 1766; x_wconf 89' lang='lat' dir='ltr'>utrasque</span> <span class='ocrx_word' id='word_1_214' title='bbox 1070 1710 1266 1771; x_wconf 75' lang='lat' dir='ltr'>reparatorem,</span> <span class='ocrx_word' id='word_1_215' title='bbox 1280 1709 1392 1772; x_wconf 88' lang='lat' dir='ltr'>accepto</span> <span class='ocrx_word' id='word_1_216' title='bbox 1405 1699 1516 1755; x_wconf 88' lang='lat' dir='ltr'>cultello</span> <span class='ocrx_word' id='word_1_217' title='bbox 1532 1698 1647 1769; x_wconf 77' lang='lat' dir='ltr'>ipsemet</span> <span class='ocrx_word' id='word_1_218' title='bbox 1661 1698 1729 1754; x_wconf 92' lang='lat' dir='ltr'>rasit</span> <span class='ocrx_word' id='word_1_219' title='bbox 1739 1700 1863 1775; x_wconf 78' lang='lat' dir='ltr'>colmes,</span> 
     </span>
     <span class='ocr_line' id='line_1_19' title="bbox 232 1787 1861 1863; baseline 0.005 -23"><span class='ocrx_word' id='word_1_220' title='bbox 232 1801 376 1857; x_wconf 82' lang='lat' dir='ltr'>personas.</span> <span class='ocrx_word' id='word_1_221' title='bbox 393 1788 646 1860; x_wconf 82' lang='lat' dir='ltr'>pronrulgauimus;</span> <span class='ocrx_word' id='word_1_222' title='bbox 671 1787 720 1843; x_wconf 91' lang='lat' dir='ltr'>sed</span> <span class='ocrx_word' id='word_1_223' title='bbox 735 1787 813 1844; x_wconf 85' lang='lat' dir='ltr'>robis</span> <span class='ocrx_word' id='word_1_224' title='bbox 830 1802 891 1842; x_wconf 93' lang='lat' dir='ltr'>eam</span> <span class='ocrx_word' id='word_1_225' title='bbox 915 1787 1020 1843; x_wconf 89' lang='lat' dir='ltr'>denun-</span> <span class='ocrx_word' id='word_1_226' title='bbox 1071 1788 1200 1859; x_wconf 84' lang='lat' dir='ltr'>lignoque</span> <span class='ocrx_word' id='word_1_227' title='bbox 1216 1797 1320 1846; x_wconf 89' lang='lat' dir='ltr'>retecto</span> <span class='ocrx_word' id='word_1_228' title='bbox 1342 1788 1444 1845; x_wconf 87' lang='lat' dir='ltr'>nullius</span> <span class='ocrx_word' id='word_1_229' title='bbox 1465 1788 1604 1860; x_wconf 69' lang='lat' dir='ltr'>iuncturae</span> <span class='ocrx_word' id='word_1_230' title='bbox 1617 1787 1750 1847; x_wconf 88' lang='lat' dir='ltr'>indicium</span> <span class='ocrx_word' id='word_1_231' title='bbox 1762 1801 1861 1863; x_wconf 84' lang='lat' dir='ltr'>potus·</span> 
     </span>
     <span class='ocr_line' id='line_1_20' title="bbox 231 1876 1861 1951; baseline 0.004 -21"><span class='ocrx_word' id='word_1_232' title='bbox 231 1876 302 1931; x_wconf 90' lang='lat' dir='ltr'>tiarc</span> <span class='ocrx_word' id='word_1_233' title='bbox 320 1877 452 1934; x_wconf 85' lang='lat' dir='ltr'>hactenus</span> <span class='ocrx_word' id='word_1_234' title='bbox 471 1879 599 1934; x_wconf 88' lang='lat' dir='ltr'>consulto</span> <span class='ocrx_word' id='word_1_235' title='bbox 616 1878 784 1935; x_wconf 82' lang='lat' dir='ltr'>distulimus.</span> <span class='ocrx_word' id='word_1_236' title='bbox 806 1877 907 1934; x_wconf 87' lang='lat' dir='ltr'>Pacem</span> <span class='ocrx_word' id='word_1_237' title='bbox 919 1878 1021 1948; x_wconf 90' lang='lat' dir='ltr'>quippe</span> <span class='ocrx_word' id='word_1_238' title='bbox 1070 1888 1135 1935; x_wconf 90' lang='lat' dir='ltr'>runt</span> <span class='ocrx_word' id='word_1_239' title='bbox 1146 1879 1349 1950; x_wconf 88' lang='lat' dir='ltr'>deprehendere</span> <span class='ocrx_word' id='word_1_240' title='bbox 1366 1898 1373 1935; x_wconf 79' lang='lat' dir='ltr'>a</span> <span class='ocrx_word' id='word_1_241' title='bbox 1389 1880 1499 1935; x_wconf 89' lang='lat' dir='ltr'>demum</span> <span class='ocrx_word' id='word_1_242' title='bbox 1511 1879 1617 1951; x_wconf 85' lang='lat' dir='ltr'>accepit</span> <span class='ocrx_word' id='word_1_243' title='bbox 1630 1878 1791 1936; x_wconf 84' lang='lat' dir='ltr'>malleolum</span> <span class='ocrx_word' id='word_1_244' title='bbox 1806 1879 1861 1937; x_wconf 79' lang='lat' dir='ltr'>ler-</span> 
     </span>
     <span class='ocr_line' id='line_1_21' title="bbox 230 1966 1861 2042; baseline 0.003 -19"><span class='ocrx_word' id='word_1_245' title='bbox 230 1966 303 2023; x_wconf 90' lang='lat' dir='ltr'>inter</span> <span class='ocrx_word' id='word_1_246' title='bbox 317 1967 443 2025; x_wconf 89' lang='lat' dir='ltr'>abbatem</span> <span class='ocrx_word' id='word_1_247' title='bbox 461 1978 490 2025; x_wconf 88' lang='lat' dir='ltr'>et</span> <span class='ocrx_word' id='word_1_248' title='bbox 502 1970 630 2025; x_wconf 90' lang='lat' dir='ltr'>comitem</span> <span class='ocrx_word' id='word_1_249' title='bbox 646 1985 812 2042; x_wconf 89' lang='lat' dir='ltr'>componere</span> <span class='ocrx_word' id='word_1_250' title='bbox 822 1970 963 2040; x_wconf 89' lang='lat' dir='ltr'>cupientes</span> <span class='ocrx_word' id='word_1_251' title='bbox 979 1971 1020 2024; x_wconf 93' lang='lat' dir='ltr'>in·</span> <span class='ocrx_word' id='word_1_252' title='bbox 1070 1969 1338 2040; x_wconf 79' lang='lat' dir='ltr'>reum,tentauitqne</span> <span class='ocrx_word' id='word_1_253' title='bbox 1351 1985 1418 2025; x_wconf 90' lang='lat' dir='ltr'>aure</span> <span class='ocrx_word' id='word_1_254' title='bbox 1432 1970 1570 2040; x_wconf 87' lang='lat' dir='ltr'>percipere</span> <span class='ocrx_word' id='word_1_255' title='bbox 1584 1969 1656 2041; x_wconf 89' lang='lat' dir='ltr'>quod</span> <span class='ocrx_word' id='word_1_256' title='bbox 1673 1984 1772 2027; x_wconf 82' lang='lat' dir='ltr'>omnes</span> <span class='ocrx_word' id='word_1_257' title='bbox 1793 1987 1861 2028; x_wconf 75' lang='lat' dir='ltr'>oea-</span> 
     </span>
     <span class='ocr_line' id='line_1_22' title="bbox 232 2058 1861 2132; baseline 0.005 -20"><span class='ocrx_word' id='word_1_258' title='bbox 232 2058 364 2125; x_wconf 91' lang='lat' dir='ltr'>stitimus,</span> <span class='ocrx_word' id='word_1_259' title='bbox 380 2067 418 2127; x_wconf 92' lang='lat' dir='ltr'>et,</span> <span class='ocrx_word' id='word_1_260' title='bbox 433 2058 460 2113; x_wconf 92' lang='lat' dir='ltr'>in</span> <span class='ocrx_word' id='word_1_261' title='bbox 476 2068 609 2130; x_wconf 90' lang='lat' dir='ltr'>quantum</span> <span class='ocrx_word' id='word_1_262' title='bbox 633 2059 784 2129; x_wconf 91' lang='lat' dir='ltr'>potuimus,</span> <span class='ocrx_word' id='word_1_263' title='bbox 807 2058 1018 2125; x_wconf 73' lang='lat' dir='ltr'>elaboravimus,</span> <span class='ocrx_word' id='word_1_264' title='bbox 1070 2059 1106 2116; x_wconf 95' lang='lat' dir='ltr'>lis</span> <span class='ocrx_word' id='word_1_265' title='bbox 1121 2059 1271 2130; x_wconf 89' lang='lat' dir='ltr'>nequibant</span> <span class='ocrx_word' id='word_1_266' title='bbox 1284 2061 1457 2132; x_wconf 82' lang='lat' dir='ltr'>inuestigare,</span> <span class='ocrx_word' id='word_1_267' title='bbox 1472 2060 1640 2130; x_wconf 84' lang='lat' dir='ltr'>audiensque</span> <span class='ocrx_word' id='word_1_268' title='bbox 1654 2061 1736 2131; x_wconf 88' lang='lat' dir='ltr'>quasi</span> <span class='ocrx_word' id='word_1_269' title='bbox 1759 2077 1861 2119; x_wconf 80' lang='lat' dir='ltr'>sotrum</span> 
     </span>
     <span class='ocr_line' id='line_1_23' title="bbox 232 2146 1864 2223; baseline 0.003 -19"><span class='ocrx_word' id='word_1_270' title='bbox 232 2157 446 2221; x_wconf 85' lang='lat' dir='ltr'>tanrnosquam</span> <span class='ocrx_word' id='word_1_271' title='bbox 472 2148 636 2205; x_wconf 84' lang='lat' dir='ltr'>uenerabilis</span> <span class='ocrx_word' id='word_1_272' title='bbox 652 2148 736 2204; x_wconf 87' lang='lat' dir='ltr'>irater</span> <span class='ocrx_word' id='word_1_273' title='bbox 757 2156 851 2204; x_wconf 90' lang='lat' dir='ltr'>noster</span> <span class='ocrx_word' id='word_1_274' title='bbox 872 2146 1020 2204; x_wconf 85' lang='lat' dir='ltr'>lleldensis</span> <span class='ocrx_word' id='word_1_275' title='bbox 1070 2150 1110 2206; x_wconf 90' lang='lat' dir='ltr'>rei</span> <span class='ocrx_word' id='word_1_276' title='bbox 1125 2165 1264 2219; x_wconf 83' lang='lat' dir='ltr'>concavae,</span> <span class='ocrx_word' id='word_1_277' title='bbox 1288 2167 1336 2223; x_wconf 87' lang='lat' dir='ltr'>spe</span> <span class='ocrx_word' id='word_1_278' title='bbox 1361 2152 1502 2209; x_wconf 86' lang='lat' dir='ltr'>succintus</span> <span class='ocrx_word' id='word_1_279' title='bbox 1527 2152 1610 2207; x_wconf 81' lang='lat' dir='ltr'>hilari</span> <span class='ocrx_word' id='word_1_280' title='bbox 1636 2153 1769 2210; x_wconf 87' lang='lat' dir='ltr'>ostiolum</span> <span class='ocrx_word' id='word_1_281' title='bbox 1793 2155 1864 2212; x_wconf 89' lang='lat' dir='ltr'>iliud</span> 
     </span>
     <span class='ocr_line' id='line_1_24' title="bbox 230 2238 1862 2319; baseline 0.006 -23"><span class='ocrx_word' id='word_1_282' title='bbox 230 2240 386 2311; x_wconf 87' lang='lat' dir='ltr'>episeopus,</span> <span class='ocrx_word' id='word_1_283' title='bbox 402 2242 445 2296; x_wconf 90' lang='lat' dir='ltr'>eui</span> <span class='ocrx_word' id='word_1_284' title='bbox 462 2239 515 2297; x_wconf 89' lang='lat' dir='ltr'>boe</span> <span class='ocrx_word' id='word_1_285' title='bbox 527 2242 619 2312; x_wconf 91' lang='lat' dir='ltr'>ipsum</span> <span class='ocrx_word' id='word_1_286' title='bbox 638 2239 781 2296; x_wconf 87' lang='lat' dir='ltr'>adomiuo</span> <span class='ocrx_word' id='word_1_287' title='bbox 795 2254 865 2311; x_wconf 87' lang='lat' dir='ltr'>papa</span> <span class='ocrx_word' id='word_1_288' title='bbox 883 2254 917 2295; x_wconf 84' lang='lat' dir='ltr'>ex</span> <span class='ocrx_word' id='word_1_289' title='bbox 939 2238 1020 2294; x_wconf 78' lang='lat' dir='ltr'>indu·</span> <span class='ocrx_word' id='word_1_290' title='bbox 1070 2242 1189 2313; x_wconf 88' lang='lat' dir='ltr'>propriis</span> <span class='ocrx_word' id='word_1_291' title='bbox 1208 2243 1336 2299; x_wconf 90' lang='lat' dir='ltr'>manibus</span> <span class='ocrx_word' id='word_1_292' title='bbox 1351 2244 1396 2314; x_wconf 89' lang='lat' dir='ltr'>pie</span> <span class='ocrx_word' id='word_1_293' title='bbox 1417 2244 1505 2298; x_wconf 82' lang='lat' dir='ltr'>audax</span> <span class='ocrx_word' id='word_1_294' title='bbox 1531 2243 1676 2312; x_wconf 86' lang='lat' dir='ltr'>reserarit,</span> <span class='ocrx_word' id='word_1_295' title='bbox 1698 2245 1862 2319; x_wconf 77' lang='lat' dir='ltr'>invenitque</span> 
     </span>
     <span class='ocr_line' id='line_1_25' title="bbox 231 2327 1860 2408; baseline 0.005 -20"><span class='ocrx_word' id='word_1_296' title='bbox 231 2331 298 2392; x_wconf 86' lang='lat' dir='ltr'>stria</span> <span class='ocrx_word' id='word_1_297' title='bbox 313 2331 466 2402; x_wconf 76' lang='lat' dir='ltr'>iniunctum</span> <span class='ocrx_word' id='word_1_298' title='bbox 478 2330 581 2399; x_wconf 88' lang='lat' dir='ltr'>iuerat;</span> <span class='ocrx_word' id='word_1_299' title='bbox 595 2332 654 2400; x_wconf 83' lang='lat' dir='ltr'>sed,</span> <span class='ocrx_word' id='word_1_300' title='bbox 670 2332 798 2402; x_wconf 89' lang='lat' dir='ltr'>quoniam</span> <span class='ocrx_word' id='word_1_301' title='bbox 813 2331 913 2403; x_wconf 79' lang='lat' dir='ltr'>sapius</span> <span class='ocrx_word' id='word_1_302' title='bbox 925 2346 942 2386; x_wconf 88' lang='lat' dir='ltr'>a</span> <span class='ocrx_word' id='word_1_303' title='bbox 956 2327 1020 2401; x_wconf 84' lang='lat' dir='ltr'>p&#39;ro·</span> <span class='ocrx_word' id='word_1_304' title='bbox 1070 2334 1184 2406; x_wconf 87' lang='lat' dir='ltr'>capillos</span> <span class='ocrx_word' id='word_1_305' title='bbox 1195 2334 1269 2390; x_wconf 89' lang='lat' dir='ltr'>illius</span> <span class='ocrx_word' id='word_1_306' title='bbox 1279 2333 1448 2391; x_wconf 76' lang='lat' dir='ltr'>intemeratae</span> <span class='ocrx_word' id='word_1_307' title='bbox 1459 2333 1590 2408; x_wconf 76' lang='lat' dir='ltr'>Virginis,</span> <span class='ocrx_word' id='word_1_308' title='bbox 1603 2351 1665 2407; x_wconf 79' lang='lat' dir='ltr'>qnae</span> <span class='ocrx_word' id='word_1_309' title='bbox 1675 2352 1728 2392; x_wconf 88' lang='lat' dir='ltr'>nee</span> <span class='ocrx_word' id='word_1_310' title='bbox 1739 2337 1860 2408; x_wconf 78' lang='lat' dir='ltr'>primam</span> 
     </span>
     <span class='ocr_line' id='line_1_26' title="bbox 230 2420 1861 2496; baseline 0.006 -20"><span class='ocrx_word' id='word_1_311' title='bbox 230 2420 322 2493; x_wconf 85' lang='lat' dir='ltr'>posito</span> <span class='ocrx_word' id='word_1_312' title='bbox 337 2421 461 2479; x_wconf 77' lang='lat' dir='ltr'>frustrati</span> <span class='ocrx_word' id='word_1_313' title='bbox 476 2436 584 2486; x_wconf 82' lang='lat' dir='ltr'>sumus,</span> <span class='ocrx_word' id='word_1_314' title='bbox 603 2423 712 2478; x_wconf 87' lang='lat' dir='ltr'>tandem</span> <span class='ocrx_word' id='word_1_315' title='bbox 728 2420 900 2478; x_wconf 77' lang='lat' dir='ltr'>luviniacum</span> <span class='ocrx_word' id='word_1_316' title='bbox 920 2434 1021 2477; x_wconf 84' lang='lat' dir='ltr'>conre-</span> <span class='ocrx_word' id='word_1_317' title='bbox 1070 2424 1187 2481; x_wconf 73' lang='lat' dir='ltr'>similem</span> <span class='ocrx_word' id='word_1_318' title='bbox 1203 2425 1261 2481; x_wconf 84' lang='lat' dir='ltr'>risa</span> <span class='ocrx_word' id='word_1_319' title='bbox 1277 2433 1319 2481; x_wconf 88' lang='lat' dir='ltr'>est</span> <span class='ocrx_word' id='word_1_320' title='bbox 1333 2440 1385 2481; x_wconf 88' lang='lat' dir='ltr'>nec</span> <span class='ocrx_word' id='word_1_321' title='bbox 1404 2435 1562 2496; x_wconf 77' lang='lat' dir='ltr'>sequentem</span> <span class='ocrx_word' id='word_1_322' title='bbox 1586 2425 1703 2492; x_wconf 82' lang='lat' dir='ltr'>babcre;</span> <span class='ocrx_word' id='word_1_323' title='bbox 1719 2438 1746 2483; x_wconf 89' lang='lat' dir='ltr'>et</span> <span class='ocrx_word' id='word_1_324' title='bbox 1756 2428 1791 2484; x_wconf 86' lang='lat' dir='ltr'>de</span> <span class='ocrx_word' id='word_1_325' title='bbox 1812 2439 1861 2486; x_wconf 88' lang='lat' dir='ltr'>trr-</span> 
     </span>
     <span class='ocr_line' id='line_1_27' title="bbox 231 2512 1861 2588; baseline 0.005 -21"><span class='ocrx_word' id='word_1_326' title='bbox 231 2512 348 2578; x_wconf 88' lang='lat' dir='ltr'>nientes,</span> <span class='ocrx_word' id='word_1_327' title='bbox 362 2522 390 2569; x_wconf 93' lang='lat' dir='ltr'>et</span> <span class='ocrx_word' id='word_1_328' title='bbox 400 2528 449 2584; x_wconf 91' lang='lat' dir='ltr'>per</span> <span class='ocrx_word' id='word_1_329' title='bbox 458 2513 571 2575; x_wconf 90' lang='lat' dir='ltr'>biduum</span> <span class='ocrx_word' id='word_1_330' title='bbox 582 2512 690 2584; x_wconf 85' lang='lat' dir='ltr'>depace</span> <span class='ocrx_word' id='word_1_331' title='bbox 699 2523 820 2586; x_wconf 89' lang='lat' dir='ltr'>agentes,</span> <span class='ocrx_word' id='word_1_332' title='bbox 832 2527 894 2570; x_wconf 92' lang='lat' dir='ltr'>cum</span> <span class='ocrx_word' id='word_1_333' title='bbox 909 2526 960 2569; x_wconf 90' lang='lat' dir='ltr'>uec</span> <span class='ocrx_word' id='word_1_334' title='bbox 970 2526 1021 2586; x_wconf 77' lang='lat' dir='ltr'>pa·</span> <span class='ocrx_word' id='word_1_335' title='bbox 1070 2515 1132 2573; x_wconf 88' lang='lat' dir='ltr'>nica</span> <span class='ocrx_word' id='word_1_336' title='bbox 1144 2515 1266 2586; x_wconf 77' lang='lat' dir='ltr'>eiusdem</span> <span class='ocrx_word' id='word_1_337' title='bbox 1279 2514 1418 2588; x_wconf 72' lang='lat' dir='ltr'>genitricis</span> <span class='ocrx_word' id='word_1_338' title='bbox 1432 2514 1479 2572; x_wconf 84' lang='lat' dir='ltr'>ilci</span> <span class='ocrx_word' id='word_1_339' title='bbox 1494 2513 1595 2583; x_wconf 79' lang='lat' dir='ltr'>llariae,</span> <span class='ocrx_word' id='word_1_340' title='bbox 1608 2522 1637 2570; x_wconf 90' lang='lat' dir='ltr'>et</span> <span class='ocrx_word' id='word_1_341' title='bbox 1652 2517 1759 2572; x_wconf 89' lang='lat' dir='ltr'>ossium</span> <span class='ocrx_word' id='word_1_342' title='bbox 1774 2533 1861 2575; x_wconf 85' lang='lat' dir='ltr'>unam</span> 
     </span>
     <span class='ocr_line' id='line_1_28' title="bbox 231 2599 1864 2682; baseline 0.004 -26"><span class='ocrx_word' id='word_1_343' title='bbox 231 2599 272 2656; x_wconf 89' lang='lat' dir='ltr'>eis</span> <span class='ocrx_word' id='word_1_344' title='bbox 285 2601 429 2672; x_wconf 81' lang='lat' dir='ltr'>vestigium</span> <span class='ocrx_word' id='word_1_345' title='bbox 449 2600 550 2657; x_wconf 89' lang='lat' dir='ltr'>babere</span> <span class='ocrx_word' id='word_1_346' title='bbox 570 2616 724 2674; x_wconf 88' lang='lat' dir='ltr'>possemus,</span> <span class='ocrx_word' id='word_1_347' title='bbox 738 2603 935 2674; x_wconf 87' lang='lat' dir='ltr'>promulgatam</span> <span class='ocrx_word' id='word_1_348' title='bbox 947 2600 1021 2672; x_wconf 79' lang='lat' dir='ltr'>lam·</span> <span class='ocrx_word' id='word_1_349' title='bbox 1071 2603 1103 2663; x_wconf 88' lang='lat' dir='ltr'>B.</span> <span class='ocrx_word' id='word_1_350' title='bbox 1116 2604 1231 2664; x_wconf 82' lang='lat' dir='ltr'>loannis</span> <span class='ocrx_word' id='word_1_351' title='bbox 1255 2603 1392 2677; x_wconf 75' lang='lat' dir='ltr'>baptiste.</span> <span class='ocrx_word' id='word_1_352' title='bbox 1412 2603 1609 2661; x_wconf 82' lang='lat' dir='ltr'>larrenitetlam</span> <span class='ocrx_word' id='word_1_353' title='bbox 1631 2619 1695 2663; x_wconf 88' lang='lat' dir='ltr'>ossa</span> <span class='ocrx_word' id='word_1_354' title='bbox 1711 2604 1765 2661; x_wconf 86' lang='lat' dir='ltr'>BB.</span> <span class='ocrx_word' id='word_1_355' title='bbox 1795 2623 1864 2682; x_wconf 73' lang='lat' dir='ltr'>apo·</span> 
     </span>
     <span class='ocr_line' id='line_1_29' title="bbox 230 2690 1865 2767; baseline 0.005 -20"><span class='ocrx_word' id='word_1_356' title='bbox 230 2690 278 2747; x_wconf 75' lang='lat' dir='ltr'>diu</span> <span class='ocrx_word' id='word_1_357' title='bbox 297 2692 404 2749; x_wconf 86' lang='lat' dir='ltr'>anolris</span> <span class='ocrx_word' id='word_1_358' title='bbox 421 2708 453 2751; x_wconf 84' lang='lat' dir='ltr'>es</span> <span class='ocrx_word' id='word_1_359' title='bbox 478 2693 607 2750; x_wconf 91' lang='lat' dir='ltr'>mandato</span> <span class='ocrx_word' id='word_1_360' title='bbox 631 2693 734 2750; x_wconf 90' lang='lat' dir='ltr'>domini</span> <span class='ocrx_word' id='word_1_361' title='bbox 757 2708 834 2765; x_wconf 82' lang='lat' dir='ltr'>papae</span> <span class='ocrx_word' id='word_1_362' title='bbox 854 2692 1019 2750; x_wconf 80' lang='lat' dir='ltr'>sententiam</span> <span class='ocrx_word' id='word_1_363' title='bbox 1071 2698 1205 2755; x_wconf 90' lang='lat' dir='ltr'>stolorum</span> <span class='ocrx_word' id='word_1_364' title='bbox 1219 2696 1292 2754; x_wconf 87' lang='lat' dir='ltr'>Petri</span> <span class='ocrx_word' id='word_1_365' title='bbox 1306 2706 1334 2753; x_wconf 93' lang='lat' dir='ltr'>et</span> <span class='ocrx_word' id='word_1_366' title='bbox 1346 2696 1423 2752; x_wconf 85' lang='lat' dir='ltr'>Pauli</span> <span class='ocrx_word' id='word_1_367' title='bbox 1436 2704 1463 2753; x_wconf 87' lang='lat' dir='ltr'>et</span> <span class='ocrx_word' id='word_1_368' title='bbox 1474 2695 1590 2753; x_wconf 79' lang='lat' dir='ltr'>Andreae</span> <span class='ocrx_word' id='word_1_369' title='bbox 1603 2696 1631 2752; x_wconf 92' lang='lat' dir='ltr'>ln</span> <span class='ocrx_word' id='word_1_370' title='bbox 1646 2698 1764 2767; x_wconf 86' lang='lat' dir='ltr'>ligatura</span> <span class='ocrx_word' id='word_1_371' title='bbox 1779 2714 1865 2756; x_wconf 77' lang='lat' dir='ltr'>araas</span> 
     </span>
     <span class='ocr_line' id='line_1_30' title="bbox 231 2783 1863 2862; baseline 0.003 -22"><span class='ocrx_word' id='word_1_372' title='bbox 231 2783 465 2849; x_wconf 82' lang='lat' dir='ltr'>corrdrmarimus,</span> <span class='ocrx_word' id='word_1_373' title='bbox 477 2786 657 2857; x_wconf 87' lang='lat' dir='ltr'>eamdemque</span> <span class='ocrx_word' id='word_1_374' title='bbox 670 2785 750 2843; x_wconf 83' lang='lat' dir='ltr'>vobis</span> <span class='ocrx_word' id='word_1_375' title='bbox 762 2787 908 2842; x_wconf 88' lang='lat' dir='ltr'>tenendam</span> <span class='ocrx_word' id='word_1_376' title='bbox 923 2795 951 2843; x_wconf 93' lang='lat' dir='ltr'>et</span> <span class='ocrx_word' id='word_1_377' title='bbox 972 2786 1021 2843; x_wconf 86' lang='lat' dir='ltr'>br·</span> <span class='ocrx_word' id='word_1_378' title='bbox 1070 2803 1154 2844; x_wconf 89' lang='lat' dir='ltr'>unam</span> <span class='ocrx_word' id='word_1_379' title='bbox 1169 2803 1279 2859; x_wconf 91' lang='lat' dir='ltr'>quoqne</span> <span class='ocrx_word' id='word_1_380' title='bbox 1296 2787 1403 2844; x_wconf 91' lang='lat' dir='ltr'>unciam</span> <span class='ocrx_word' id='word_1_381' title='bbox 1418 2787 1526 2862; x_wconf 88' lang='lat' dir='ltr'>pollicis</span> <span class='ocrx_word' id='word_1_382' title='bbox 1539 2786 1570 2846; x_wconf 84' lang='lat' dir='ltr'>li,</span> <span class='ocrx_word' id='word_1_383' title='bbox 1586 2785 1682 2849; x_wconf 76' lang='lat' dir='ltr'>iacobi</span> <span class='ocrx_word' id='word_1_384' title='bbox 1696 2787 1794 2845; x_wconf 79' lang='lat' dir='ltr'>fratris</span> <span class='ocrx_word' id='word_1_385' title='bbox 1806 2789 1863 2845; x_wconf 87' lang='lat' dir='ltr'>llo·</span> 
     </span>
     <span class='ocr_line' id='line_1_31' title="bbox 231 2876 1864 2975; baseline 0.004 -44"><span class='ocrx_word' id='word_1_386' title='bbox 231 2877 313 2931; x_wconf 85' lang='lat' dir='ltr'>nsiter</span> <span class='ocrx_word' id='word_1_387' title='bbox 328 2876 527 2934; x_wconf 74' lang='lat' dir='ltr'>observandam</span> <span class='ocrx_word' id='word_1_388' title='bbox 542 2878 706 2934; x_wconf 87' lang='lat' dir='ltr'>auctoritate</span> <span class='ocrx_word' id='word_1_389' title='bbox 718 2878 823 2935; x_wconf 87' lang='lat' dir='ltr'>domini</span> <span class='ocrx_word' id='word_1_390' title='bbox 838 2888 952 2951; x_wconf 76' lang='lat' dir='ltr'>papeet</span> <span class='ocrx_word' id='word_1_391' title='bbox 970 2895 1020 2937; x_wconf 91' lang='lat' dir='ltr'>no-</span> <span class='ocrx_word' id='word_1_392' title='bbox 1033 2917 1055 2975; x_wconf 67' lang='lat' dir='ltr'><strong>c</strong></span> <span class='ocrx_word' id='word_1_393' title='bbox 1070 2881 1154 2947; x_wconf 87' lang='lat' dir='ltr'>mini;</span> <span class='ocrx_word' id='word_1_394' title='bbox 1175 2879 1264 2935; x_wconf 89' lang='lat' dir='ltr'>sedet</span> <span class='ocrx_word' id='word_1_395' title='bbox 1280 2879 1348 2936; x_wconf 85' lang='lat' dir='ltr'>duas</span> <span class='ocrx_word' id='word_1_396' title='bbox 1363 2879 1496 2950; x_wconf 88' lang='lat' dir='ltr'>ligaturas</span> <span class='ocrx_word' id='word_1_397' title='bbox 1509 2878 1543 2934; x_wconf 88' lang='lat' dir='ltr'>de</span> <span class='ocrx_word' id='word_1_398' title='bbox 1559 2879 1670 2934; x_wconf 88' lang='lat' dir='ltr'>ossibus</span> <span class='ocrx_word' id='word_1_399' title='bbox 1689 2876 1723 2934; x_wconf 86' lang='lat' dir='ltr'>tt.</span> <span class='ocrx_word' id='word_1_400' title='bbox 1745 2878 1864 2937; x_wconf 70' lang='lat' dir='ltr'>Bartho-</span> 
     </span>
     <span class='ocr_line' id='line_1_32' title="bbox 232 2967 1864 3041; baseline 0.001 -16"><span class='ocrx_word' id='word_1_401' title='bbox 232 2978 289 3025; x_wconf 89' lang='lat' dir='ltr'>stra</span> <span class='ocrx_word' id='word_1_402' title='bbox 308 2969 493 3041; x_wconf 71' lang='lat' dir='ltr'>precipiendo</span> <span class='ocrx_word' id='word_1_403' title='bbox 517 2970 723 3039; x_wconf 89' lang='lat' dir='ltr'>denuntiamus,</span> <span class='ocrx_word' id='word_1_404' title='bbox 745 2973 907 3030; x_wconf 87' lang='lat' dir='ltr'>mandantes</span> <span class='ocrx_word' id='word_1_405' title='bbox 930 2983 959 3029; x_wconf 88' lang='lat' dir='ltr'>ut</span> <span class='ocrx_word' id='word_1_406' title='bbox 985 2974 1019 3033; x_wconf 85' lang='lat' dir='ltr'>de</span> <span class='ocrx_word' id='word_1_407' title='bbox 1070 2968 1159 3025; x_wconf 81' lang='lat' dir='ltr'>lomaei</span> <span class='ocrx_word' id='word_1_408' title='bbox 1173 2969 1301 3040; x_wconf 89' lang='lat' dir='ltr'>apostoli,</span> <span class='ocrx_word' id='word_1_409' title='bbox 1323 2976 1350 3024; x_wconf 90' lang='lat' dir='ltr'>et</span> <span class='ocrx_word' id='word_1_410' title='bbox 1370 2968 1449 3039; x_wconf 91' lang='lat' dir='ltr'>qnasi</span> <span class='ocrx_word' id='word_1_411' title='bbox 1463 2984 1549 3024; x_wconf 93' lang='lat' dir='ltr'>unum</span> <span class='ocrx_word' id='word_1_412' title='bbox 1562 2967 1706 3024; x_wconf 85' lang='lat' dir='ltr'>bracltium</span> <span class='ocrx_word' id='word_1_413' title='bbox 1728 2968 1764 3023; x_wconf 89' lang='lat' dir='ltr'>de</span> <span class='ocrx_word' id='word_1_414' title='bbox 1777 2968 1864 3026; x_wconf 55' lang='lat' dir='ltr'>inne</span> 
     </span>
     <span class='ocr_line' id='line_1_33' title="bbox 231 3059 1865 3140; baseline 0.004 -23"><span class='ocrx_word' id='word_1_415' title='bbox 231 3072 331 3117; x_wconf 77' lang='lat' dir='ltr'>caetero</span> <span class='ocrx_word' id='word_1_416' title='bbox 346 3061 471 3118; x_wconf 87' lang='lat' dir='ltr'>babeatis</span> <span class='ocrx_word' id='word_1_417' title='bbox 484 3077 531 3118; x_wconf 89' lang='lat' dir='ltr'>cos</span> <span class='ocrx_word' id='word_1_418' title='bbox 543 3065 805 3130; x_wconf 85' lang='lat' dir='ltr'>excommunicatos,</span> <span class='ocrx_word' id='word_1_419' title='bbox 818 3074 845 3120; x_wconf 91' lang='lat' dir='ltr'>et</span> <span class='ocrx_word' id='word_1_420' title='bbox 857 3064 892 3121; x_wconf 88' lang='lat' dir='ltr'>ab</span> <span class='ocrx_word' id='word_1_421' title='bbox 906 3066 1019 3123; x_wconf 86' lang='lat' dir='ltr'>instanti</span> <span class='ocrx_word' id='word_1_422' title='bbox 1069 3062 1206 3128; x_wconf 86' lang='lat' dir='ltr'>centibus,</span> <span class='ocrx_word' id='word_1_423' title='bbox 1229 3070 1312 3132; x_wconf 74' lang='lat' dir='ltr'>alque</span> <span class='ocrx_word' id='word_1_424' title='bbox 1335 3061 1466 3140; x_wconf 62' lang='lat' dir='ltr'>reliquias</span> <span class='ocrx_word' id='word_1_425' title='bbox 1490 3059 1519 3116; x_wconf 80' lang='lat' dir='ltr'>S·</span> <span class='ocrx_word' id='word_1_426' title='bbox 1544 3059 1705 3124; x_wconf 65' lang='lat' dir='ltr'>Clementis,</span> <span class='ocrx_word' id='word_1_427' title='bbox 1727 3070 1757 3117; x_wconf 76' lang='lat' dir='ltr'>el</span> <span class='ocrx_word' id='word_1_428' title='bbox 1777 3077 1865 3117; x_wconf 73' lang='lat' dir='ltr'>umus</span> 
     </span>
    </p>
   </div>
   <div class='ocr_carea' id='block_1_7' title="bbox 232 3151 1940 3228">
    <p class='ocr_par' dir='ltr' id='par_1_7' title="bbox 232 3151 1940 3228">
     <span class='ocr_line' id='line_1_34' title="bbox 232 3151 1940 3228; baseline 0.001 -19"><span class='ocrx_word' id='word_1_429' title='bbox 232 3152 302 3210; x_wconf 90' lang='lat' dir='ltr'>iesto</span> <span class='ocrx_word' id='word_1_430' title='bbox 316 3151 344 3210; x_wconf 85' lang='lat' dir='ltr'>S.</span> <span class='ocrx_word' id='word_1_431' title='bbox 359 3151 469 3209; x_wconf 84' lang='lat' dir='ltr'>llartini</span> <span class='ocrx_word' id='word_1_432' title='bbox 481 3154 572 3211; x_wconf 90' lang='lat' dir='ltr'>statim</span> <span class='ocrx_word' id='word_1_433' title='bbox 587 3155 647 3211; x_wconf 84' lang='lat' dir='ltr'>sine</span> <span class='ocrx_word' id='word_1_434' title='bbox 661 3156 790 3212; x_wconf 88' lang='lat' dir='ltr'>dilatione</span> <span class='ocrx_word' id='word_1_435' title='bbox 801 3170 850 3228; x_wconf 91' lang='lat' dir='ltr'>per</span> <span class='ocrx_word' id='word_1_436' title='bbox 863 3172 1019 3228; x_wconf 88' lang='lat' dir='ltr'>omnespa·</span> <span class='ocrx_word' id='word_1_437' title='bbox 1069 3167 1191 3209; x_wconf 85' lang='lat' dir='ltr'>massam</span> <span class='ocrx_word' id='word_1_438' title='bbox 1203 3152 1238 3209; x_wconf 91' lang='lat' dir='ltr'>de</span> <span class='ocrx_word' id='word_1_439' title='bbox 1249 3152 1361 3223; x_wconf 88' lang='lat' dir='ltr'>capellis</span> <span class='ocrx_word' id='word_1_440' title='bbox 1381 3152 1410 3208; x_wconf 89' lang='lat' dir='ltr'>S.</span> <span class='ocrx_word' id='word_1_441' title='bbox 1427 3152 1602 3223; x_wconf 83' lang='lat' dir='ltr'>lladegundis</span> <span class='ocrx_word' id='word_1_442' title='bbox 1628 3152 1745 3223; x_wconf 78' lang='lat' dir='ltr'>reginae:</span> <span class='ocrx_word' id='word_1_443' title='bbox 1762 3152 1800 3210; x_wconf 88' lang='lat' dir='ltr'>de</span> <span class='ocrx_word' id='word_1_444' title='bbox 1815 3169 1865 3210; x_wconf 82' lang='lat' dir='ltr'>ra-</span> <span class='ocrx_word' id='word_1_445' title='bbox 1939 3177 1940 3184; x_wconf 46' lang='lat'>¹</span> 
     </span>
    </p>
   </div>
   <div class='ocr_carea' id='block_1_8' title="bbox 230 3240 1866 3586">
    <p class='ocr_par' dir='ltr' id='par_1_8' title="bbox 230 3240 1866 3586">
     <span class='ocr_line' id='line_1_35' title="bbox 231 3240 1866 3316; baseline 0.004 -15"><span class='ocrx_word' id='word_1_446' title='bbox 231 3244 342 3301; x_wconf 86' lang='lat' dir='ltr'>roclrias</span> <span class='ocrx_word' id='word_1_447' title='bbox 367 3257 473 3301; x_wconf 88' lang='lat' dir='ltr'>vestras</span> <span class='ocrx_word' id='word_1_448' title='bbox 499 3246 755 3301; x_wconf 83' lang='lat' dir='ltr'>excommunicatos</span> <span class='ocrx_word' id='word_1_449' title='bbox 780 3245 889 3316; x_wconf 91' lang='lat' dir='ltr'>publice</span> <span class='ocrx_word' id='word_1_450' title='bbox 913 3247 1020 3302; x_wconf 82' lang='lat' dir='ltr'>denun—</span> <span class='ocrx_word' id='word_1_451' title='bbox 1070 3242 1205 3300; x_wconf 89' lang='lat' dir='ltr'>stimentis</span> <span class='ocrx_word' id='word_1_452' title='bbox 1231 3251 1362 3312; x_wconf 86' lang='lat' dir='ltr'>praetcrea</span> <span class='ocrx_word' id='word_1_453' title='bbox 1377 3243 1460 3298; x_wconf 89' lang='lat' dir='ltr'>trium</span> <span class='ocrx_word' id='word_1_454' title='bbox 1481 3257 1641 3313; x_wconf 88' lang='lat' dir='ltr'>puerorum,</span> <span class='ocrx_word' id='word_1_455' title='bbox 1667 3240 1799 3308; x_wconf 79' lang='lat' dir='ltr'>sidrach,</span> <span class='ocrx_word' id='word_1_456' title='bbox 1815 3241 1866 3298; x_wconf 74' lang='grc' dir='ltr'>Ιί·</span> 
     </span>
     <span class='ocr_line' id='line_1_36' title="bbox 231 3332 1862 3404; baseline -0.001 -14"><span class='ocrx_word' id='word_1_457' title='bbox 231 3333 317 3399; x_wconf 90' lang='lat' dir='ltr'>tietis,</span> <span class='ocrx_word' id='word_1_458' title='bbox 333 3343 360 3388; x_wconf 91' lang='lat' dir='ltr'>et</span> <span class='ocrx_word' id='word_1_459' title='bbox 379 3334 407 3388; x_wconf 91' lang='lat' dir='ltr'>in</span> <span class='ocrx_word' id='word_1_460' title='bbox 423 3334 500 3387; x_wconf 88' lang='lat' dir='ltr'>omni</span> <span class='ocrx_word' id='word_1_461' title='bbox 519 3341 592 3388; x_wconf 91' lang='lat' dir='ltr'>terra</span> <span class='ocrx_word' id='word_1_462' title='bbox 605 3333 715 3387; x_wconf 90' lang='lat' dir='ltr'>illorum</span> <span class='ocrx_word' id='word_1_463' title='bbox 731 3333 822 3388; x_wconf 86' lang='lat' dir='ltr'>divina</span> <span class='ocrx_word' id='word_1_464' title='bbox 840 3332 939 3400; x_wconf 80' lang='lat' dir='ltr'>officia,</span> <span class='ocrx_word' id='word_1_465' title='bbox 950 3348 1020 3403; x_wconf 83' lang='lat' dir='ltr'>prce-</span> <span class='ocrx_word' id='word_1_466' title='bbox 1070 3333 1365 3404; x_wconf 81' lang='lat' dir='ltr'>sacu,etttbtcnago;</span> <span class='ocrx_word' id='word_1_467' title='bbox 1380 3334 1455 3390; x_wconf 89' lang='lat' dir='ltr'>etde</span> <span class='ocrx_word' id='word_1_468' title='bbox 1473 3341 1549 3390; x_wconf 80' lang='lat' dir='ltr'>veste</span> <span class='ocrx_word' id='word_1_469' title='bbox 1559 3348 1696 3404; x_wconf 83' lang='lat' dir='ltr'>purpurea</span> <span class='ocrx_word' id='word_1_470' title='bbox 1715 3348 1803 3404; x_wconf 88' lang='lat' dir='ltr'>quam</span> <span class='ocrx_word' id='word_1_471' title='bbox 1816 3333 1862 3389; x_wconf 82' lang='lat' dir='ltr'>ia-</span> 
     </span>
     <span class='ocr_line' id='line_1_37' title="bbox 230 3421 1863 3501; baseline 0.002 -23"><span class='ocrx_word' id='word_1_472' title='bbox 230 3431 274 3479; x_wconf 91' lang='lat' dir='ltr'>ter</span> <span class='ocrx_word' id='word_1_473' title='bbox 294 3423 428 3494; x_wconf 88' lang='lat' dir='ltr'>baptisma</span> <span class='ocrx_word' id='word_1_474' title='bbox 452 3423 641 3501; x_wconf 84' lang='lat' dir='ltr'>parvulorum,</span> <span class='ocrx_word' id='word_1_475' title='bbox 656 3431 684 3479; x_wconf 90' lang='lat' dir='ltr'>et</span> <span class='ocrx_word' id='word_1_476' title='bbox 707 3423 881 3495; x_wconf 71' lang='lat' dir='ltr'>penitentias</span> <span class='ocrx_word' id='word_1_477' title='bbox 900 3424 1020 3480; x_wconf 84' lang='lat' dir='ltr'>morien·</span> <span class='ocrx_word' id='word_1_478' title='bbox 1069 3422 1152 3478; x_wconf 88' lang='lat' dir='ltr'>dutus</span> <span class='ocrx_word' id='word_1_479' title='bbox 1165 3429 1208 3479; x_wconf 90' lang='lat' dir='ltr'>est</span> <span class='ocrx_word' id='word_1_480' title='bbox 1225 3421 1359 3480; x_wconf 86' lang='lat' dir='ltr'>Dominus</span> <span class='ocrx_word' id='word_1_481' title='bbox 1373 3422 1453 3480; x_wconf 88' lang='lat' dir='ltr'>lesus</span> <span class='ocrx_word' id='word_1_482' title='bbox 1463 3423 1593 3480; x_wconf 80' lang='lat' dir='ltr'>cbristus</span> <span class='ocrx_word' id='word_1_483' title='bbox 1608 3424 1635 3478; x_wconf 91' lang='lat' dir='ltr'>in</span> <span class='ocrx_word' id='word_1_484' title='bbox 1652 3424 1796 3494; x_wconf 85' lang='lat' dir='ltr'>passione.</span> <span class='ocrx_word' id='word_1_485' title='bbox 1810 3425 1863 3481; x_wconf 73' lang='lat' dir='ltr'>Per</span> 
     </span>
     <span class='ocr_line' id='line_1_38' title="bbox 233 3513 1863 3586; baseline 0 -15"><span class='ocrx_word' id='word_1_486' title='bbox 233 3514 313 3579; x_wconf 92' lang='lat' dir='ltr'>tium,</span> <span class='ocrx_word' id='word_1_487' title='bbox 329 3513 500 3585; x_wconf 86' lang='lat' dir='ltr'>probibeatls</span> <span class='ocrx_word' id='word_1_488' title='bbox 518 3533 525 3571; x_wconf 75' lang='lat' dir='ltr'>a</span> <span class='ocrx_word' id='word_1_489' title='bbox 540 3516 660 3572; x_wconf 78' lang='lat' dir='ltr'>manime</span> <span class='ocrx_word' id='word_1_490' title='bbox 676 3525 767 3572; x_wconf 89' lang='lat' dir='ltr'>autern</span> <span class='ocrx_word' id='word_1_491' title='bbox 792 3515 846 3573; x_wconf 89' lang='lat' dir='ltr'>illis</span> <span class='ocrx_word' id='word_1_492' title='bbox 870 3517 1020 3573; x_wconf 87' lang='lat' dir='ltr'>sacerdoti·</span> <span class='ocrx_word' id='word_1_493' title='bbox 1070 3513 1177 3586; x_wconf 86' lang='lat' dir='ltr'>singula</span> <span class='ocrx_word' id='word_1_494' title='bbox 1193 3523 1283 3571; x_wconf 88' lang='lat' dir='ltr'>autern</span> <span class='ocrx_word' id='word_1_495' title='bbox 1303 3531 1386 3586; x_wconf 89' lang='lat' dir='ltr'>supra</span> <span class='ocrx_word' id='word_1_496' title='bbox 1404 3516 1476 3572; x_wconf 88' lang='lat' dir='ltr'>dicta</span> <span class='ocrx_word' id='word_1_497' title='bbox 1492 3514 1616 3585; x_wconf 87' lang='lat' dir='ltr'>singulos</span> <span class='ocrx_word' id='word_1_498' title='bbox 1634 3514 1733 3571; x_wconf 80' lang='lat' dir='ltr'>breues</span> <span class='ocrx_word' id='word_1_499' title='bbox 1748 3515 1863 3572; x_wconf 73' lang='lat' dir='ltr'>inme·</span> 
     </span>
    </p>
   </div>
   <div class='ocr_carea' id='block_1_9' title="bbox 231 3604 1940 3769">
    <p class='ocr_par' dir='ltr' id='par_1_9' title="bbox 231 3604 1940 3769">
     <span class='ocr_line' id='line_1_39' title="bbox 231 3604 1940 3694; baseline 0.002 -33"><span class='ocrx_word' id='word_1_500' title='bbox 231 3604 284 3661; x_wconf 88' lang='lat' dir='ltr'>bus</span> <span class='ocrx_word' id='word_1_501' title='bbox 298 3605 345 3676; x_wconf 94' lang='lat' dir='ltr'>qui</span> <span class='ocrx_word' id='word_1_502' title='bbox 359 3605 470 3677; x_wconf 89' lang='lat' dir='ltr'>proprie</span> <span class='ocrx_word' id='word_1_503' title='bbox 482 3605 615 3676; x_wconf 87' lang='lat' dir='ltr'>capellani</span> <span class='ocrx_word' id='word_1_504' title='bbox 629 3607 739 3663; x_wconf 92' lang='lat' dir='ltr'>comitis</span> <span class='ocrx_word' id='word_1_505' title='bbox 750 3614 777 3663; x_wconf 89' lang='lat' dir='ltr'>et</span> <span class='ocrx_word' id='word_1_506' title='bbox 790 3607 938 3664; x_wconf 89' lang='lat' dir='ltr'>comitissae</span> <span class='ocrx_word' id='word_1_507' title='bbox 958 3623 1019 3665; x_wconf 80' lang='lat' dir='ltr'>ma-</span> <span class='ocrx_word' id='word_1_508' title='bbox 1070 3616 1144 3675; x_wconf 92' lang='lat' dir='ltr'>runt,</span> <span class='ocrx_word' id='word_1_509' title='bbox 1156 3608 1203 3679; x_wconf 93' lang='lat' dir='ltr'>qui</span> <span class='ocrx_word' id='word_1_510' title='bbox 1214 3608 1385 3680; x_wconf 88' lang='lat' dir='ltr'>singulorum</span> <span class='ocrx_word' id='word_1_511' title='bbox 1400 3607 1529 3663; x_wconf 84' lang='lat' dir='ltr'>docerent</span> <span class='ocrx_word' id='word_1_512' title='bbox 1540 3605 1862 3674; x_wconf 72' lang='lat' dir='ltr'>dillerentiamqetoam</span> <span class='ocrx_word' id='word_1_513' title='bbox 1939 3633 1940 3694; x_wconf 55' lang='lat' dir='ltr'>t</span> 
     </span>
     <span class='ocr_line' id='line_1_40' title="bbox 232 3696 1861 3769; baseline 0.002 -18"><span class='ocrx_word' id='word_1_514' title='bbox 232 3698 283 3753; x_wconf 92' lang='lat' dir='ltr'>tris</span> <span class='ocrx_word' id='word_1_515' title='bbox 296 3697 357 3768; x_wconf 79' lang='lat' dir='ltr'>elus</span> <span class='ocrx_word' id='word_1_516' title='bbox 367 3697 507 3765; x_wconf 88' lang='lat' dir='ltr'>dicuntur,</span> <span class='ocrx_word' id='word_1_517' title='bbox 525 3698 577 3754; x_wconf 84' lang='lat' dir='ltr'>hoc</span> <span class='ocrx_word' id='word_1_518' title='bbox 596 3696 825 3766; x_wconf 91' lang='lat' dir='ltr'>denuntiandum,</span> <span class='ocrx_word' id='word_1_519' title='bbox 841 3705 869 3753; x_wconf 90' lang='lat' dir='ltr'>et</span> <span class='ocrx_word' id='word_1_520' title='bbox 882 3696 934 3753; x_wconf 89' lang='lat' dir='ltr'>sub</span> <span class='ocrx_word' id='word_1_521' title='bbox 946 3696 1021 3753; x_wconf 91' lang='lat' dir='ltr'>ordi·</span> <span class='ocrx_word' id='word_1_522' title='bbox 1069 3712 1166 3755; x_wconf 88' lang='lat' dir='ltr'>omnes</span> <span class='ocrx_word' id='word_1_523' title='bbox 1182 3699 1301 3769; x_wconf 72' lang='lat' dir='ltr'>predicti</span> <span class='ocrx_word' id='word_1_524' title='bbox 1317 3699 1414 3754; x_wconf 83' lang='lat' dir='ltr'>breues</span> <span class='ocrx_word' id='word_1_525' title='bbox 1425 3698 1494 3755; x_wconf 86' lang='lat' dir='ltr'>adeo</span> <span class='ocrx_word' id='word_1_526' title='bbox 1514 3697 1657 3753; x_wconf 74' lang='lat' dir='ltr'>inveterati</span> <span class='ocrx_word' id='word_1_527' title='bbox 1672 3705 1769 3753; x_wconf 86' lang='lat' dir='ltr'>essent</span> <span class='ocrx_word' id='word_1_528' title='bbox 1786 3700 1861 3769; x_wconf 82' lang='lat' dir='ltr'>quael</span> 
     </span>
    </p>
   </div>
   <div class='ocr_carea' id='block_1_10' title="bbox 231 3788 1863 4953">
    <p class='ocr_par' dir='ltr' id='par_1_10' title="bbox 231 3788 1862 3954">
     <span class='ocr_line' id='line_1_41' title="bbox 231 3788 1862 3861; baseline 0 -16"><span class='ocrx_word' id='word_1_529' title='bbox 231 3790 277 3847; x_wconf 87' lang='lat' dir='ltr'>nis</span> <span class='ocrx_word' id='word_1_530' title='bbox 290 3791 332 3846; x_wconf 89' lang='lat' dir='ltr'>sui</span> <span class='ocrx_word' id='word_1_531' title='bbox 344 3789 468 3861; x_wconf 89' lang='lat' dir='ltr'>periculo</span> <span class='ocrx_word' id='word_1_532' title='bbox 480 3790 661 3846; x_wconf 90' lang='lat' dir='ltr'>intimandum</span> <span class='ocrx_word' id='word_1_533' title='bbox 676 3798 728 3856; x_wconf 91' lang='lat' dir='ltr'>est,</span> <span class='ocrx_word' id='word_1_534' title='bbox 736 3799 791 3845; x_wconf 88' lang='lat' dir='ltr'>uta</span> <span class='ocrx_word' id='word_1_535' title='bbox 802 3789 1020 3860; x_wconf 88' lang='lat' dir='ltr'>transgressione</span> <span class='ocrx_word' id='word_1_536' title='bbox 1070 3790 1114 3844; x_wconf 82' lang='lat' dir='ltr'>sia</span> <span class='ocrx_word' id='word_1_537' title='bbox 1131 3789 1183 3861; x_wconf 79' lang='lat' dir='ltr'>legi</span> <span class='ocrx_word' id='word_1_538' title='bbox 1196 3788 1360 3860; x_wconf 87' lang='lat' dir='ltr'>potuissent,</span> <span class='ocrx_word' id='word_1_539' title='bbox 1377 3789 1479 3848; x_wconf 79' lang='lat' dir='ltr'>inuenti</span> <span class='ocrx_word' id='word_1_540' title='bbox 1500 3798 1565 3845; x_wconf 87' lang='lat' dir='ltr'>sant</span> <span class='ocrx_word' id='word_1_541' title='bbox 1579 3797 1607 3845; x_wconf 90' lang='lat' dir='ltr'>et</span> <span class='ocrx_word' id='word_1_542' title='bbox 1620 3788 1666 3843; x_wconf 87' lang='lat' dir='ltr'>alii</span> <span class='ocrx_word' id='word_1_543' title='bbox 1680 3797 1739 3844; x_wconf 88' lang='lat' dir='ltr'>tres</span> <span class='ocrx_word' id='word_1_544' title='bbox 1749 3805 1808 3844; x_wconf 86' lang='lat' dir='ltr'>non</span> <span class='ocrx_word' id='word_1_545' title='bbox 1822 3791 1862 3845; x_wconf 86' lang='lat' dir='ltr'>le-</span> 
     </span>
     <span class='ocr_line' id='line_1_42' title="bbox 231 3879 1862 3954; baseline 0 -16"><span class='ocrx_word' id='word_1_546' title='bbox 231 3882 376 3954; x_wconf 87' lang='lat' dir='ltr'>apostolici</span> <span class='ocrx_word' id='word_1_547' title='bbox 385 3891 412 3941; x_wconf 89' lang='lat' dir='ltr'>et</span> <span class='ocrx_word' id='word_1_548' title='bbox 423 3882 510 3939; x_wconf 88' lang='lat' dir='ltr'>nostri</span> <span class='ocrx_word' id='word_1_549' title='bbox 525 3882 645 3937; x_wconf 87' lang='lat' dir='ltr'>mandati</span> <span class='ocrx_word' id='word_1_550' title='bbox 657 3890 781 3938; x_wconf 81' lang='lat' dir='ltr'>caueant.</span> <span class='ocrx_word' id='word_1_551' title='bbox 801 3901 811 3933; x_wconf 81' lang='lat' dir='ltr'>r</span> <span class='ocrx_word' id='word_1_552' title='bbox 1070 3880 1181 3950; x_wconf 70' lang='lat' dir='ltr'>gibilest</span> <span class='ocrx_word' id='word_1_553' title='bbox 1195 3884 1243 3940; x_wconf 87' lang='lat' dir='ltr'>sed</span> <span class='ocrx_word' id='word_1_554' title='bbox 1265 3883 1346 3954; x_wconf 81' lang='lat' dir='ltr'>cujus</span> <span class='ocrx_word' id='word_1_555' title='bbox 1359 3882 1401 3938; x_wconf 82' lang='lat' dir='ltr'>rel</span> <span class='ocrx_word' id='word_1_556' title='bbox 1422 3897 1539 3954; x_wconf 86' lang='lat' dir='ltr'>quornm</span> <span class='ocrx_word' id='word_1_557' title='bbox 1553 3880 1708 3936; x_wconf 80' lang='lat' dir='ltr'>exstiterint</span> <span class='ocrx_word' id='word_1_558' title='bbox 1732 3880 1787 3936; x_wconf 87' lang='lat' dir='ltr'>soli</span> <span class='ocrx_word' id='word_1_559' title='bbox 1805 3879 1862 3938; x_wconf 75' lang='lat' dir='ltr'>Deo</span> 
     </span>
    </p>

    <p class='ocr_par' dir='ltr' id='par_1_11' title="bbox 232 3970 1863 4953">
     <span class='ocr_line' id='line_1_43' title="bbox 268 3970 1862 4049; baseline -0.004 -16"><span class='ocrx_word' id='word_1_560' title='bbox 268 3975 424 4048; x_wconf 84' lang='lat' dir='ltr'>Sepulcrum</span> <span class='ocrx_word' id='word_1_561' title='bbox 436 3976 468 4034; x_wconf 82' lang='lat' dir='ltr'>B.</span> <span class='ocrx_word' id='word_1_562' title='bbox 485 3976 580 4032; x_wconf 78' lang='lat' dir='ltr'>discite</span> <span class='ocrx_word' id='word_1_563' title='bbox 591 3976 757 4049; x_wconf 68' lang='lat' dir='ltr'>diogeniano</span> <span class='ocrx_word' id='word_1_564' title='bbox 767 3977 876 4048; x_wconf 77' lang='lat' dir='ltr'>flagret.</span> <span class='ocrx_word' id='word_1_565' title='bbox 892 3975 1021 4047; x_wconf 78' lang='lat' dir='ltr'>Reliquiae</span> <span class='ocrx_word' id='word_1_566' title='bbox 1069 3972 1210 4041; x_wconf 85' lang='lat' dir='ltr'>cognitum</span> <span class='ocrx_word' id='word_1_567' title='bbox 1232 3980 1285 4028; x_wconf 84' lang='lat' dir='ltr'>est.</span> <span class='ocrx_word' id='word_1_568' title='bbox 1311 3972 1388 4039; x_wconf 84' lang='lat' dir='ltr'>Quos</span> <span class='ocrx_word' id='word_1_569' title='bbox 1407 3985 1472 4041; x_wconf 89' lang='lat' dir='ltr'>ergo</span> <span class='ocrx_word' id='word_1_570' title='bbox 1485 3970 1575 4041; x_wconf 85' lang='lat' dir='ltr'>legere</span> <span class='ocrx_word' id='word_1_571' title='bbox 1600 3977 1761 4039; x_wconf 86' lang='lat' dir='ltr'>potuerunt,</span> <span class='ocrx_word' id='word_1_572' title='bbox 1785 3981 1862 4026; x_wconf 85' lang='lat' dir='ltr'>tran·</span> 
     </span>
     <span class='ocr_line' id='line_1_44' title="bbox 232 4059 1863 4139; baseline -0.002 -19"><span class='ocrx_word' id='word_1_573' title='bbox 232 4067 260 4128; x_wconf 87' lang='lat' dir='ltr'>in</span> <span class='ocrx_word' id='word_1_574' title='bbox 275 4067 388 4139; x_wconf 64' lang='lat' dir='ltr'>insomne</span> <span class='ocrx_word' id='word_1_575' title='bbox 408 4066 441 4123; x_wconf 86' lang='lat' dir='ltr'>B.</span> <span class='ocrx_word' id='word_1_576' title='bbox 465 4064 583 4139; x_wconf 75' lang='lat' dir='ltr'>Virginis</span> <span class='ocrx_word' id='word_1_577' title='bbox 599 4076 717 4136; x_wconf 76' lang='lat' dir='ltr'>repertae.</span> <span class='ocrx_word' id='word_1_578' title='bbox 732 4063 768 4121; x_wconf 78' lang='lat' dir='ltr'>iit</span> <span class='ocrx_word' id='word_1_579' title='bbox 780 4067 839 4121; x_wconf 82' lang='lat' dir='ltr'>lraec</span> <span class='ocrx_word' id='word_1_580' title='bbox 849 4065 960 4137; x_wconf 91' lang='lat' dir='ltr'>quidem</span> <span class='ocrx_word' id='word_1_581' title='bbox 978 4079 1021 4121; x_wconf 90' lang='lat' dir='ltr'>ar·</span> <span class='ocrx_word' id='word_1_582' title='bbox 1071 4060 1154 4117; x_wconf 82' lang='lat' dir='ltr'>scribi</span> <span class='ocrx_word' id='word_1_583' title='bbox 1167 4059 1302 4129; x_wconf 86' lang='lat' dir='ltr'>iecerunt,</span> <span class='ocrx_word' id='word_1_584' title='bbox 1317 4068 1345 4115; x_wconf 92' lang='lat' dir='ltr'>et</span> <span class='ocrx_word' id='word_1_585' title='bbox 1359 4067 1450 4116; x_wconf 78' lang='lat' dir='ltr'>vetera</span> <span class='ocrx_word' id='word_1_586' title='bbox 1463 4059 1565 4131; x_wconf 88' lang='lat' dir='ltr'>scripta</span> <span class='ocrx_word' id='word_1_587' title='bbox 1581 4073 1644 4114; x_wconf 88' lang='lat' dir='ltr'>curu</span> <span class='ocrx_word' id='word_1_588' title='bbox 1665 4060 1747 4114; x_wconf 82' lang='lat' dir='ltr'>notis</span> <span class='ocrx_word' id='word_1_589' title='bbox 1757 4060 1863 4132; x_wconf 75' lang='lat' dir='ltr'>ligare-</span> 
     </span>
     <span class='ocr_line' id='line_1_45' title="bbox 233 4152 1861 4229; baseline -0.002 -15"><span class='ocrx_word' id='word_1_590' title='bbox 233 4157 432 4229; x_wconf 84' lang='lat' dir='ltr'>eiriepiscopus.</span> <span class='ocrx_word' id='word_1_591' title='bbox 458 4156 594 4214; x_wconf 75' lang='lat' dir='ltr'>(laterum</span> <span class='ocrx_word' id='word_1_592' title='bbox 617 4156 737 4228; x_wconf 87' lang='lat' dir='ltr'>episcopi</span> <span class='ocrx_word' id='word_1_593' title='bbox 762 4158 939 4214; x_wconf 83' lang='lat' dir='ltr'>constitutam</span> <span class='ocrx_word' id='word_1_594' title='bbox 966 4156 1019 4213; x_wconf 90' lang='lat' dir='ltr'>sibi</span> <span class='ocrx_word' id='word_1_595' title='bbox 1073 4162 1138 4211; x_wconf 89' lang='lat' dir='ltr'>runt</span> <span class='ocrx_word' id='word_1_596' title='bbox 1151 4155 1180 4210; x_wconf 91' lang='lat' dir='ltr'>in</span> <span class='ocrx_word' id='word_1_597' title='bbox 1195 4153 1394 4210; x_wconf 90' lang='lat' dir='ltr'>testimonium.</span> <span class='ocrx_word' id='word_1_598' title='bbox 1408 4152 1557 4225; x_wconf 81' lang='lat' dir='ltr'>Postquam</span> <span class='ocrx_word' id='word_1_599' title='bbox 1574 4160 1666 4208; x_wconf 84' lang='lat' dir='ltr'>autem</span> <span class='ocrx_word' id='word_1_600' title='bbox 1680 4153 1778 4208; x_wconf 89' lang='lat' dir='ltr'>omnia</span> <span class='ocrx_word' id='word_1_601' title='bbox 1796 4153 1861 4210; x_wconf 80' lang='lat' dir='ltr'>titt-</span> 
     </span>
     <span class='ocr_line' id='line_1_46' title="bbox 233 4243 1853 4319; baseline -0.002 -16"><span class='ocrx_word' id='word_1_602' title='bbox 233 4247 395 4304; x_wconf 89' lang='lat' dir='ltr'>sententiam</span> <span class='ocrx_word' id='word_1_603' title='bbox 415 4245 507 4304; x_wconf 90' lang='lat' dir='ltr'>minus</span> <span class='ocrx_word' id='word_1_604' title='bbox 527 4245 642 4302; x_wconf 87' lang='lat' dir='ltr'>drmiter</span> <span class='ocrx_word' id='word_1_605' title='bbox 662 4246 807 4303; x_wconf 84' lang='lat' dir='ltr'>obseruare</span> <span class='ocrx_word' id='word_1_606' title='bbox 834 4246 1010 4305; x_wconf 88' lang='lat' dir='ltr'>studuerunt.</span> <span class='ocrx_word' id='word_1_607' title='bbox 1026 4246 1158 4319; x_wconf 76' lang='lat' dir='ltr'>ugentes</span> <span class='ocrx_word' id='word_1_608' title='bbox 1170 4244 1307 4312; x_wconf 84' lang='lat' dir='ltr'>viderunt,</span> <span class='ocrx_word' id='word_1_609' title='bbox 1333 4245 1393 4302; x_wconf 89' lang='lat' dir='ltr'>loco</span> <span class='ocrx_word' id='word_1_610' title='bbox 1412 4258 1474 4309; x_wconf 93' lang='lat' dir='ltr'>sun,</span> <span class='ocrx_word' id='word_1_611' title='bbox 1490 4254 1520 4300; x_wconf 93' lang='lat' dir='ltr'>nt</span> <span class='ocrx_word' id='word_1_612' title='bbox 1532 4245 1610 4316; x_wconf 86' lang='lat' dir='ltr'>prius</span> <span class='ocrx_word' id='word_1_613' title='bbox 1622 4243 1742 4311; x_wconf 88' lang='lat' dir='ltr'>inerant,</span> <span class='ocrx_word' id='word_1_614' title='bbox 1756 4245 1853 4301; x_wconf 74' lang='lat' dir='ltr'>reddi-</span> 
     </span>
     <span class='ocr_line' id='line_1_47' title="bbox 232 4336 1862 4411; baseline -0.001 -18"><span class='ocrx_word' id='word_1_615' title='bbox 232 4336 330 4408; x_wconf 88' lang='lat' dir='ltr'>Porro,</span> <span class='ocrx_word' id='word_1_616' title='bbox 345 4337 508 4396; x_wconf 86' lang='lat' dir='ltr'>Guillelmus</span> <span class='ocrx_word' id='word_1_617' title='bbox 527 4338 612 4396; x_wconf 89' lang='lat' dir='ltr'>abbas</span> <span class='ocrx_word' id='word_1_618' title='bbox 633 4338 770 4396; x_wconf 91' lang='lat' dir='ltr'>circuiens</span> <span class='ocrx_word' id='word_1_619' title='bbox 784 4340 951 4397; x_wconf 87' lang='lat' dir='ltr'>monasteria</span> <span class='ocrx_word' id='word_1_620' title='bbox 966 4358 1018 4400; x_wconf 89' lang='lat' dir='ltr'>sua</span> <span class='ocrx_word' id='word_1_621' title='bbox 1070 4338 1179 4406; x_wconf 85' lang='lat' dir='ltr'>derunt,</span> <span class='ocrx_word' id='word_1_622' title='bbox 1193 4337 1335 4410; x_wconf 88' lang='lat' dir='ltr'>ipsamque</span> <span class='ocrx_word' id='word_1_623' title='bbox 1347 4337 1492 4411; x_wconf 87' lang='lat' dir='ltr'>imaginem</span> <span class='ocrx_word' id='word_1_624' title='bbox 1511 4353 1573 4393; x_wconf 91' lang='lat' dir='ltr'>eum</span> <span class='ocrx_word' id='word_1_625' title='bbox 1594 4337 1733 4406; x_wconf 79' lang='lat' dir='ltr'>prcsttcus</span> <span class='ocrx_word' id='word_1_626' title='bbox 1748 4346 1862 4392; x_wconf 84' lang='lat' dir='ltr'>sancta-</span> 
     </span>
     <span class='ocr_line' id='line_1_48' title="bbox 233 4427 1862 4504; baseline -0.001 -18"><span class='ocrx_word' id='word_1_627' title='bbox 233 4430 346 4504; x_wconf 85' lang='lat' dir='ltr'>ln&#39;pago</span> <span class='ocrx_word' id='word_1_628' title='bbox 372 4429 530 4488; x_wconf 82' lang='lat' dir='ltr'>Beiraoensi</span> <span class='ocrx_word' id='word_1_629' title='bbox 555 4428 725 4501; x_wconf 82' lang='lat' dir='ltr'>constituta,</span> <span class='ocrx_word' id='word_1_630' title='bbox 740 4432 882 4503; x_wconf 86' lang='lat' dir='ltr'>ingressus</span> <span class='ocrx_word' id='word_1_631' title='bbox 908 4434 1019 4490; x_wconf 82' lang='lat' dir='ltr'>territo·</span> <span class='ocrx_word' id='word_1_632' title='bbox 1070 4443 1131 4484; x_wconf 88' lang='lat' dir='ltr'>rum</span> <span class='ocrx_word' id='word_1_633' title='bbox 1150 4428 1311 4501; x_wconf 89' lang='lat' dir='ltr'>pignoribus</span> <span class='ocrx_word' id='word_1_634' title='bbox 1326 4443 1409 4499; x_wconf 90' lang='lat' dir='ltr'>super</span> <span class='ocrx_word' id='word_1_635' title='bbox 1430 4428 1519 4498; x_wconf 83' lang='lat' dir='ltr'>majus</span> <span class='ocrx_word' id='word_1_636' title='bbox 1531 4427 1618 4484; x_wconf 88' lang='lat' dir='ltr'>altare</span> <span class='ocrx_word' id='word_1_637' title='bbox 1630 4427 1793 4483; x_wconf 75' lang='lat' dir='ltr'>locaverunt</span> <span class='ocrx_word' id='word_1_638' title='bbox 1807 4445 1816 4481; x_wconf 90' lang='lat'><strong>:</strong></span> <span class='ocrx_word' id='word_1_639' title='bbox 1831 4437 1862 4484; x_wconf 85' lang='lat' dir='ltr'>et</span> 
     </span>
     <span class='ocr_line' id='line_1_49' title="bbox 233 4518 1861 4590; baseline -0.001 -14"><span class='ocrx_word' id='word_1_640' title='bbox 233 4521 305 4577; x_wconf 90' lang='lat' dir='ltr'>rium</span> <span class='ocrx_word' id='word_1_641' title='bbox 331 4519 555 4579; x_wconf 87' lang='lat' dir='ltr'>Neriomcnsium</span> <span class='ocrx_word' id='word_1_642' title='bbox 581 4521 656 4579; x_wconf 85' lang='lat' dir='ltr'>uenit</span> <span class='ocrx_word' id='word_1_643' title='bbox 683 4522 717 4577; x_wconf 90' lang='lat' dir='ltr'>ad</span> <span class='ocrx_word' id='word_1_644' title='bbox 733 4520 938 4579; x_wconf 80' lang='lat' dir='ltr'>littaris-stiva</span> <span class='ocrx_word' id='word_1_645' title='bbox 957 4539 1020 4580; x_wconf 73' lang='lat' dir='ltr'>mo</span> <span class='ocrx_word' id='word_1_646' title='bbox 1070 4519 1157 4575; x_wconf 91' lang='lat' dir='ltr'>induti</span> <span class='ocrx_word' id='word_1_647' title='bbox 1172 4534 1269 4575; x_wconf 89' lang='lat' dir='ltr'>omnes</span> <span class='ocrx_word' id='word_1_648' title='bbox 1287 4519 1391 4590; x_wconf 89' lang='lat' dir='ltr'>cappis,</span> <span class='ocrx_word' id='word_1_649' title='bbox 1405 4519 1587 4590; x_wconf 89' lang='lat' dir='ltr'>omnibusque</span> <span class='ocrx_word' id='word_1_650' title='bbox 1602 4518 1688 4589; x_wconf 90' lang='lat' dir='ltr'>signis</span> <span class='ocrx_word' id='word_1_651' title='bbox 1706 4519 1861 4590; x_wconf 72' lang='lat' dir='ltr'>maioribus</span> 
     </span>
     <span class='ocr_line' id='line_1_50' title="bbox 233 4607 1863 4681; baseline -0.001 -15"><span class='ocrx_word' id='word_1_652' title='bbox 233 4613 394 4669; x_wconf 87' lang='lat' dir='ltr'>nasterinm.</span> <span class='ocrx_word' id='word_1_653' title='bbox 421 4611 488 4669; x_wconf 85' lang='lat' dir='ltr'>Erat</span> <span class='ocrx_word' id='word_1_654' title='bbox 514 4622 606 4670; x_wconf 75' lang='lat' dir='ltr'>ciuem</span> <span class='ocrx_word' id='word_1_655' title='bbox 629 4612 690 4669; x_wconf 91' lang='lat' dir='ltr'>dies</span> <span class='ocrx_word' id='word_1_656' title='bbox 705 4610 816 4668; x_wconf 87' lang='lat' dir='ltr'>Sabbati</span> <span class='ocrx_word' id='word_1_657' title='bbox 842 4613 1020 4672; x_wconf 86' lang='lat' dir='ltr'>hebdomadae</span> <span class='ocrx_word' id='word_1_658' title='bbox 1070 4625 1133 4668; x_wconf 91' lang='lat' dir='ltr'>cum</span> <span class='ocrx_word' id='word_1_659' title='bbox 1147 4610 1289 4681; x_wconf 88' lang='lat' dir='ltr'>campanis</span> <span class='ocrx_word' id='word_1_660' title='bbox 1299 4610 1423 4681; x_wconf 89' lang='lat' dir='ltr'>pulsatis,</span> <span class='ocrx_word' id='word_1_661' title='bbox 1440 4608 1620 4664; x_wconf 84' lang='lat' dir='ltr'>ianrlaverunt</span> <span class='ocrx_word' id='word_1_662' title='bbox 1630 4607 1863 4664; x_wconf 85' lang='lat' dir='ltr'>Creatoreruoaa·</span> 
     </span>
     <span class='ocr_line' id='line_1_51' title="bbox 233 4697 1863 4772; baseline -0.001 -17"><span class='ocrx_word' id='word_1_663' title='bbox 233 4701 329 4772; x_wconf 82' lang='lat' dir='ltr'>primae</span> <span class='ocrx_word' id='word_1_664' title='bbox 343 4702 475 4759; x_wconf 85' lang='lat' dir='ltr'>adrentus</span> <span class='ocrx_word' id='word_1_665' title='bbox 487 4701 612 4771; x_wconf 85' lang='lat' dir='ltr'>Domini;</span> <span class='ocrx_word' id='word_1_666' title='bbox 624 4700 718 4758; x_wconf 88' lang='lat' dir='ltr'>eadem</span> <span class='ocrx_word' id='word_1_667' title='bbox 735 4710 813 4757; x_wconf 88' lang='lat' dir='ltr'>nocte</span> <span class='ocrx_word' id='word_1_668' title='bbox 823 4701 897 4757; x_wconf 82' lang='lat' dir='ltr'>uenit</span> <span class='ocrx_word' id='word_1_669' title='bbox 909 4701 943 4757; x_wconf 88' lang='lat' dir='ltr'>ad</span> <span class='ocrx_word' id='word_1_670' title='bbox 955 4716 1019 4758; x_wconf 90' lang='lat' dir='ltr'>eum</span> <span class='ocrx_word' id='word_1_671' title='bbox 1071 4701 1160 4769; x_wconf 91' lang='lat' dir='ltr'>nium,</span> <span class='ocrx_word' id='word_1_672' title='bbox 1174 4700 1222 4771; x_wconf 90' lang='lat' dir='ltr'>qui</span> <span class='ocrx_word' id='word_1_673' title='bbox 1234 4700 1268 4755; x_wconf 88' lang='lat' dir='ltr'>ad</span> <span class='ocrx_word' id='word_1_674' title='bbox 1280 4700 1390 4756; x_wconf 90' lang='lat' dir='ltr'>iliorum</span> <span class='ocrx_word' id='word_1_675' title='bbox 1410 4698 1564 4755; x_wconf 86' lang='lat' dir='ltr'>custodiam</span> <span class='ocrx_word' id='word_1_676' title='bbox 1583 4708 1611 4753; x_wconf 91' lang='lat' dir='ltr'>et</span> <span class='ocrx_word' id='word_1_677' title='bbox 1621 4697 1673 4754; x_wconf 88' lang='lat' dir='ltr'>loci</span> <span class='ocrx_word' id='word_1_678' title='bbox 1687 4698 1803 4755; x_wconf 84' lang='lat' dir='ltr'>tutelam</span> <span class='ocrx_word' id='word_1_679' title='bbox 1819 4705 1863 4753; x_wconf 80' lang='lat' dir='ltr'>tat</span> 
     </span>
     <span class='ocr_line' id='line_1_52' title="bbox 234 4785 1862 4864; baseline 0 -18"><span class='ocrx_word' id='word_1_680' title='bbox 234 4804 337 4847; x_wconf 85' lang='lat' dir='ltr'>unusc</span> <span class='ocrx_word' id='word_1_681' title='bbox 356 4791 448 4861; x_wconf 90' lang='lat' dir='ltr'>pueris</span> <span class='ocrx_word' id='word_1_682' title='bbox 470 4790 531 4861; x_wconf 80' lang='lat' dir='ltr'>ejus</span> <span class='ocrx_word' id='word_1_683' title='bbox 554 4790 666 4845; x_wconf 91' lang='lat' dir='ltr'>nomine</span> <span class='ocrx_word' id='word_1_684' title='bbox 690 4786 830 4855; x_wconf 86' lang='lat' dir='ltr'>Giroidus,</span> <span class='ocrx_word' id='word_1_685' title='bbox 850 4785 972 4844; x_wconf 78' lang='lat' dir='ltr'>referens</span> <span class='ocrx_word' id='word_1_686' title='bbox 993 4788 1021 4844; x_wconf 91' lang='lat' dir='ltr'>ci</span> <span class='ocrx_word' id='word_1_687' title='bbox 1071 4803 1099 4849; x_wconf 89' lang='lat' dir='ltr'>et</span> <span class='ocrx_word' id='word_1_688' title='bbox 1118 4801 1173 4848; x_wconf 78' lang='lat' dir='ltr'>taur</span> <span class='ocrx_word' id='word_1_689' title='bbox 1189 4792 1319 4864; x_wconf 80' lang='lat' dir='ltr'>praeclara</span> <span class='ocrx_word' id='word_1_690' title='bbox 1334 4793 1447 4863; x_wconf 90' lang='lat' dir='ltr'>pignora</span> <span class='ocrx_word' id='word_1_691' title='bbox 1457 4791 1551 4862; x_wconf 89' lang='lat' dir='ltr'>largiri</span> <span class='ocrx_word' id='word_1_692' title='bbox 1566 4791 1695 4862; x_wconf 86' lang='lat' dir='ltr'>dignatus</span> <span class='ocrx_word' id='word_1_693' title='bbox 1712 4801 1765 4846; x_wconf 82' lang='lat' dir='ltr'>eat.</span> <span class='ocrx_word' id='word_1_694' title='bbox 1781 4788 1862 4846; x_wconf 75' lang='lat' dir='ltr'>roae</span> 
     </span>
     <span class='ocr_line' id='line_1_53' title="bbox 233 4878 1861 4953; baseline 0 -15"><span class='ocrx_word' id='word_1_695' title='bbox 233 4882 390 4940; x_wconf 90' lang='lat' dir='ltr'>luctuosum</span> <span class='ocrx_word' id='word_1_696' title='bbox 420 4888 521 4938; x_wconf 86' lang='lat' dir='ltr'>statum</span> <span class='ocrx_word' id='word_1_697' title='bbox 537 4880 730 4939; x_wconf 74' lang='lat' dir='ltr'>vizeliacensis</span> <span class='ocrx_word' id='word_1_698' title='bbox 753 4879 890 4937; x_wconf 75' lang='lat' dir='ltr'>Ecclesia.</span> <span class='ocrx_word' id='word_1_699' title='bbox 915 4878 1022 4936; x_wconf 77' lang='lat' dir='ltr'>Accidit</span> <span class='ocrx_word' id='word_1_700' title='bbox 1070 4882 1274 4940; x_wconf 70' lang='lat' dir='ltr'>confluentibus</span> <span class='ocrx_word' id='word_1_701' title='bbox 1294 4882 1402 4953; x_wconf 90' lang='lat' dir='ltr'>populis</span> <span class='ocrx_word' id='word_1_702' title='bbox 1415 4889 1472 4937; x_wconf 92' lang='lat' dir='ltr'>tam</span> <span class='ocrx_word' id='word_1_703' title='bbox 1488 4881 1639 4953; x_wconf 85' lang='lat' dir='ltr'>peregrinis</span> <span class='ocrx_word' id='word_1_704' title='bbox 1660 4893 1744 4951; x_wconf 86' lang='lat' dir='ltr'>quana</span> <span class='ocrx_word' id='word_1_705' title='bbox 1759 4881 1861 4938; x_wconf 72' lang='lat' dir='ltr'>visais</span> 
     </span>
    </p>
   </div>
   <div class='ocr_carea' id='block_1_11' title="bbox 235 4965 1940 5045">
    <p class='ocr_par' dir='ltr' id='par_1_12' title="bbox 235 4965 1940 5045">
     <span class='ocr_line' id='line_1_54' title="bbox 235 4965 1940 5045; baseline -0.002 -14"><span class='ocrx_word' id='word_1_706' title='bbox 235 4975 338 5031; x_wconf 90' lang='lat' dir='ltr'>interea</span> <span class='ocrx_word' id='word_1_707' title='bbox 354 4972 490 5030; x_wconf 91' lang='lat' dir='ltr'>iueadem</span> <span class='ocrx_word' id='word_1_708' title='bbox 504 4974 620 5030; x_wconf 87' lang='lat' dir='ltr'>eeclesia</span> <span class='ocrx_word' id='word_1_709' title='bbox 634 4973 772 5045; x_wconf 88' lang='lat' dir='ltr'>quoddam</span> <span class='ocrx_word' id='word_1_710' title='bbox 794 4971 892 5029; x_wconf 84' lang='lat' dir='ltr'>iuturae</span> <span class='ocrx_word' id='word_1_711' title='bbox 905 4972 1018 5029; x_wconf 87' lang='lat' dir='ltr'>calami·</span> <span class='ocrx_word' id='word_1_712' title='bbox 1070 4975 1101 5031; x_wconf 86' lang='lat' dir='ltr'>bt</span> <span class='ocrx_word' id='word_1_713' title='bbox 1123 4974 1215 5031; x_wconf 91' lang='lat' dir='ltr'>laetitia</span> <span class='ocrx_word' id='word_1_714' title='bbox 1230 4982 1258 5031; x_wconf 90' lang='lat' dir='ltr'>et</span> <span class='ocrx_word' id='word_1_715' title='bbox 1271 4972 1417 5030; x_wconf 79' lang='lat' dir='ltr'>exsultatio</span> <span class='ocrx_word' id='word_1_716' title='bbox 1428 4972 1606 5043; x_wconf 76' lang='lat' dir='ltr'>permaxima,</span> <span class='ocrx_word' id='word_1_717' title='bbox 1622 4981 1676 5026; x_wconf 89' lang='lat' dir='ltr'>tam</span> <span class='ocrx_word' id='word_1_718' title='bbox 1690 4971 1719 5026; x_wconf 92' lang='lat' dir='ltr'>in</span> <span class='ocrx_word' id='word_1_719' title='bbox 1739 4971 1861 5028; x_wconf 78' lang='lat' dir='ltr'>eeclesia</span> <span class='ocrx_word' id='word_1_720' title='bbox 1939 4965 1940 4974; x_wconf 71' lang='grc'>’</span> 
     </span>
    </p>
   </div>
   <div class='ocr_carea' id='block_1_12' title="bbox 235 5061 1860 5141">
    <p class='ocr_par' dir='ltr' id='par_1_13' title="bbox 235 5061 1860 5141">
     <span class='ocr_line' id='line_1_55' title="bbox 235 5061 1860 5141; baseline -0.004 -17"><span class='ocrx_word' id='word_1_721' title='bbox 235 5069 299 5126; x_wconf 88' lang='lat' dir='ltr'>tatis</span> <span class='ocrx_word' id='word_1_722' title='bbox 313 5068 475 5141; x_wconf 74' lang='lat' dir='ltr'>presagium</span> <span class='ocrx_word' id='word_1_723' title='bbox 490 5066 611 5126; x_wconf 86' lang='lat' dir='ltr'>simulet</span> <span class='ocrx_word' id='word_1_724' title='bbox 625 5067 763 5125; x_wconf 87' lang='lat' dir='ltr'>solatium.</span> <span class='ocrx_word' id='word_1_725' title='bbox 776 5066 805 5123; x_wconf 91' lang='lat' dir='ltr'>ln</span> <span class='ocrx_word' id='word_1_726' title='bbox 826 5076 920 5141; x_wconf 84' lang='lat' dir='ltr'>crypta</span> <span class='ocrx_word' id='word_1_727' title='bbox 935 5066 1021 5134; x_wconf 90' lang='lat' dir='ltr'>enim,</span> <span class='ocrx_word' id='word_1_728' title='bbox 1071 5080 1153 5136; x_wconf 88' lang='lat' dir='ltr'>qnam</span> <span class='ocrx_word' id='word_1_729' title='bbox 1172 5073 1227 5121; x_wconf 88' lang='lat' dir='ltr'>tota</span> <span class='ocrx_word' id='word_1_730' title='bbox 1243 5064 1400 5135; x_wconf 86' lang='lat' dir='ltr'>uillaatque</span> <span class='ocrx_word' id='word_1_731' title='bbox 1413 5063 1440 5117; x_wconf 90' lang='lat' dir='ltr'>in</span> <span class='ocrx_word' id='word_1_732' title='bbox 1452 5061 1639 5126; x_wconf 85' lang='lat' dir='ltr'>locisriciuis,</span> <span class='ocrx_word' id='word_1_733' title='bbox 1652 5075 1685 5116; x_wconf 85' lang='lat' dir='ltr'>es</span> <span class='ocrx_word' id='word_1_734' title='bbox 1697 5061 1860 5132; x_wconf 79' lang='lat' dir='ltr'>agrisetes</span> 
     </span>
    </p>
   </div>
   <div class='ocr_carea' id='block_1_13' title="bbox 236 5151 1940 5234">
    <p class='ocr_par' dir='ltr' id='par_1_14' title="bbox 236 5151 1940 5234">
     <span class='ocr_line' id='line_1_56' title="bbox 236 5151 1940 5234; baseline -0.006 -16"><span class='ocrx_word' id='word_1_735' title='bbox 236 5177 297 5234; x_wconf 80' lang='lat' dir='ltr'>quae</span> <span class='ocrx_word' id='word_1_736' title='bbox 317 5176 399 5233; x_wconf 90' lang='lat' dir='ltr'>supra</span> <span class='ocrx_word' id='word_1_737' title='bbox 417 5161 448 5217; x_wconf 86' lang='grc' dir='ltr'>Β.</span> <span class='ocrx_word' id='word_1_738' title='bbox 475 5161 623 5218; x_wconf 87' lang='lat' dir='ltr'>dilectricis</span> <span class='ocrx_word' id='word_1_739' title='bbox 643 5159 736 5216; x_wconf 73' lang='lat' dir='ltr'>itariae</span> <span class='ocrx_word' id='word_1_740' title='bbox 749 5159 914 5232; x_wconf 84' lang='lat' dir='ltr'>llagdalenae</span> <span class='ocrx_word' id='word_1_741' title='bbox 928 5160 1021 5231; x_wconf 86' lang='lat' dir='ltr'>sepul·</span> <span class='ocrx_word' id='word_1_742' title='bbox 1071 5158 1140 5213; x_wconf 80' lang='lat' dir='ltr'>sicis</span> <span class='ocrx_word' id='word_1_743' title='bbox 1154 5158 1368 5227; x_wconf 88' lang='lat' dir='ltr'>circumquaque</span> <span class='ocrx_word' id='word_1_744' title='bbox 1390 5152 1602 5225; x_wconf 83' lang='lat' dir='ltr'>properantibus</span> <span class='ocrx_word' id='word_1_745' title='bbox 1620 5151 1654 5207; x_wconf 90' lang='lat' dir='ltr'>ad</span> <span class='ocrx_word' id='word_1_746' title='bbox 1670 5152 1764 5224; x_wconf 84' lang='lat' dir='ltr'>gaudii</span> <span class='ocrx_word' id='word_1_747' title='bbox 1787 5153 1862 5209; x_wconf 84' lang='lat' dir='ltr'>cele·</span> <span class='ocrx_word' id='word_1_748' title='bbox 1939 5197 1940 5224; x_wconf 72' lang='lat'>,</span> 
     </span>
    </p>
   </div>
   <div class='ocr_carea' id='block_1_14' title="bbox 235 5248 1863 5604">
    <p class='ocr_par' dir='ltr' id='par_1_15' title="bbox 235 5248 1863 5604">
     <span class='ocr_line' id='line_1_57' title="bbox 235 5248 1862 5325; baseline -0.01 -15"><span class='ocrx_word' id='word_1_749' title='bbox 235 5267 313 5310; x_wconf 85' lang='lat' dir='ltr'>erum</span> <span class='ocrx_word' id='word_1_750' title='bbox 328 5261 427 5318; x_wconf 84' lang='lat' dir='ltr'>exstat,</span> <span class='ocrx_word' id='word_1_751' title='bbox 444 5262 537 5309; x_wconf 84' lang='lat' dir='ltr'>tantus</span> <span class='ocrx_word' id='word_1_752' title='bbox 550 5252 620 5324; x_wconf 90' lang='lat' dir='ltr'>iguis</span> <span class='ocrx_word' id='word_1_753' title='bbox 634 5267 699 5307; x_wconf 88' lang='lat' dir='ltr'>easn</span> <span class='ocrx_word' id='word_1_754' title='bbox 715 5250 814 5323; x_wconf 90' lang='lat' dir='ltr'>erupit,</span> <span class='ocrx_word' id='word_1_755' title='bbox 830 5259 860 5306; x_wconf 91' lang='lat' dir='ltr'>ut</span> <span class='ocrx_word' id='word_1_756' title='bbox 875 5251 958 5306; x_wconf 87' lang='lat' dir='ltr'>etiam</span> <span class='ocrx_word' id='word_1_757' title='bbox 978 5260 1022 5322; x_wconf 80' lang='lat' dir='ltr'>ty·</span> <span class='ocrx_word' id='word_1_758' title='bbox 1073 5256 1208 5311; x_wconf 85' lang='lat' dir='ltr'>britatem.</span> <span class='ocrx_word' id='word_1_759' title='bbox 1227 5253 1358 5325; x_wconf 80' lang='lat' dir='ltr'>benique,</span> <span class='ocrx_word' id='word_1_760' title='bbox 1370 5251 1415 5306; x_wconf 79' lang='lat' dir='ltr'>ria</span> <span class='ocrx_word' id='word_1_761' title='bbox 1425 5249 1547 5307; x_wconf 88' lang='lat' dir='ltr'>omnium</span> <span class='ocrx_word' id='word_1_762' title='bbox 1560 5249 1695 5306; x_wconf 70' lang='lat' dir='ltr'>clamores</span> <span class='ocrx_word' id='word_1_763' title='bbox 1707 5248 1770 5305; x_wconf 75' lang='lat' dir='ltr'>cllo</span> <span class='ocrx_word' id='word_1_764' title='bbox 1782 5265 1862 5305; x_wconf 62' lang='lat' dir='ltr'>m.</span> 
     </span>
     <span class='ocr_line' id='line_1_58' title="bbox 235 5341 1861 5419; baseline -0.002 -19"><span class='ocrx_word' id='word_1_765' title='bbox 235 5358 349 5410; x_wconf 90' lang='lat' dir='ltr'>rannos,</span> <span class='ocrx_word' id='word_1_766' title='bbox 363 5342 621 5414; x_wconf 75' lang='lat' dir='ltr'>qnosl’rancigenae</span> <span class='ocrx_word' id='word_1_767' title='bbox 635 5343 727 5399; x_wconf 91' lang='lat' dir='ltr'>trabes</span> <span class='ocrx_word' id='word_1_768' title='bbox 743 5352 853 5410; x_wconf 84' lang='lat' dir='ltr'>uocant,</span> <span class='ocrx_word' id='word_1_769' title='bbox 869 5342 915 5413; x_wconf 92' lang='lat' dir='ltr'>qui</span> <span class='ocrx_word' id='word_1_770' title='bbox 941 5350 1023 5397; x_wconf 87' lang='lat' dir='ltr'>crant</span> <span class='ocrx_word' id='word_1_771' title='bbox 1072 5363 1198 5419; x_wconf 75' lang='lat' dir='ltr'>poscens,</span> <span class='ocrx_word' id='word_1_772' title='bbox 1225 5361 1306 5400; x_wconf 82' lang='lat' dir='ltr'>mann</span> <span class='ocrx_word' id='word_1_773' title='bbox 1340 5344 1478 5400; x_wconf 83' lang='lat' dir='ltr'>silentium</span> <span class='ocrx_word' id='word_1_774' title='bbox 1505 5341 1665 5414; x_wconf 78' lang='lat' dir='ltr'>imperarit,</span> <span class='ocrx_word' id='word_1_775' title='bbox 1689 5355 1861 5412; x_wconf 69' lang='lat' dir='ltr'>eaumraqac</span> 
     </span>
     <span class='ocr_line' id='line_1_59' title="bbox 235 5431 1863 5508; baseline -0.002 -18"><span class='ocrx_word' id='word_1_776' title='bbox 235 5436 420 5507; x_wconf 86' lang='lat' dir='ltr'>insuperiori</span> <span class='ocrx_word' id='word_1_777' title='bbox 444 5447 531 5507; x_wconf 85' lang='lat' dir='ltr'>parts,</span> <span class='ocrx_word' id='word_1_778' title='bbox 547 5438 738 5494; x_wconf 84' lang='lat' dir='ltr'>combusserit.</span> <span class='ocrx_word' id='word_1_779' title='bbox 761 5436 852 5508; x_wconf 89' lang='lat' dir='ltr'>imago</span> <span class='ocrx_word' id='word_1_780' title='bbox 876 5447 966 5493; x_wconf 79' lang='lat' dir='ltr'>tannen</span> <span class='ocrx_word' id='word_1_781' title='bbox 990 5438 1020 5493; x_wconf 83' lang='lat' dir='ltr'>ll.</span> <span class='ocrx_word' id='word_1_782' title='bbox 1073 5436 1306 5507; x_wconf 85' lang='lat' dir='ltr'>landisetgandii</span> <span class='ocrx_word' id='word_1_783' title='bbox 1331 5435 1383 5491; x_wconf 87' lang='lat' dir='ltr'>snb</span> <span class='ocrx_word' id='word_1_784' title='bbox 1399 5432 1540 5489; x_wconf 82' lang='lat' dir='ltr'>brevitatis</span> <span class='ocrx_word' id='word_1_785' title='bbox 1563 5431 1753 5489; x_wconf 85' lang='lat' dir='ltr'>moderamine</span> <span class='ocrx_word' id='word_1_786' title='bbox 1767 5431 1863 5486; x_wconf 77' lang='lat' dir='ltr'>raddi-</span> 
     </span>
     <span class='ocr_line' id='line_1_60' title="bbox 238 5521 1863 5604; baseline 0.001 -28"><span class='ocrx_word' id='word_1_787' title='bbox 238 5522 287 5576; x_wconf 82' lang='lat' dir='ltr'>llci</span> <span class='ocrx_word' id='word_1_788' title='bbox 311 5525 451 5604; x_wconf 81' lang='lat' dir='ltr'>genitricis</span> <span class='ocrx_word' id='word_1_789' title='bbox 475 5526 566 5586; x_wconf 79' lang='lat' dir='ltr'>itariae</span> <span class='ocrx_word' id='word_1_790' title='bbox 590 5528 689 5600; x_wconf 80' lang='lat' dir='ltr'>lignea,</span> <span class='ocrx_word' id='word_1_791' title='bbox 710 5530 736 5583; x_wconf 88' lang='lat' dir='ltr'>in</span> <span class='ocrx_word' id='word_1_792' title='bbox 762 5527 847 5602; x_wconf 84' lang='lat' dir='ltr'>ipsius</span> <span class='ocrx_word' id='word_1_793' title='bbox 868 5530 1022 5600; x_wconf 82' lang='lat' dir='ltr'>parimento</span> <span class='ocrx_word' id='word_1_794' title='bbox 1075 5529 1125 5596; x_wconf 83' lang='lat' dir='ltr'>tiit,</span> <span class='ocrx_word' id='word_1_795' title='bbox 1140 5528 1267 5584; x_wconf 84' lang='lat' dir='ltr'>ornrribus</span> <span class='ocrx_word' id='word_1_796' title='bbox 1288 5526 1415 5583; x_wconf 78' lang='lat' dir='ltr'>beritibus</span> <span class='ocrx_word' id='word_1_797' title='bbox 1433 5540 1489 5600; x_wconf 76' lang='lat' dir='ltr'>pre</span> <span class='ocrx_word' id='word_1_798' title='bbox 1504 5521 1614 5596; x_wconf 82' lang='lat' dir='ltr'>gaudio,</span> <span class='ocrx_word' id='word_1_799' title='bbox 1638 5532 1664 5580; x_wconf 89' lang='lat' dir='ltr'>ct</span> <span class='ocrx_word' id='word_1_800' title='bbox 1677 5523 1744 5579; x_wconf 88' lang='lat' dir='ltr'>dum</span> <span class='ocrx_word' id='word_1_801' title='bbox 1762 5533 1863 5596; x_wconf 78' lang='lat' dir='ltr'>pratea</span> 
     </span>
    </p>
   </div>
   <div class='ocr_carea' id='block_1_15' title="bbox 0 0 1950 6067">
    <p class='ocr_par' dir='ltr' id='par_1_16' title="bbox 0 0 1950 6067">
     <span class='ocr_line' id='line_1_61' title="bbox 0 0 1950 6067; baseline 0 0"><span class='ocrx_word' id='word_1_802' title='bbox 0 0 1950 6067; x_wconf 95' lang='lat' dir='ltr'> </span> 
     </span>
    </p>
   </div>
  </div>
 </body>
</html>
