3892 6067
164 253 166 257 ’
198 257 265 318 'ers
560 231 563 236 ’
692 249 844 309 onnnonr
861 251 1057 310 raurosrn
1075 240 1352 311 εειειιειειεει.
1789 253 1846 311 εει

177 359 180 360 ’
210 367 239 427 id
253 379 305 434 cst,
319 368 346 424 ln
365 368 502 441 gentibus.
523 366 609 423 ledaei
632 363 761 422 dicuutur
780 367 872 438 papali
885 377 998 439 propter
1011 372 1035 429 Α
1048 367 1165 424 humiles
1179 368 1363 425 Ecclesiamm
1376 381 1392 421 a
1407 366 1534 444 supemis
1547 364 1691 436 separabo.
1704 363 1838 435 Siehirna,
1860 345 1864 358 ¹

211 462 266 518 duo
288 476 381 529 regna,
397 474 512 530 regnum
529 456 598 513 luda
610 465 638 513 et
649 473 762 529 regnum
783 457 866 513 lsrael
882 477 889 513 ι
906 469 1001 529 ςειιιεε
1052 460 1126 530 quod
1137 459 1333 530 interpretatur
1347 457 1467 520 humilis,
1482 466 1546 513 sunt
1558 456 1726 520 obedientes,
1739 457 1787 526 qui
1802 456 1846 513 le·

211 559 301 605 autem
321 548 450 603 dicuntur
467 548 595 611 nationes,
612 546 676 617 quia
691 547 728 601 ita
748 556 949 614 remanserunt,
971 555 1003 602 ut
1052 560 1117 606 runt
1130 565 1202 607 onus
1214 550 1335 608 Domini.
1353 548 1405 603 Per
1427 548 1640 603 inobedientiam
1660 546 1694 602 de
1711 547 1847 618 paradiso

211 650 282 695 natae
293 647 368 706 sunt,
381 655 440 694 non·
450 638 694 704 circumciduntur,
709 652 760 692 nce
772 638 956 707 baptizantur.
970 638 1001 694 ln
1052 643 1122 712 lapsi
1141 651 1220 708 sunt;
1237 656 1285 711 per
1300 639 1484 696 obedientiam
1507 639 1598 695 redire
1610 644 1754 709 potcrbttr:
1772 638 1847 695 Coa·

210 727 413 783 taratrum
445 729 571 798 gentibus
599 727 697 782 luciam
727 735 754 781 te
781 727 907 795 laudari,
931 744 1002 799 quos
1052 734 1131 787 uallis
1154 741 1218 787 sunt
1239 731 1368 797 humiles,
1391 731 1563 785 tabernacula
1584 739 1649 785 sunt
1673 729 1803 787 Ecclesiae
1815 732 1846 785 in

211 832 349 888 permees
369 806 502 888 sanginine
524 832 586 872 meo
607 816 758 887 acquisitos
772 815 870 871 laetam
884 818 1003 872 tecorde
1052 838 1201 894 supernam
1219 823 1355 877 ciuitatem
1369 822 1504 877 tollendae.
1527 820 1580 876 Per
1601 821 1757 891 superbiam
1781 837 1846 876 aar,

211 921 238 968 et
249 927 297 967 ore
310 910 444 977 confiteri,
460 920 487 966 ει
499 911 533 967 ad
544 911 653 966 laudern
670 919 744 965 tuam
754 910 822 965 bene
834 911 952 980 operari.
968 909 1003 964 Et
1051 922 1175 979 ruerunt,
1191 929 1240 984 per
1256 913 1437 968 humilitatem
1451 912 1588 966 redibunt.
1601 910 1659 966 lloc
1674 911 1756 966 inodo
1770 912 1845 966 diri·

211 1003 285 1059 istud
298 1002 448 1059 cantabunt
461 1019 468 1054 ε
1052 1003 1125 1071 dam,
1140 1012 1165 1058 et
1178 1005 1305 1058 diaretiar
1315 1004 1450 1073 quosdam
1467 1002 1591 1057 iaciendo
1605 1011 1750 1072 martyres,
1761 1018 1846 1073 quos·

250 1093 331 1149 Vens.
345 1094 373 1148 5.
390 1092 460 1157 Quia
473 1108 569 1162 neuqua
579 1101 617 1146 ert
631 1107 709 1160 super
723 1092 802 1154 calor
818 1090 1003 1145 misericordia
1053 1095 1116 1151 darn
1135 1094 1317 1162 consessores,
1334 1097 1398 1167 quia

212 1194 270 1252 tua,
284 1194 402 1255 et-usque
417 1184 452 1238 ad
463 1183 543 1238 nubes
556 1184 653 1238 ueritas
668 1191 726 1247 tua,
738 1183 789 1237 boc
801 1190 852 1246 εει,
864 1180 1001 1247 Cirristns,
1089 1186 1172 1240 Vnus.
1187 1187 1214 1241 9.
1233 1185 1306 1241 Meus
1323 1196 1362 1241 eut
1378 1185 1494 1252 Galaad,
1506 1193 1530 1238 rt
1544 1201 1617 1238 meur
1636 1194 1674 1238 εει
1694 1182 1846 1243 Μιιιαεεεε.

212 1291 261 1347 per
276 1292 357 1346 quem
373 1290 499 1346 magunum
517 1272 733 1329 misericordiam
748 1272 895 1327 exhibuisti
913 1273 1003 1328 bomi-
1055 1274 1159 1329 Gataad
1171 1276 1272 1330 dicitur
1286 1292 1393 1330 acerrae
1407 1273 1563 1335 testimonii,
1578 1283 1606 1329 et
1620 1271 1756 1342 signifieat
1769 1287 1847 1327 mar·

212 1366 305 1432 nibus,
329 1375 367 1419 est
392 1363 470 1434 super
485 1365 573 1428 calor,
589 1364 617 1419 id
637 1371 688 1429 est,
708 1377 791 1432 snper
811 1363 933 1433 angelos,
955 1363 1004 1434 qui
1054 1374 1136 1435 tyres,
1154 1365 1256 1420 Christi
1279 1357 1386 1419 testes:
1407 1373 1510 1435 martyr
1535 1362 1608 1417 enim
1631 1360 1732 1416 dieitur
1744 1360 1845 1425 testis;

213 1456 366 1510 minoratus
387 1453 438 1509 luit
452 1454 487 1509 ab
509 1453 612 1524 angelis
625 1451 714 1507 lactus
728 1451 851 1507 mortalis
869 1462 896 1507 ct
916 1453 1004 1523 passi·
1054 1458 1134 1528 quasi
1150 1457 1274 1514 diceret:
1296 1456 1429 1528 blartyres
1452 1470 1591 1510 assumam
1612 1454 1641 1508 in
1656 1454 1845 1509 haereditatem

213 1544 287 1600 bilis.
304 1544 338 1598 Ει
350 1543 477 1599 Christus
492 1554 537 1598 tua
551 1545 657 1610 ueritas,
668 1559 716 1610 per
731 1557 812 1613 quem
825 1544 917 1598 omnia
931 1543 1002 1599 dictu
1054 1563 1154 1613 meam,
1169 1548 1215 1618 qui
1226 1562 1356 1617 magnum
1370 1545 1511 1600 cumulum
1526 1551 1766 1609 coacervaverunt,
1777 1544 1846 1597 dom

213 1636 408 1706 prophetarum
430 1651 494 1690 rera
518 1634 672 1705 complesti,
684 1647 726 1689 est
744 1643 840 1703 potens
863 1651 945 1705 unque
968 1634 1003 1688 ad
1056 1653 1086 1692 sc
1101 1639 1175 1708 ipsos
1191 1639 1218 1692 in
1234 1637 1422 1693 testimonium
1442 1651 1532 1691 naenrn
1547 1635 1715 1690 obtulerunt.
1731 1633 1778 1688 Vel
1790 1633 1847 1688 Ga·

213 1727 305 1792 nuber,
321 1726 386 1795 quia
400 1726 463 1779 data
478 1732 520 1779 cst
534 1724 559 1779 ei
574 1725 663 1779 omnis
677 1732 798 1794 potestas
809 1724 836 1778 ln
851 1725 921 1779 coelo
933 1733 961 1780 et
975 1725 1003 1778 in
1019 1710 1040 1764 Β
1055 1727 1118 1782 laad
1131 1729 1231 1783 dieitur
1246 1729 1464 1799 transmiqrarr'o,·
1478 1737 1505 1782 ει
1520 1728 1583 1783 illos
1598 1742 1738 1782 assumam
1751 1725 1846 1797 quide

214 1825 298 1872 terra.
314 1814 362 1871 Vel
377 1815 441 1885 quia
457 1815 555 1869 aeritur
578 1827 634 1880 ruo,
659 1813 686 1868 id
713 1823 757 1869 est
778 1814 1003 1872 diuinitasVerbi
1055 1820 1129 1875 vitiis
1151 1822 1185 1876 ad
1209 1822 1334 1888 virtutes,
1350 1821 1384 1876 de
1399 1821 1514 1876 terrenis
1529 1820 1562 1876 ad
1578 1820 1699 1875 coelestia
1715 1818 1846 1875 transmi-

214 1907 431 1976 perveniturque
444 1906 478 1959 ad
493 1905 583 1972 trabes,
598 1905 625 1959 id
641 1914 694 1969 est,
714 1906 850 1975 usquead
865 1907 1003 1973 homines,
1055 1919 1145 1980 grant
1172 1910 1309 1966 llanarrer
1333 1911 1530 1981 interpretatur
1545 1911 1652 1978 obliuio,
1667 1920 1694 1966 cl
1709 1912 1847 1984 significat

216 1996 320 2050 scilicet
334 1995 474 2064 apostolos
486 2002 514 2048 et
525 1995 593 2050 alios
605 1995 708 2065 justos.
731 1994 794 2072 ideo
814 1997 1004 2053 misericordia
1055 2001 1227 2067 consessores
1242 2013 1350 2058 terrena
1365 2004 1568 2070 obliviscentes,
1588 2012 1615 2059 et
1637 2013 1738 2059 aeternu
1760 2018 1846 2076 appe·

216 2095 274 2149 tua,
289 2085 315 2139 id
328 2095 380 2151 est,
394 2085 551 2139 humanitas
564 2085 716 2141 elevabitur
738 2101 820 2155 super
842 2088 937 2143 ciclos.
956 2088 1003 2143 Vel
1055 2100 1153 2155 tentes,
1167 2102 1194 2148 et
1207 2094 1259 2149 boc
1271 2109 1411 2149 assumam
1425 2094 1502 2148 mihi.
1523 2093 1568 2148 tet
1584 2095 1630 2165 qui
1647 2095 1748 2150 oblitus
1758 2096 1846 2165 patris

215 2176 398 2248 misericordia
421 2184 468 2230 tua
489 2193 585 2247 oraque
603 2186 642 2230 ert
665 2176 912 2250 rupercoelor,qua
931 2180 1004 2250 regis
1055 2183 1196 2239 devorarit
1218 2184 1399 2239 substantiam
1422 2200 1500 2240 suam
1516 2201 1578 2239 cum
1601 2185 1802 2250 meretricibus,
1818 2193 1847 2241 ει

214 2266 328 2336 angelos
352 2281 387 2321 ne
403 2266 501 2321 cadant
513 2275 541 2321 et
558 2267 689 2322 damnum
703 2266 797 2338 lapsus
815 2284 911 2326 eorum
924 2285 1005 2339 repa·
1056 2281 1151 2341 postea
1166 2274 1199 2328 ad
1216 2283 1319 2344 patrern
1333 2283 1376 2330 est
1399 2290 1536 2342 reuersus,
1563 2275 1636 2330 hunc
1659 2275 1743 2332 ctiam
1764 2291 1846 2330 assu·

215 2371 263 2412 ras
274 2371 322 2426 per
335 2356 462 2412 homines
477 2360 525 2427 pel
539 2356 757 2412 misericordiam
776 2359 905 2427 salvatos,
921 2368 947 2414 et
962 2377 1004 2415 ae·
1056 2379 1139 2426 mam.
1161 2364 1195 2417 Ει
1212 2364 1339 2435 Ephraim
1362 2366 1493 2436 surreptio
1513 2366 1607 2435 eapitis
1631 2367 1692 2420 rari.
1715 2366 1845 2437 Ephraim

214 2447 283 2501 ritas
297 2453 344 2499 trra
355 2461 436 2516 arque
458 2444 493 2499 od
509 2446 589 2500 nuber
612 2446 820 2514 constituenda,
836 2448 863 2503 id
878 2458 920 2505 est
934 2465 1005 2521 prae-
1056 2454 1250 2525 interpretatur
1261 2456 1441 2526 fructificans,
1455 2465 1483 2512 ει
1496 2457 1633 2528 significat
1646 2458 1739 2513 hdcles
1755 2458 1783 2512 in
1795 2458 1847 2513 ho·

214 2536 353 2593 dlfflwffl
375 2536 515 2592 ‘'emilii-⁸¹¹¹
543 2545 619 2594 wilm
643 2537 822 2608 Prolercutcs.
843 2537 877 2594 Et
895 2547 926 2594 ut
951 2539 1005 2599 boc
1056 2546 1101 2602 nis
1115 2545 1322 2604 fructificantes.
1338 2546 1462 2603 bierunt
1476 2548 1619 2619 susceptio,
1633 2548 1659 2602 id
1674 2550 1847 2604 estreelina-

214 2625 272 2693 fiala
1056 2639 1159 2694 torium
1174 2653 1278 2706 meum,
1300 2639 1347 2710 qul
1368 2654 1430 2694 sum
1453 2648 1536 2707 caput
1555 2655 1662 2704 eorum,
1684 2641 1735 2695 hoc
1753 2652 1796 2696 est
1815 2640 1844 2696 in

250 2718 334 2775 Vens.
349 2718 376 2787 6,
393 2718 420 2774 i.
436 2717 567 2774 Exultare
581 2736 659 2790 super
680 2720 768 2788 ιειιι,
783 2721 865 2788 Deus,
885 2724 942 2781 hoc
962 2734 1006 2781 εει
1057 2728 1112 2784 illis
1125 2729 1306 2799 requiescam.
1326 2727 1375 2783 iicl
1396 2739 1477 2785 crunt
1490 2744 1592 2785 corona
1613 2731 1708 2801 capitis
1721 2731 1783 2798 arei,
1797 2731 1845 2800 qui

214 2824 232 2864 o
246 2808 319 2868 heus
330 2809 461 2878 Verbum,
474 2811 523 2882 qui
535 2818 561 2866 te
579 2812 712 2883 usquead
730 2819 830 2869 terram
847 2831 897 2885 pro
911 2817 1006 2873 leran·
1057 2819 1182 2891 ingloria
1195 2819 1503 2876 circumvallabuntme.
1517 2819 1586 2876 Nota
1598 2821 1711 2894 gradus.
1721 2820 1845 2876 Primum

215 2901 258 2959 dis
270 2902 353 2973 lapsis
363 2903 512 2971 inclinasti,
526 2903 647 2960 εειιιιιε
661 2904 814 2961 ascendens
825 2921 907 2977 super
920 2909 1005 2964 coelos
1057 2911 1157 2966 debent
1170 2912 1365 2982 transmigrare
1378 2912 1413 2967 de
1429 2912 1596 2979 terrenitate,
1613 2927 1706 2982 postea
1719 2913 1845 2968 obliuisci

214 3010 278 3052 curn
297 3007 439 3069 assumpta
453 3014 536 3054 carne
551 3009 578 3055 et
596 3000 736 3071 redempto
757 3001 869 3056 bomine
890 3003 924 3058 ad
935 3018 1004 3058 con-
1058 3002 1181 3055 omnium
1197 3011 1380 3068 terrenorum,
1397 3001 1495 3056 deinde
1507 3002 1535 3056 in
1549 3000 1698 3056 uirtutibus
1710 3016 1772 3058 esse
1786 3000 1845 3056 iru-

214 3105 321 3146 sessum
335 3089 435 3158 Patris,
449 3099 474 3145 et
486 3092 527 3148 sie
539 3094 680 3161 apparebit
692 3109 771 3162 super
785 3109 888 3148 orntum
905 3105 1004 3149 terram
1057 3092 1157 3157 etiteri,
1168 3102 1195 3147 ct
1209 3102 1273 3148 tunc
1285 3101 1365 3148 erunt
1376 3109 1478 3149 corona
1491 3092 1611 3158 Domini,
1625 3093 1651 3147 id
1664 3100 1706 3148 est
1719 3093 1841 3148 circum·

214 3178 300 3250 utorio
311 3188 359 3235 tua
372 3181 501 3248 exaltata,
516 3181 543 3252 id
564 3190 607 3238 εει
626 3197 709 3252 super
721 3197 803 3237 omne
817 3198 904 3252 genus
915 3184 1005 3239 bomi—
1055 3186 1195 3240 vallabunt
1205 3201 1280 3239 enm.
1291 3184 1364 3240 luda
1375 3202 1421 3238 reu
1435 3201 1518 3251 meur,
1534 3186 1586 3241 boe
1599 3194 1642 3239 est
1655 3194 1766 3254 peecata
1776 3200 1845 3240 eom

214 3284 281 3324 num
297 3269 435 3340 gloriosus
447 3271 601 3342 apparebis.
617 3271 748 3326 tentare
763 3272 798 3328 ad
813 3273 865 3329 boc
885 3283 915 3328 ut
936 3275 1004 3330 libe·
1055 3276 1173 3341 biennes,
1186 3284 1214 3330 et
1238 3291 1329 3330 mores
1352 3290 1418 3330 suos
1438 3282 1561 3344 regentes
1581 3286 1662 3329 crunt
1683 3274 1746 3328 inei.
1771 3272 1845 3327 iuda

214 3368 306 3413 rentur
320 3359 396 3415 electi
408 3363 457 3428 tui,
472 3362 553 3416 idest
565 3362 599 3416 ad
613 3362 697 3417 riam
708 3362 895 3433 praeordinati,
910 3363 943 3419 de
955 3379 1005 3436 po-
1054 3368 1127 3421 cnim
1142 3367 1244 3423 dicitnr
1257 3367 1396 3435 confitear.
1423 3364 1572 3434 lineasque
1587 3364 1620 3419 de
1638 3363 1757 3432 ludaeis,
1770 3379 1846 3420 nune

213 3455 312 3505 testate
323 3449 579 3521 diaboliqcbristus
592 3466 710 3521 namque
725 3452 752 3505 ia
770 3465 853 3506 cruce
868 3452 1004 3509 exaltatus
1055 3457 1155 3512 dicitur
1165 3457 1343 3527 degentibus,
1357 3466 1388 3512 ut
1402 3455 1575 3523 determinet,
1587 3457 1660 3527 qnod
1671 3456 1748 3527 prius
1757 3457 1843 3513 dixit:

213 3542 328 3599 dilectos
353 3558 419 3598 suos
440 3542 575 3610 liberarit,
590 3542 701 3613 quando
712 3543 804 3608 omnia
822 3544 856 3599 ad
868 3558 898 3599 se
909 3545 1002 3599 traxit.
1055 3548 1259 3619 confitebortr'bi
1271 3548 1445 3618 iapopuliret
1455 3548 1583 3618 qerrtibur.
1597 3546 1655 3602 tion
1666 3548 1755 3603 solum
1765 3562 1846 3604 assu-

213 3632 244 3688 ln
260 3634 337 3689 coelis
351 3633 486 3689 exaltatus
502 3634 587 3704 gloria
601 3634 662 3706 ejus
675 3648 758 3704 super
772 3648 882 3690 ornnem
901 3644 1003 3690 terrani
1055 3656 1128 3695 mam
1154 3639 1189 3695 de
1214 3638 1386 3694 circumcisis
1410 3640 1438 3694 in
1462 3639 1647 3695 haereditatem
1672 3653 1772 3703 meam,
1795 3639 1845 3696 sed

213 3721 323 3789 claruit,
336 3723 448 3793 quando
461 3721 595 3789 Spiritum
615 3733 742 3780 sanctum
762 3724 797 3780 do
819 3724 897 3781 coelis
916 3726 1002 3791 misit,
1055 3732 1137 3789 etiarn
1152 3731 1368 3796 narrationibus,
1383 3729 1448 3800 quia

212 3828 356 3885 perquem
378 3814 520 3871 scientiam
540 3816 665 3871 oxnnium
687 3817 843 3888 linguarum
858 3816 963 3883 tribuit,
978 3829 1002 3875 ει
1089 3822 1173 3879 Vens.
1191 3823 1235 3877 lb.
1252 3821 1331 3877 Moab
1353 3821 1421 3877 leber
1443 3822 1499 3893 spei
1524 3838 1599 3877 mee.
1626 3821 1708 3878 heber
1730 3822 1843 3878 estella

213 3907 314 3962 eleetos
327 3922 392 3962 suos
406 3923 454 3977 per
466 3918 554 3963 totum
569 3910 701 3965 mundum
725 3910 865 3980 dispersos
879 3911 914 3965 de
927 3909 995 3981 jugo
1054 3932 1135 3980 aerea,
1149 3924 1177 3971 et
1190 3913 1362 3986 significatur
1375 3913 1526 3969 tribulatio.
1543 3912 1621 3968 lloab
1635 3913 1738 3969 dicitur
1748 3914 1801 3981 lea,
1812 3923 1843 3970 et

212 3997 315 4053 diaboli
326 3999 436 4069 eripuit.
456 3998 505 4055 Vel
527 4017 577 4056 uox
599 4011 642 4058 est
662 4000 799 4057 Dominici
818 4004 957 4071 hominis;
973 4013 1003 4060 tn
1055 4009 1190 4080 signiticat
1204 4018 1309 4078 genus,
1325 4021 1387 4077 qun
1398 4014 1463 4061 sunt
1476 4006 1536 4061 sinc
1549 4006 1607 4075 lege
1618 4005 1739 4070 incultae,
1753 4005 1844 4061 idolo-

216 4086 333 4145 Verhurn
346 4089 414 4146 mibi
424 4092 543 4159 unitum,
559 4092 679 4148 exaltare
689 4110 767 4164 super
777 4095 866 4163 relos,
880 4105 910 4150 nt
920 4111 1003 4167 appa·
1053 4098 1140 4164 lutrae,
1156 4106 1251 4153 contra
1276 4097 1362 4169 legem
1387 4096 1519 4162 rlrcnteu,
1543 4095 1617 4151 sicut
1643 4094 1723 4148 lloob
1747 4102 1843 4150 contra

212 4195 274 4236 reas
289 4179 371 4247 Deus,
389 4190 418 4236 ct
431 4190 496 4238 tunc
512 4184 565 4239 crit
577 4183 664 4253 pluria
676 4191 721 4239 tua
735 4201 814 4255 rutper
827 4201 929 4240 omnent
949 4196 1003 4240 ter·
1054 4192 1140 4263 tegern
1163 4200 1244 4246 natus
1265 4197 1306 4244 εει
1328 4189 1361 4244 de
1375 4188 1483 4243 filiabus
1505 4186 1573 4254 Lot;
1590 4196 1681 4243 tamen
1693 4188 1843 4244 existentes

212 4288 281 4337 itm,
294 4283 319 4325 et
335 4281 363 4325 ιιι
383 4272 528 4329 liberentur
541 4275 618 4330 electi
632 4277 682 4331 tui.
1053 4282 1133 4345 leber,
1146 4280 1172 4334 id
1187 4287 1240 4343 est,
1257 4287 1441 4349 excoquentes
1454 4277 1521 4333 uitia
1537 4277 1564 4332 in
1579 4292 1620 4344 se,
1634 4279 1705 4332 sicut
1718 4292 1843 4347 coquun-

247 4360 357 4416 Saluum
372 4364 416 4434 sac
430 4380 475 4421 me
488 4366 626 4422 bominem
648 4365 757 4422 dextera
780 4377 837 4435 tua,
849 4368 876 4423 id
897 4377 937 4424 est
952 4385 1002 4439 po·
1017 4386 1040 4440 p
1055 4382 1100 4427 tur
1111 4387 1208 4428 earnes
1222 4371 1251 4425 in
1263 4371 1360 4425 lebete.
1376 4368 1431 4424 lllae
1445 4378 1509 4425 sunt
1522 4370 1578 4439 rpei
1593 4385 1673 4435 merr;
1687 4370 1740 4424 hoc
1755 4369 1843 4425 estde

212 4452 297 4508 tentia
311 4462 357 4509 lua
372 4455 467 4511 levans
480 4471 524 4510 me
544 4456 573 4511 in
594 4456 733 4512 dexteram
746 4458 846 4524 Patris,
860 4467 885 4512 et
904 4461 1003 4515 ειιιιιί
1054 4463 1108 4518 illis
1122 4461 1195 4517 retici
1210 4476 1298 4531 spero,
1312 4470 1339 4515 et
1350 4461 1387 4514 itti
1401 4470 1466 4516 sant
1477 4461 1541 4526 mei,
1553 4461 1602 4530 qui
1615 4460 1644 4514 in
1657 4459 1842 4524 tribulatione,

212 4562 253 4600 nte
268 4546 486 4619 interpellantem
501 4564 551 4619 pro
564 4550 614 4617 cis,
629 4551 696 4605 utin
718 4551 824 4622 iudicio
843 4553 922 4609 electi
937 4570 1004 4609 con·
1054 4561 1084 4609 ut
1099 4554 1126 4609 in
1143 4554 1196 4608 olla
1212 4552 1315 4608 luerint
1331 4553 1448 4608 excocti.
1473 4551 1553 4606 llaab
1569 4552 1653 4608 etiarn
1669 4551 1843 4606 diciturne

211 4637 363 4694 stituantur
388 4641 416 4695 in
442 4641 575 4707 dextera,
600 4656 655 4696 non
678 4640 706 4695 in
732 4641 861 4708 sinistra,
885 4653 911 4698 ει
937 4654 1003 4700 tunc
1052 4654 1138 4716 patre,
1157 4644 1220 4714 quia
1235 4658 1269 4697 ex
1283 4652 1360 4714 patre
1383 4652 1474 4710 natus,
1488 4651 1516 4697 et
1529 4642 1692 4713 intelligitur
1704 4640 1840 4703 diabolus,

211 4728 361 4785 liberentur
379 4733 414 4788 ab
432 4743 534 4790 aeterrm
552 4732 737 4790 danrrtatione.
754 4731 823 4790 Vere
839 4735 890 4790 boc
907 4734 1001 4805 iacies,
1052 4735 1100 4806 qui
1116 4750 1132 4789 a
1148 4744 1225 4806 patre
1235 4735 1360 4803 recessit,
1371 4744 1398 4790 ει
1410 4749 1550 4804 nunquam
1562 4734 1597 4790 ad
1608 4748 1672 4789 eum
1683 4731 1775 4787 rediit
1791 4728 1842 4786 tite

210 4820 280 4889 quia
1051 4836 1093 4884 cst
1107 4826 1175 4882 leber
1192 4825 1250 4894 bei,
1267 4828 1295 4882 in
1309 4841 1365 4896 quo
1379 4827 1510 4897 excoquit
1525 4841 1634 4894 carnes,
1650 4825 1678 4880 id
1693 4832 1735 4879 est
1746 4836 1842 4879 earna-

249 4906 333 4966 Vans.
349 4911 376 4967 8.
392 4913 463 4969 Deus
486 4916 590 4973 loeutus
610 4926 649 4973 eat
664 4918 693 4973 in
716 4926 808 4973 sancto
831 4935 890 4987 ruo,
913 4918 940 4974 id
960 4929 1003 4975 εει
1052 4919 1089 4974 lia
1103 4932 1185 4989 opera
1201 4933 1326 4984 suorum,
1342 4926 1373 4973 ut
1387 4917 1421 4973 de
1435 4917 1476 4974 cis
1491 4917 1574 4974 iaciat
1587 4917 1677 4974 dulcia
1693 4915 1796 4972 lercnla
1810 4913 1839 4968 ir.

213 5003 263 5061 Dei
272 5002 392 5062 Verbum
405 5009 527 5066 locutum
539 5017 582 5066 εει
595 5026 645 5081 per
655 5026 699 5066 me
713 5011 852 5068 bominem
864 5019 1001 5080 sanctum,
1052 5009 1178 5066 conuiuio
1193 5010 1364 5081 angelorum.
1386 5006 1479 5064 Utitur
1498 5023 1531 5063 co
1553 5007 1687 5063 hominus
1707 5014 1841 5076 tanquam

212 5099 309 5156 dicem
325 5117 332 5154 :
350 5118 359 5152 r
378 5097 430 5156 Ubi
443 5116 505 5156 sum
517 5116 577 5171 ego,
593 5101 691 5158 illicet
711 5102 836 5159 minister
854 5104 1003 5159 meuserit
1052 5104 1259 5175 quaestionario,
1275 5111 1306 5158 ut
1329 5102 1431 5158 clectos
1445 5103 1643 5159 tentationibus
1659 5102 1766 5173 probet,
1790 5099 1843 5155 ad·

214 5188 306 5263 (loon.
320 5207 371 5262 ιιι,
386 5192 444 5264 26).
461 5210 471 5244 ι
491 5191 524 5246 Ει
538 5193 603 5262 quia
620 5192 666 5247 ille
686 5193 727 5248 sic
741 5193 875 5264 promisit,
893 5195 942 5266 qui
956 5210 1003 5250 re-
1051 5196 1227 5251 uersitatibus
1251 5203 1359 5266 purget,
1383 5196 1560 5265 passionibus
1582 5189 1640 5264 regi
1667 5193 1839 5250 reconciliet.

213 5298 263 5338 rax
277 5294 329 5350 est,
351 5294 380 5342 et
402 5286 512 5342 mentiri
533 5302 588 5343 non
610 5295 700 5359 potest
713 5305 720 5342 ι
732 5287 882 5355 resultabo,
895 5289 948 5352 hoe
961 5297 1002 5342 est
1051 5283 1108 5340 blac
1121 5286 1174 5340 olla
1189 5287 1294 5342 excocti
1308 5296 1389 5341 erunt
1402 5287 1457 5357 spei
1468 5303 1543 5351 mere,
1558 5286 1640 5340 idest
1654 5294 1736 5339 erunt
1745 5284 1776 5337 ia
1792 5283 1840 5338 illa

212 5387 370 5449 perpetuam
383 5380 504 5435 laetitiam
520 5379 628 5436 habebo
650 5378 684 5434 de
705 5394 759 5446 xne,
772 5378 845 5434 etde
859 5379 938 5446 meis,
954 5379 1001 5448 qui
1051 5377 1155 5447 requie,
1170 5392 1253 5446 quam
1268 5385 1380 5447 sperant
1393 5376 1457 5431 mei.
1472 5376 1615 5442 Quomodo
1630 5375 1683 5430 boc
1696 5373 1767 5431 crit!
1781 5371 1842 5428 tiae

213 5470 363 5526 secuudum
379 5485 490 5529 carnem
503 5472 530 5527 in
559 5481 649 5528 morte
661 5471 844 5528 coxxtristabar
860 5489 867 5523 :
883 5479 908 5523 et
928 5468 1000 5523 diri·
1051 5469 1132 5524 modo
1146 5486 1153 5523 ε
1168 5468 1201 5522 ln
1213 5466 1360 5522 ldanrrearn
1371 5467 1510 5521 estendam
1523 5467 1729 5521 calecamentum
1740 5479 1839 5530 meum,

213 5560 277 5616 doru
291 5559 448 5633 suburam,
459 5565 487 5619 id
500 5572 543 5620 est
555 5565 715 5621 obedientes
731 5579 748 5618 a
771 5576 863 5616 massa
887 5560 1002 5631 perden-
1051 5559 1104 5614 hoc
1116 5569 1158 5615 est
1174 5561 1201 5614 in
1213 5559 1391 5629 gentilitatem
1405 5558 1523 5614 terrems
1541 5557 1692 5612 inhiantem
1709 5569 1759 5626 per
1770 5566 1840 5625 apo·

215 5650 324 5718 domm,
335 5662 360 5707 et
373 5655 516 5710 carneadem
531 5655 761 5711 tabernaculorum
773 5653 909 5717 dimetiar,
921 5651 948 5707 id
960 5663 1003 5706 cst
1052 5648 1138 5704 stolos
1162 5649 1197 5704 de
1225 5647 1317 5705 tardata
1340 5647 1485 5704 extendam
1513 5647 1710 5702 humanitatem
1735 5657 1840 5701 meam.
