3892 6067
170 283 219 344 sst
649 272 803 331 detinent
821 269 1017 329 rnffieostut
1036 259 1310 326 beronensibus
1760 257 1827 314 552

173 396 262 455 noctis
277 394 376 467 vigilia
388 389 505 463 singulis
527 391 618 446 tribus
632 388 711 445 boris
725 386 870 444 distincta.
888 384 966 441 Unde
981 383 1063 447 tinia
1089 396 1150 454 quae
1170 379 1295 436 [mimus.
1315 372 1385 430 llam
1410 371 1503 429 onmia
1522 370 1631 427 occulta
1650 378 1747 428 nostra
1762 385 1830 442 pa·-

171 490 272 547 dlcitur
291 487 320 541 in
349 483 497 555 Evangelio
513 502 520 538 :
538 502 547 535 r
566 481 594 537 Si
607 482 638 536 in
661 480 783 537 meunda
796 479 901 551 vigilia,
922 478 964 533 rel
1016 483 1074 534 tent
1087 474 1175 531 ueritis
1199 470 1265 527 tuis.
1282 467 1416 540 iniquitas
1436 472 1479 523 est
1493 465 1566 522 actio
1582 463 1707 535 peceati:
1726 463 1832 536 nepta·-

171 582 199 636 iu
214 578 291 634 tertia
304 574 494 648 reneritssmr.
509 590 559 642 xri,
571 571 628 644 58).
639 592 650 624 r
663 571 696 628 Et
710 572 808 628 itemm
819 586 848 626 :r
862 567 965 637 Quarta
1017 564 1105 639 gentio
1118 564 1302 623 inobedientia
1315 558 1448 616 mandati.
1472 555 1627 627 Uirumque
1639 554 1832 612 animaduer-

171 670 262 743 uigilia
276 667 365 725 noetis
387 667 464 723 uenit
477 666 512 722 ad
535 681 584 723 eos
607 664 718 736 (llattli.
743 661 893 734 xtr,23).r
910 660 966 715 lias
1018 660 1050 716 tit
1073 658 1147 714 licus
1179 666 1206 714 ct
1230 656 1319 727 punit.
1349 651 1413 709 ldco
1439 649 1539 704 turbati
1561 663 1664 703 rumas.
1699 645 1735 703 Et
1754 647 1829 703 ideo

173 761 247 817 enirn
264 759 390 815 solebant
405 757 433 813 bi
445 757 604 821 observare,
621 754 669 825 qui
686 754 867 810 morabantur
881 750 908 805 in
921 765 966 806 ea·
1017 750 1112 817 etiam,

100 847 105 854 ’
171 852 247 909 stris.
260 849 334 922 Ergo
347 850 370 906 si
384 850 468 905 bomo
483 848 559 904 mille
578 861 666 902 annos
690 846 798 914 uixerit,
819 845 862 902 tns
876 853 967 900 trans·
1008 883 1011 894 .
1056 840 1138 897 Vens.
1159 839 1188 896 9.
1208 838 1343 905 Quoniam
1358 834 1518 893 amnerdica
1543 831 1629 887 troatri
1649 831 1826 902 defecerunt,

172 943 243 999 actis
255 954 297 998 εει
308 943 377 996 sicut
393 956 448 996 una
472 940 605 1006 custodia,
630 940 657 995 id
674 946 727 1005 est,
742 954 797 994 una
811 936 902 1010 uigilia
917 951 967 991 no-
1018 943 1043 990 ει
1054 934 1084 989 in
1098 933 1142 988 ira
1160 940 1209 986 tua
1234 929 1388 1001 deiecimus.
1415 924 1543 997 inprimis
1561 923 1617 977 dica
1634 922 1760 979 lroruinis
1793 926 1824 980 ia

173 1034 236 1088 etis.
258 1031 324 1088 ideo
339 1031 433 1101 posuit
457 1031 606 1085 curtadiam
621 1031 720 1095 noctis,
735 1029 800 1101 qnia
825 1029 909 1084 lromo
923 1028 968 1084 bic
1018 1022 1146 1096 paradiso
1156 1019 1380 1086 lueruntaeterni,
1391 1019 1491 1076 deindo
1501 1019 1614 1075 luerunt
1629 1018 1827 1091 quorumdam

174 1123 240 1179 sirit
255 1123 281 1177 in
298 1123 482 1179 sollicitudine
495 1122 608 1188 laboris,
624 1121 802 1193 sicutrigiles
814 1121 841 1176 in
856 1119 965 1176 castris.
1019 1114 1074 1170 dies
1089 1115 1117 1170 in
1131 1115 1184 1170 hoc
1194 1112 1296 1168 mundo
1309 1125 1379 1183 pene
1389 1110 1463 1166 mille
1475 1110 1551 1178 anni,
1564 1119 1595 1165 ut
1608 1109 1799 1166 llatimsalern
1814 1127 1824 1176 ;

174 1214 286 1270 Etcum
301 1213 373 1268 milia
392 1214 456 1268 anni
469 1212 553 1284 bajus
563 1214 624 1267 ritae
635 1213 691 1267 siut
710 1219 741 1267 ut
755 1211 814 1267 dies
831 1212 968 1282 praeterita
1019 1207 1202 1280 quorumdam
1218 1205 1358 1277 nongenti,
1370 1212 1401 1259 ut
1412 1203 1516 1269 Adam3
1531 1204 1713 1273 quorumdam
1725 1203 1826 1258 octin-

175 1306 217 1360 rel
229 1321 283 1360 una
298 1305 387 1360 noetis
402 1304 580 1375 uigilia,ergo
597 1304 661 1374 quia
675 1318 725 1373 pro
737 1302 822 1357 nihilo
834 1302 968 1357 habentur
1020 1298 1093 1371 genti
1110 1299 1152 1353 vel
1165 1295 1340 1369 septingenti.
1357 1292 1390 1349 lli
1406 1309 1496 1347 omncs
1506 1293 1562 1348 dica
1573 1294 1733 1363 defecerant,
1748 1293 1825 1364 quia

175 1413 271 1453 aarum
283 1398 347 1452 annii
362 1413 432 1458 esse.
1020 1388 1147 1459 inprimis
1159 1389 1269 1444 eternis
1285 1386 1383 1443 diebus
1406 1385 1517 1440 amissis
1538 1393 1633 1456 pastea
1646 1384 1826 1439 millenariis

162 1539 164 1542 ,
211 1489 294 1545 Vens.
319 1489 346 1544 5.
375 1487 428 1543 Pro
448 1488 533 1543 nihilo
557 1487 687 1543 dabantur
712 1488 777 1542 anni
798 1488 967 1553 irrortaliuru,
1020 1475 1467 1548 5111116111ῑῦ,(Ιθῑῐῑᾶθῐὶθΰίζθΰῑῑὸ,
1487 1472 1744 1538 unisonantiam!
1762 1481 1817 1527 ῑῑθ

175 1582 239 1653 qula
254 1590 401 1650 antequam
412 1580 533 1647 rcriiant,
544 1580 635 1635 adbuc
651 1595 705 1634 non
725 1588 790 1634 sunt
810 1597 817 1644 ;
842 1595 904 1634 eunt
923 1595 970 1633 ren
1020 1576 1119 1641 centis,
1133 1574 1176 1629 vel
1192 1573 1277 1629 etiam
1304 1581 1415 1628 centum
1442 1566 1592 1625 subtractis
1616 1565 1661 1619 rix
1686 1564 1720 1620 ad
1734 1573 1826 1617 octo-

176 1675 279 1741 nerint,
301 1672 359 1742 jam
388 1688 442 1728 nort
462 1682 553 1727 erunt.
578 1670 638 1725 Non
655 1671 728 1726 enim
754 1680 785 1724 ut
813 1671 904 1726 adsint
924 1686 969 1724 ve·
1021 1667 1096 1738 ginta
1111 1665 1152 1720 uel
1172 1664 1344 1736 septuaginta
1360 1676 1447 1718 annos
1463 1670 1529 1716 aetas
1542 1656 1826 1712 homiuiscontracta

175 1765 265 1831 nium,
279 1764 325 1819 sed
340 1773 370 1817 ut
395 1778 448 1817 non
464 1763 529 1817 sint.
546 1759 614 1815 Nam
635 1760 681 1814 ubi
698 1770 740 1814 cst
754 1775 836 1814 onme
851 1769 968 1830 tempus,
986 1748 1073 1816 sscst
1090 1757 1126 1812 Et
1139 1759 1180 1814 sie
1193 1758 1220 1812 r‘rr
1234 1758 1277 1811 ira
1300 1766 1347 1811 tua
1367 1755 1511 1825 deteriores
1528 1768 1543 1807 a
1557 1752 1642 1822 priori
1656 1760 1728 1806 statu
1743 1769 1750 1804 ε
1777 1752 1811 1805 in

175 1856 249 1924 quod
266 1852 386 1907 risimus
400 1852 413 1905 t
426 1849 477 1905 Ubi
502 1859 544 1905 est
569 1850 642 1921 quod
668 1850 758 1905 adbuc
779 1850 871 1905 rivere
888 1850 970 1905 debe·
1022 1866 1105 1921 super
1120 1851 1148 1904 in
1174 1851 1226 1905 lroe
1253 1848 1418 1920 parvissima
1444 1856 1566 1917 tempure
1588 1842 1682 1899 ntitltis
1696 1844 1826 1900 miscrlis

176 1962 239 2000 inus
250 1945 262 1996 i
275 1943 361 2013 Igitur
372 1941 445 1996 mille
462 1942 525 1995 anni
543 1942 585 1996 uel
601 1957 683 1996 omrte
698 1950 805 2011 tempus
820 1940 914 1996 sacculi
929 1951 970 1996 cst
1023 1942 1172 2012 replemur,
1198 1940 1294 1996 multis
1308 1938 1439 1995 aerumnis
1465 1945 1493 1992 ct
1507 1935 1733 1992 tribulationibus
1747 1945 1827 1991 atte-

178 2037 256 2108 quasi
276 2044 408 2108 punctum
422 2035 564 2104 temporis,
580 2035 653 2104 quod
664 2050 712 2104 pro
732 2033 814 2088 niirr'lo
829 2042 971 2103 cumputa-
1023 2031 1120 2086 ritnur.
1136 2031 1208 2083 Arioi
1219 2030 1303 2084 nostri
1327 2030 1396 2082 sicat
1415 2042 1513 2081 aranea
1539 2023 1745 2090 meditabantur,
1764 2025 1826 2081 lroc

178 2138 223 2183 tur
235 2128 269 2182 ad
296 2126 529 2196 comparationem
556 2125 630 2180 illius
653 2125 715 2191 aeri,
739 2125 812 2197 quod
839 2135 882 2180 est
908 2133 972 2179 ante
1022 2135 1075 2191 est,
1104 2125 1209 2178 intuta
1235 2103 1290 2177 vila
1321 2128 1414 2177 nostra
1439 2117 1603 2175 meditamur
1628 2116 1717 2173 lacere
1733 2131 1825 2188 opera

177 2207 273 2275 oeulos
295 2216 417 2284 bomini,
445 2217 471 2272 id
495 2226 546 2282 est,
575 2216 604 2271 in
631 2216 757 2285 prasenti
783 2215 889 2271 risione
911 2213 969 2270 bei.
1023 2231 1142 2283 araneae,
1169 2214 1276 2272 scilicet
1296 2213 1404 2269 inutilia
1432 2220 1460 2267 et
1484 2209 1519 2266 ad
1545 2209 1662 2293 nibilum
1686 2209 1824 2274 ualentia,

177 2305 298 2363 Et'eurn
325 2307 353 2361 in
378 2307 430 2363 bac
458 2306 558 2362 misera
585 2306 641 2360 vita
668 2315 723 2360 tam
749 2305 824 2361 brari
851 2314 972 2375 ternpore
1024 2307 1408 2378 sieutdiritiascongregarc,
1435 2301 1823 2374 magnasdomosaedilicare,

177 2398 295 2466 vivatur,
316 2398 409 2454 dixisti
426 2419 432 2452 ε
458 2398 669 2460 convertimini,
698 2397 745 2452 unt
768 2396 924 2460 bantinum,
938 2397 972 2452 de
1023 2400 1071 2471 qui
1089 2400 1141 2455 leri
1153 2411 1251 2455 ererrtu
1262 2398 1440 2466 andttuntnr,
1452 2408 1479 2453 et
1492 2398 1516 2452 si
1530 2411 1584 2451 trun
1598 2396 1825 2465 prius,inmorte

178 2492 380 2560 temporalitate
393 2490 427 2546 ad
440 2490 632 2556 aeternitatem,
660 2491 694 2543 de
710 2489 835 2544 mutabili
861 2489 916 2543 rita
937 2487 972 2543 ad
1023 2493 1183 2548 deserentur
1207 2509 1214 2557 ;
1242 2492 1314 2546 sicut
1338 2505 1439 2546 aranea
1465 2498 1572 2561 semper
1596 2488 1737 2554 discurrit,
1760 2485 1824 2542 ira-

177 2598 223 2637 me
245 2581 457 2636 immutabilem.
481 2581 612 2652 Sequitur
641 2579 812 2635 mutabilitas
840 2579 970 2634 hominis.
1024 2583 1104 2654 gilcm
1121 2582 1203 2637 telam
1229 2581 1361 2646 contexit,
1388 2591 1415 2636 et
1437 2580 1517 2636 laeilu
1542 2594 1613 2651 opus
1641 2594 1723 2634 suum
1737 2579 1824 2633 anrit-

177 2671 269 2741 (irari,
286 2690 317 2727 ne
341 2682 444 2727 avertar
467 2673 599 2727 laminam
621 2674 650 2727 in
671 2672 859 2738 iramiiitatcm,
880 2672 906 2727 id
930 2680 973 2727 est
1024 2674 1068 2740 tit,
1090 2672 1163 2744 quod
1193 2680 1269 2726 tanto
1294 2672 1388 2727 studio
1416 2670 1521 2742 peregit
1544 2669 1588 2725 uel
1609 2669 1729 2738 impulsu
1744 2670 1823 2723 renti

177 2765 205 2820 in
234 2765 330 2820 mundi
360 2766 628 2836 concupiscentiam,
653 2780 715 2836 quae
737 2765 774 2820 ita
794 2765 885 2820 breuis
913 2771 969 2830 est,
1024 2764 1067 2819 rel
1080 2763 1227 2834 lapillouel
1241 2764 1334 2833 aliqua
1350 2762 1402 2817 leri
1419 2773 1514 2817 causa.
1535 2759 1588 2818 lste
1599 2758 1775 2817 deiectusest
1789 2761 1822 2814 ira

177 2855 225 2913 sed
1023 2856 1126 2911 aalma.
1766 2863 1772 2868 ’

215 2946 297 3004 Vsus.
318 2948 345 3003 6.
367 2947 619 3003 Μαιιεεὲιιιιιειὺα
635 2958 768 3014 tratrseat,
786 2964 863 3002 anone
878 2947 972 3016 plorent
1061 2948 1144 3004 Vens.
1167 2946 1210 3004 lb.
1232 2947 1295 3001 llice
1318 2961 1449 3000 annorum
1475 2955 1625 2999 nostrorum
1638 2946 1667 2998 itt
1691 2945 1757 3014 ipris
1778 2960 1823 2999 sc-

177 3051 202 3096 ct
222 3048 352 3108 transeat,
364 3057 466 3110 uespere
485 3041 602 3107 decidat,
616 3039 722 3095 induret
740 3050 765 3094 et
780 3051 894 3107 arescat,
906 3041 973 3097 sub-
1024 3042 1165 3113 ptuaginta
1178 3041 1252 3106 arani,
1272 3041 1324 3095 lruc
1347 3047 1400 3106 est,
1416 3037 1471 3092 dier
1490 3038 1552 3093 uitae
1571 3046 1673 3093 nostroe
1693 3043 1758 3093 sunt
1775 3053 1823 3092 ει-

178 3132 242 3187 audi
253 3132 341 3185 barro.
359 3130 438 3185 narra
455 3140 498 3187 est
522 3130 650 3201 pueritia,
664 3147 726 3200 quar
747 3133 816 3185 sicut
833 3129 915 3185 incida
931 3141 973 3187 est
1023 3134 1166 3203 ptuaqintu
1178 3134 1252 3186 anni.
1268 3130 1299 3186 st
1314 3140 1402 3185 nutent
1412 3131 1440 3184 in
1451 3129 1641 3201 potentatibus,
1657 3130 1684 3186 id
1694 3137 1823 3196 est,cum

178 3223 285 3294 fragilis
298 3232 325 3277 et
339 3232 442 3278 tenna.
463 3219 565 3277 lterum
589 3223 668 3276 manc
692 3232 733 3277 est
752 3223 896 3292 juventus,
911 3240 973 3293 quae
1025 3224 1158 3294 sospitate
1170 3223 1270 3279 virium
1284 3223 1399 3278 ulterius
1414 3222 1577 3286 vixerimus,
1598 3230 1680 3277 erunt
1694 3222 1761 3277 anni
1773 3238 1823 3277 no-

178 3316 257 3370 floret
272 3315 299 3369 iu
314 3313 423 3377 studiis,
439 3314 509 3367 sicut
524 3313 605 3367 lierda
620 3313 769 3368 doretante
783 3311 899 3369 iructus.
923 3312 973 3367 Vc·
1024 3318 1074 3373 stri
1085 3317 1232 3387 acroqimo,
1244 3325 1270 3370 et
1284 3314 1400 3385 amplias
1412 3332 1504 3369 aarum
1519 3314 1595 3368 tator
1620 3324 1645 3367 et
1658 3313 1747 3382 dolor,
1767 3314 1824 3370 boc

181 3422 256 3477 spere
268 3414 310 3460 est
328 3413 466 3472 senectus,
479 3405 544 3475 quia
557 3403 627 3459 tucis
642 3418 743 3459 occasu
755 3404 840 3458 bomo
855 3402 882 3458 in
898 3419 971 3458 mor·
1025 3418 1077 3475 est,
1089 3407 1223 3478 quidquid
1241 3408 1314 3463 ultra
1330 3408 1379 3462 hos
1391 3406 1552 3473 vixerimus,
1575 3404 1628 3460 orit
1645 3403 1757 3460 taboret
1770 3405 1823 3459 aa·

178 3509 234 3555 tent
258 3496 369 3564 decidit,
396 3496 495 3552 deinde
515 3496 545 3552 iu
561 3495 678 3553 cadaver
702 3495 864 3561 indurescit,
887 3503 915 3551 et
942 3496 970 3549 ia
1025 3500 1076 3555 iar.
1092 3499 1168 3555 Licet
1180 3499 1254 3554 enirn
1269 3499 1344 3554 omiti
1358 3507 1481 3568 tempere
1495 3499 1568 3553 uiuat
1580 3497 1663 3553 bonno
1682 3497 1823 3553 inlabere

179 3588 319 3660 pulverem
335 3589 446 3644 arescit·
463 3586 522 3644 llos
545 3596 588 3643 est
610 3603 684 3659 ergo.
706 3587 781 3657 quod
801 3588 867 3643 dicit
884 3586 972 3644 :Cum
1025 3602 1052 3649 ct
1065 3594 1169 3660 dolore,
1186 3602 1279 3648 tamen
1305 3592 1333 3647 in
1354 3600 1494 3649 senectute
1522 3607 1586 3647 cum
1602 3606 1705 3663 magno
1728 3591 1824 3648 labore

179 3694 235 3736 tam
251 3681 342 3736 breuis
353 3681 389 3736 sit
408 3680 453 3735 bic
467 3680 521 3734 rita
535 3680 668 3746 bominis,
679 3679 797 3750 pueritia
821 3679 882 3750 ejus
894 3681 973 3751 quasi
1026 3682 1094 3740 iacit
1115 3682 1250 3753 quidquid
1273 3691 1414 3755 operatur,
1437 3695 1465 3738 ει
1479 3691 1523 3738 εει
1546 3697 1655 3752 semper
1675 3681 1703 3736 ia
1724 3681 1823 3737 dolore

178 3789 256 3827 arana
267 3772 320 3827 diei
328 3781 490 3844 consurgat,
509 3782 537 3827 et
553 3773 622 3828 sicat
635 3772 715 3826 lrcrba
727 3772 784 3828 cito
798 3782 973 3843 pertranseat,
1025 3775 1111 3831 tussis
1137 3776 1181 3831 tel
1195 3774 1311 3831 febrium
1326 3775 1369 3830 rel
1385 3774 1504 3846 alicujus
1517 3773 1695 3830 infirmitatis.
1711 3772 1758 3828 lsti
1770 3773 1822 3828 dc-

175 3866 307 3936 jui'entus
321 3865 381 3935 ejus
392 3871 424 3918 ut
441 3862 570 3920 meridies
585 3863 700 3932 terreat,
715 3873 743 3920 et
757 3863 829 3920 sieut
845 3864 896 3919 llos
910 3879 974 3936 per·
1025 3868 1113 3923 tectus
1123 3874 1188 3924 sunt
1200 3866 1227 3921 in
1242 3881 1368 3938 corpore.

179 3964 314 4021 transcat,
332 3963 459 4012 senectus
484 3965 514 4011 ut
538 3972 641 4027 verpere
664 3956 692 4011 in
717 3971 846 4012 occasum
870 3965 973 4028 uergat,
1060 3959 1147 4016 Porro
1159 3976 1222 4016 cum
1246 3960 1347 4031 aliquis
1370 3959 1541 4030 septuaginta
1557 3973 1691 4014 annorum
1706 3957 1822 4013 sitriri·

177 4057 207 4105 ct
233 4050 274 4105 sic
302 4049 329 4103 in
346 4057 462 4104 mortem
488 4048 605 4116 decidat,
622 4049 649 4103 in
675 4049 793 4104 cadauer
807 4047 974 4116 indurescat,
1025 4056 1078 4111 nus
1092 4054 1237 4122 invalidus,
1265 4041 1365 4124 aliquis
1383 4066 1449 4107 reru
1462 4053 1600 4125 octoginta
1616 4066 1752 4107 annorum
1772 4051 1822 4105 ad·

179 4142 207 4197 in
236 4141 377 4211 pulverem
402 4149 517 4208 amcat,
543 4148 574 4195 ut
598 4141 696 4196 iterum
721 4140 749 4195 in
775 4141 976 4198 resurrectione
1026 4145 1279 4218 nucpreraliuus;
1303 4145 1401 4200 melius
1416 4144 1576 4216 spiritaliter
1594 4142 1755 4214 intelligitur·
1769 4141 1822 4197 istu

180 4233 319 4297 refloreat,
337 4241 476 4304 quatenus
498 4230 526 4285 in
550 4233 702 4288 aeteruitate
716 4232 806 4289 virere
817 4242 910 4303 queat.
924 4231 976 4288 Per
1026 4252 1169 4293 numerus.
1185 4234 1237 4291 llic
1251 4250 1370 4307 namque
1396 4247 1445 4305 per
1466 4236 1652 4307 septenarium
1667 4242 1695 4290 et
1706 4243 1822 4289 octona-

178 4320 450 4386 dissimilitudines,
465 4321 874 4392 seilicetpermaneetoerperc
893 4331 975 4377 aeta·
1026 4330 1097 4385 rium
1110 4327 1297 4385 sedenarium
1324 4327 1533 4397 multiplicatur,
1553 4336 1583 4384 et
1604 4327 1747 4397 stupendis
1757 4342 1821 4397 mg-

177 4422 225 4467 tur
236 4411 407 4466 mutabilitas
421 4428 429 4475 3
453 4424 502 4480 bet
517 4410 625 4464 berlum
639 4419 668 4464 et
681 4410 764 4466 flores
774 4410 903 4465 1111111111
913 4410 976 4466 vllae
990 4418 1013 4472 b
1027 4419 1119 4475 storiis
1130 4416 1299 4489 gravidatur.
1312 4415 1418 4488 Septies
1430 4419 1505 4473 enim
1520 4417 1613 4474 decem
1626 4427 1691 4473 sunt
1709 4425 1822 4486 septua-

177 4503 309 4560 bstillis·
321 4504 389 4571 01¹ae
400 4503 463 4557 11110
474 4501 555 4558 1101118
568 4510 720 4557 0111111111
733 4523 740 4556 ²
1026 4507 1114 4581 ginta,
1129 4518 1157 4565 et
1181 4508 1268 4564 octies
1283 4508 1378 4564 decem
1402 4510 1552 4582 octoginta.
1577 4507 1684 4579 Septem
1700 4515 1822 4562 veterem

216 4594 300 4652 Vens.
321 4597 348 4650 t.
370 4597 441 4663 Quia
459 4594 572 4665 [ecimus
587 4594 671 4647 inira
685 4602 743 4656 tua,
759 4593 786 4647 id
804 4602 857 4658 est,
872 4593 901 4647 in
914 4593 975 4649 viu·
1026 4600 1113 4673 legem
1126 4608 1239 4670 propter
1267 4599 1468 4656 observantiam
1480 4599 1594 4655 Sabbati
1617 4597 1774 4670 preferant,
1791 4601 1822 4654 in

179 4687 386 4757 dicturusque
405 4686 658 4758 praeuaricationem
671 4684 792 4756 parentis
813 4684 900 4739 nostri
915 4685 973 4740 riu·
1025 4707 1080 4764 qua
1093 4692 1187 4749 decem
1205 4701 1343 4763 praeoepta
1357 4692 1493 4763 geminam
1509 4691 1683 4754 dilectionem
1699 4690 1823 4744 arnaria

180 4777 301 4831 (11015111
326 4778 509 4846 1101115Ῐ11111θ,
535 4779 592 4848 Sili,
620 4786 760 4834 111111ῑῦ11
780 4786 807 4833 el
822 4785 918 4832 11101111
940 4776 976 4831 Εἰ
1025 4793 1054 4839 ει
1070 4781 1227 4854 septenario
1245 4783 1406 4839 ostendunt.
1421 4779 1683 4852 OetoEvarrgolium
1708 4788 1822 4851 propter

181 4867 319 4939 inforare
342 4879 388 4923 tao
406 4872 506 4925 turbati
520 4887 623 4936 satiras,
645 4870 671 4925 id
697 4884 750 4937 cst,
768 4879 872 4925 terrore
891 4867 975 4925 futuri
1027 4886 1151 4933 octauum
1181 4875 1330 4931 Dominicis
1354 4873 1552 4930 incarnationis
1577 4872 1716 4940 attollunt,
1739 4871 1822 4942 cnjus

178 4959 280 5032 judieii
304 4975 355 5031 pro
376 4960 545 5031 quotidianis
569 4962 699 5031 peccatis.
717 4960 766 5018 Vel
789 4962 932 5032 deserimur
948 4963 976 5018 in
1028 4968 1220 5023 observatores
1228 4964 1373 5021 denarium
1386 4965 1450 5020 vitae
1459 4964 1625 5035 percipiunt.
1639 4961 1669 5017 ln
1682 4962 1725 5018 liis
1736 4961 1821 5034 igitur·

182 5050 351 5117 infirmitate,
369 5050 470 5104 turbati
489 5066 581 5104 sumar
600 5060 699 5107 morte.
721 5050 753 5108 Et
771 5053 976 5110 maritaturba·
1026 5057 1245 5124 aunisuirimus,
1265 5055 1289 5114 si
1312 5054 1397 5110 Deum
1410 5070 1459 5127 per
1474 5064 1620 5127 utramque
1644 5055 1730 5127 legent
1743 5050 1820 5107 relu-

162 5159 255 5198 mur.
267 5141 336 5199 Nam
348 5150 376 5199 tu
778 5144 782 5152 '
1027 5146 1102 5218 gium
1117 5156 1242 5202 nostrum
1258 5145 1419 5215 quaerimus.
1442 5145 1493 5203 Per
1507 5145 1680 5218 septuaginta
1709 5157 1820 5215 quoque

218 5230 303 5289 Vens.
324 5232 352 5288 8.
374 5231 495 5288 Posuisti
509 5229 663 5302 iniquitates
673 5242 780 5290 nostrus
795 5238 822 5291 in
835 5247 977 5309 compecto
1026 5238 1115 5294 activa
1126 5238 1197 5305 rita;
1215 5253 1264 5309 per
1278 5240 1416 5309 octoginta
1427 5237 1817 5312 designaturcontemplativa.

183 5336 239 5394 tuo,
252 5326 280 5381 id
293 5335 347 5397 εει,
361 5342 409 5384 eas
425 5324 606 5396 conspexisti,
621 5325 767 5400 diligenter
778 5345 875 5386 omues
898 5342 977 5387 nota·
1027 5327 1057 5386 ln
1076 5329 1142 5401 ipsis
1156 5330 1329 5402 septuaginta
1343 5332 1423 5387 annis
1433 5346 1540 5398 sumus,
1556 5332 1622 5387 dum
1635 5329 1770 5402 pst-oiimis
1785 5328 1814 5384 in

184 5418 230 5486 sti,
243 5434 298 5474 uon
318 5416 509 5476 dissimulasti.
534 5416 654 5476 Posuisti
679 5419 762 5477 etiarn
788 5421 917 5478 wertina
930 5439 979 5477 no-
1027 5421 1115 5477 activa
1125 5421 1180 5477 uita
1191 5421 1337 5479 servimus
1357 5420 1392 5476 ln
1413 5421 1593 5491 pateruatidua
1606 5424 1819 5496 octagintarcr-

182 5513 282 5578 strum,
294 5509 321 5566 id
333 5520 385 5579 est,
397 5513 482 5569 vitam
496 5524 622 5572 nostram
638 5514 665 5567 in
681 5513 877 5570 illuminatione
889 5515 977 5573 oritur
1028 5514 1210 5578 sumundum
1227 5514 1255 5569 in
1269 5513 1479 5585 contemplativa
1492 5515 1547 5572 nita
1568 5515 1820 5589 perspiritalssaso·
1910 5561 1914 5567 .

184 5601 235 5654 tiri.
254 5599 304 5658 Vel
321 5602 393 5658 sicut
411 5604 440 5659 in
453 5604 565 5662 llebrrea
580 5606 696 5663 liabetur
712 5625 719 5658 ;
735 5605 916 5678 Ncqiiqerrrias
930 5625 978 5664 na·
1028 5606 1145 5662 ciamus.
1161 5604 1294 5677 Quisquis
1311 5606 1369 5661 huc
1384 5608 1584 5679 transgreditur
1596 5619 1624 5666 ct
1637 5608 1755 5679 amplius
1767 5608 1819 5663 ali·

184 5699 256 5744 saras
268 5691 296 5743 in
306 5690 366 5746 teca
379 5692 466 5750 ruitur
477 5696 527 5750 tri.
554 5694 611 5753 ilar
623 5706 675 5766 cst,
690 5695 908 5755 anirnaurrnisn
918 5714 978 5755 onr-
1030 5696 1096 5767 quid
1110 5698 1219 5770 querit,
1239 5697 1360 5755 laborem
1376 5707 1403 5756 et
1419 5699 1541 5759 dolerem
1560 5704 1673 5773 inuenit,
1685 5702 1818 5776 ‚laborem
