3892 6067
126 254 186 311 529
270 248 602 308 constristandum
621 251 792 311 nutans.
811 283 846 297 -
864 253 956 312 PARS
974 253 1020 320 lll,
1041 253 1087 308 IiX
1107 252 1272 311 bonomo.
1292 284 1328 296 -
1345 254 1445 314 Pstt.
1465 255 1619 316 LXXXVII.
1718 259 1770 316 bib

126 365 276 423 utilitatem
294 364 462 436 populorum,
481 375 505 420 et
521 367 549 422 in
564 368 708 439 scripturis
722 369 882 439 principum,
896 367 924 423 id
937 371 962 427 rt
975 364 1024 419 nei
1046 373 1089 421 est
1116 365 1207 421 anima
1232 366 1330 434 fidelis,
1355 367 1434 438 cujus
1461 370 1646 440 fundamento,
1674 372 1700 429 id
1729 384 1771 430 est

125 468 172 516 est
186 457 375 529 apostolorum
389 456 494 524 liorem,
509 460 555 530 qni
568 460 634 529 suere
647 469 675 513 ιιι
689 460 716 512 in
732 477 762 514 eo
776 459 923 530 principes,
976 455 1056 511 bonae
1070 455 1287 513 conversationis
1299 457 1377 513 initia
1391 467 1456 514 sont
1469 461 1496 514 in
1510 462 1612 516 sanctis
1625 464 1769 532 urentibus,

126 549 402 620 quandiurixcmnt,
416 558 444 604 et
464 550 528 604 talia
546 549 710 618 docuerunt,
724 560 751 607 et
765 552 866 621 scripta
883 568 923 607 rc·
976 546 1059 603 idest
1080 555 1237 603 sanctorum
1258 549 1313 603 rita
1337 558 1364 604 ει
1383 547 1567 620 dogmatibus.
1589 549 1652 610 Ilaec
1672 554 1770 611 civitas

126 642 280 712 liquerunt.
296 638 380 696 Sacra
400 638 542 709 Scriptura
560 650 602 697 est
617 643 740 698 omnium
755 643 923 713 populorum,
976 647 1089 694 vocatur
1101 638 1177 705 Sion,
1193 639 1221 694 id
1234 648 1278 695 εει
1289 640 1396 709 speculo
1413 643 1483 697 aito.
1498 641 1586 714 llojos
1599 654 1691 714 portos
1707 646 1773 701 dili·

126 732 193 802 quia
205 746 303 787 omncs
318 747 388 802 pene
408 731 565 804 intelligunt
579 747 657 797 earn.
679 733 818 790 sacularis
832 743 923 790 autem
976 731 1013 802 git
1029 729 1168 786 dominns.
1193 730 1285 786 Portu
1313 732 1397 802 buius
1417 732 1494 802 Sion,
1517 751 1566 805 per
1589 751 1658 807 quas
1678 737 1770 794 anima

126 824 266 894 scriptura
278 839 429 893 paucomm
440 832 493 893 est,
504 825 568 895 ana
579 825 660 895 pauci
672 824 832 897 intelligunt.
846 827 924 895 Quod
976 822 1136 894 ingreditur,
1149 832 1191 878 εει
1209 823 1276 879 lidos
1287 834 1316 879 et
1338 824 1499 895 baptismus.
1519 825 1620 894 Porto,
1641 844 1690 899 per
1703 845 1772 900 quas

127 916 203 970 enim
216 916 297 973 Plato
310 918 431 989 scripsit,
445 918 490 974 vir
513 897 570 974 tres
584 918 749 990 intelligunt.
766 899 924 991 Philosophi
976 915 1124 988 egreditur,
1141 925 1184 971 est
1198 917 1321 987 operatio
1335 925 1364 972 ct
1383 918 1503 974 dilectio.
1526 917 1707 974 Tnbemoeaio
1721 920 1775 976 in·-

125 1007 202 1063 nIam
218 1011 343 1068 veritatis
358 1013 517 1070 homiuibus
532 1014 719 1084 obcluserunt,
735 1017 801 1072 dum
815 1025 926 1073 sentcn-
976 1009 1023 1064 coi
1036 1017 1078 1063 est
1088 1008 1208 1064 carnalis
1223 1008 1377 1066 Intellectus
1390 1019 1418 1066 et
1429 1010 1590 1067 traditiones
1602 975 1776 1094 turmioni

128 1100 184 1156 tias
196 1118 263 1158 suas
275 1104 400 1162 obscuris
412 1106 501 1164 verbis
519 1108 701 1175 involverunt,
714 1125 796 1182 qoam
808 1110 926 1181 apostoli
977 1095 1016 1152 ⁰0
1033 1098 1085 1152 ¹1³0
1105 1096 1215 1154 θῑιῑῑιῑθ
1227 1097 1434 1178 iI⁰II⁰⁸0stI⁶ffl
1454 1113 1527 1168 ‘wib
1540 1101 1605 1172 (ιῑῑῑΐι
1618 1102 1652 1158 de
1664 1102 1774 1186 virtuti·

126 1196 219 1267 planis
246 1194 329 1252 dictis
353 1198 649 1270 mundoaporuerunt.
675 1200 770 1272 blagna
789 1217 833 1257 rcs
854 1200 926 1258 iacta
976 1187 1039 1253 bus,
1063 1188 1134 1244 ⁸1⁰1st
1160 1190 1194 1245 (¹⁰
1223 1188 1360 1259 lapidibus
1382 1200 1424 1247 ⁰⁸²
1450 1200 1624 1259 θθΰὸῑΐΰῡῑιῖ
1654 1202 1682 1248 θῑ
1707 1193 1772 1265 (luia

125 1287 193 1340 est
187 1301 215 1339 tn
235 1285 346 1341 civitate
363 1286 424 1354 irae,
445 1305 575 1361 magnum
591 1290 731 1362 gandium
748 1307 847 1364 magon
859 1291 926 1347 laeu
976 1277 1088 1337 Christo
1105 1281 1310 1352 imperatoriut
1330 1293 1489 1354 sponsaest
1510 1285 1667 1356 conjuncta.
1684 1283 1772 1355 liujus

127 1377 186 1431 tia!
203 1375 267 1432 Ideo
283 1376 425 1434 collocatis
439 1380 570 1435 omnibus
588 1381 695 1451 gaudiis
709 1380 819 1438 elausit
977 1386 1077 1425 memor
1101 1379 1144 1427 ⁰⁵¹
1165 1370 1307 1440 ⁰⁰¹¹¹¹¹¹¹182
1333 1389 1396 1443 (Ilm
1420 1374 1454 1429 (¹⁹
1480 1374 1573 1429 Rafiah
1598 1385 1626 1432 θῑ
1652 1375 1777 1480 Babylon

164 1467 336 1537 liiopsobna.
363 1467 448 1526 Vens.
475 1470 500 1524 7
529 1469 606 1528 sicot
634 1472 785 1527 innantium
810 1474 927 1527 omnium
978 1478 1111 1519 conversa
1125 1472 1165 1520 est
1178 1464 1212 1519 ad
1224 1479 1299 1530 eom
1313 1465 1365 1518 boo
1377 1474 1428 1532 est
1441 1464 1474 1520 de
1485 1466 1630 1523 latitudine
1640 1447 1777 1523 vitrorum

125 1557 305 1612 habitationi
322 1571 357 1613 tc.
383 1558 524 1614 Habitotio
545 1564 664 1617 omnium
684 1564 712 1616 in
732 1572 767 1631 te,
791 1579 808 1619 o
831 1564 927 1620 civitas
978 1563 1005 1614 ει
1020 1554 1147 1628 superbla
1163 1556 1340 1611 mundanae
1324 1555 1417 1627 giouae
1428 1565 1455 1611 ct
1467 1556 1631 1614 conlusione
1643 1568 1771 1629 peccato·
1774 1529 1778 1586 ¹

127 1649 189 1714 Dei,
212 1650 342 1706 nouerit
364 1652 542 1722 tristantium,
565 1655 613 1710 sed
635 1657 705 1709 sicut
726 1656 877 1711 iocantium
898 1658 926 1711 in
977 1666 1051 1706 rum.
1064 1647 1095 1704 In
1110 1647 1162 1704 hac
1175 1648 1285 1704 civitate
1305 1647 1428 1703 habitant
1443 1647 1597 1719 alienigene·
1612 1658 1639 1704 et
1656 1649 1729 1719 Tyrii
1747 1661 1775 1705 et

128 1743 183 1798 bac
196 1742 264 1806 vita,
279 1742 307 1796 in
323 1740 415 1798 lutura
435 1754 527 1800 autem
542 1761 605 1801 sere
620 1731 781 1803 ioecnntiur'u.
794 1747 824 1803 In
837 1749 928 1804 taber·
942 1714 964 1769 B
978 1740 1128 1812 AEtbiopes,
1143 1741 1207 1813 quia
1229 1740 1254 1794 in
1273 1737 1438 1810 cogitatione
1451 1741 1510 1812 ojus
1526 1750 1637 1797 manent
1651 1743 1774 1813 pristioac

128 1832 238 1888 naeniis
253 1832 299 1890 bie
314 1835 501 1902 ιοιιιειίιιιιιις
516 1838 545 1892 in
567 1838 677 1893 civitate
697 1838 742 1894 illa
762 1839 866 1896 coelesti
880 1840 929 1893 ba·
975 1833 1173 1904 turpitudines,
1188 1847 1250 1903 quae
1267 1846 1326 1887 eam
1344 1845 1360 1886 a
1378 1829 1434 1887 Deo
1453 1832 1630 1888 alienabant:
1647 1833 1711 1889 iride
1725 1834 1774 1889 ba-

129 1923 228 1979 bitatin
243 1934 337 1980 nostra
352 1926 411 1982 sola
426 1928 478 1983 erit
492 1928 596 1984 laetitia.
610 1928 669 1986 Non
689 1932 742 1987 erit
754 1931 791 1987 ibi
810 1931 929 2004 gemitus
979 1924 1024 1980 bel
1036 1923 1192 1995 aitssusiiam
1203 1931 1231 1977 el
1248 1920 1355 1977 ῑὶΰιθῐῐὸ
1369 1920 1524 1976 h⁰fr0¹⁸0¹¹b
1540 1920 1606 1977 POSI
1619 1922 1775 1979 lwttwi-

130 2015 360 2085 desiderantium,
392 2020 441 2076 sed
471 2021 565 2078 taetiua
589 2021 799 2094 perfruentium
835 2024 929 2080 Aderit
981 2025 1024 2070 nu
1036 2014 1186 2069 Christus
1177 2030 1203 2068 ur
1218 2030 1258 2080 eo,
1274 2012 1301 2068 id
1319 2021 1362 2068 εει
1376 2012 1464 2068 virtus
1478 2014 1520 2068 vel
1535 2013 1637 2070 bonnm
1657 2028 1726 2085 opns
1740 2015 1774 2070 ad

129 2111 217 2176 enim,
232 2126 277 2165 cm
289 2126 477 2182 suspiramus
493 2113 656 2170 rsrmrles
632 2130 656 2170 er
671 2131 785 2181 erimus
798 2114 927 2185 qinoniam
980 2106 1160 2162 imitationem
1192 2105 1307 2170 Christi,
1332 2114 1359 2160 et
1386 2104 1444 2174 ipse
1470 2106 1624 2161 ditissimus
1651 2101 1780 2202 [crederit

131 2202 287 2258 ridebimus
299 2218 362 2260 eum
377 2203 459 2259 sicuti
472 2213 514 2260 est
531 2203 559 2273 (i
573 2203 654 2259 ioan
670 2221 711 2271 m,
725 2206 765 2268 ι)
782 2226 792 2258 ι
807 2204 866 2261 bon
878 2209 930 2261 erit
980 2214 1041 2255 cam
1062 2198 1090 2253 in
1111 2196 1269 2253 virtutihus.
1288 2196 1320 2252 Et
1331 2199 1452 2253 narrabit
1466 2198 1491 2252 ci
1513 2198 1682 2253 volontatem
1696 2213 1774 2254 sunm

131 2292 170 2347 ibi
185 2292 297 2363 aliquod
308 2295 448 2365 negotium
459 2304 595 2360 nostrum,
604 2295 657 2351 nisi
651 2295 781 2351 laudare
796 2294 892 2361 Deum,
903 2306 930 2350 ct
981 2292 1008 2346 io
1030 2291 1169 2362 scripturis
1189 2289 1356 2360 populorum,
1371 2291 1398 2347 id
1412 2300 1454 2348 est
1474 2292 1501 2346 in
1514 2290 1688 2361 passionibus
1702 2306 1762 2347 mar
1757 2275 1780 2368 I,

129 2382 188 2440 Irni
201 2384 267 2440 Deo.
281 2383 472 2442 habitabimur
492 2394 520 2442 et
530 2385 726 2442 habitabimus.
744 2385 930 2456 snbjiciuntur
981 2383 1070 2456 tyrum
1082 2392 1110 2438 ει
1124 2382 1179 2437 vita
1196 2390 1365 2449 sauctorum,
1380 2392 1407 2438 et
1419 2383 1446 2438 ιιι
1464 2383 1603 2455 scripturis
1614 2377 1780 2454 priniciponr.'

132 2476 173 2531 iili
195 2475 299 2544 omnia,
325 2485 356 2532 ut
382 2477 418 2533 sit
440 2476 513 2534 Deos
530 2478 622 2533 cinola
645 2477 673 2531 in
695 2478 833 2534 omnibus.
859 2476 929 2545 Quid
981 2474 1008 2530 id
1024 2484 1066 2531 est
1080 2474 1265 2546 apostolorum
1281 2483 1308 2530 et
1323 2476 1528 2546 prophetarum.
1543 2474 1576 2530 lit
1589 2477 1643 2532 hoc
1654 2461 1780 2531 narrabit

131 2568 281 2640 ergoeriti
296 2567 451 2637 Quomodo,
473 2569 561 2640 potuit
583 2568 675 2640 lingua
698 2569 818 2623 bumana
837 2568 927 2624 dixit:
980 2568 1018 2635 ei,
1033 2567 1107 2638 quod
1122 2567 1253 2621 habitatio
1277 2567 1328 2622 erit
1348 2566 1375 2622 in
1398 2583 1430 2622 ea
1455 2568 1523 2622 sicut
1547 2566 1695 2622 loetantium
1716 2585 1775 2621 οιιι-

133 2654 212 2712 Sient
227 2657 378 2713 iretnntinm
393 2659 512 2713 ominium
532 2660 663 2714 habitatin
681 2661 709 2713 in
722 2667 756 2713 te.
773 2657 864 2726 Quare
877 2660 930 2712 ric·
981 2661 1147 2732 clemquia
1167 2660 1294 2717 ChrIstus
1316 2676 1365 2716 rex
1391 2658 1520 2714 virtutum
1544 2659 1571 2713 iu
1595 2658 1648 2713 bae
1668 2656 1788 2713 civitate

131 2759 162 2804 at
178 2750 354 2805 lotentiam?
366 2749 436 2818 Quia
461 2765 516 2806 non
541 2750 646 2805 invenit
666 2749 748 2805 aliam
771 2748 930 2805 similitudi·
981 2750 1106 2823 regnabit
1123 2752 1150 2806 in
1166 2760 1309 2820 aeternnm,
1325 2752 1372 2823 qui
1387 2761 1430 2808 est
1446 2753 1556 2822 plenum
1570 2750 1711 2821 gaudium.

131 2857 209 2907 nero,
226 2841 280 2897 nisi
291 2842 400 2912 qualem
417 2841 462 2897 bio
477 2841 560 2897 homo
575 2840 662 2896 novit.
1016 2839 1096 2898 Ilunc
1114 2841 1250 2912 psalmom
1270 2841 1370 2898 lestum
1393 2840 1600 2898 mostellaria
1612 2840 1696 2904 canit,
1712 2838 1783 2910 qnia

168 2931 222 2990 Hic
245 2935 370 3006 psalmus
390 2935 473 2991 etiam
491 2934 526 2991 ad
545 2934 666 2990 ammam
686 2934 811 3030 pertiuet.
829 2932 929 2989 Ciuitas
982 2935 1040 3005 Ipsa
1052 2932 1192 2989 Christum
1206 2931 1291 2988 ιιιιιιιι
1304 2940 1332 2989 et
1343 2933 1481 2990 hominem
1499 2932 1603 3005 genuit.

1374 3096 1760 3117 m
1778 3107 1780 3124 Ι

658 3280 923 3373 Psnttttis
959 3275 1252 3372 LXXXVII.

59 3637 73 3674 ,-
175 3605 287 3662 donum
306 3602 376 3656 Deus
396 3602 492 3657 scintis
510 3618 583 3669 mere,
600 3610 652 3657 etc.
672 3601 795 3658 Praesens
810 3601 967 3671 psalmusc
985 3613 1043 3655 nes.
1059 3597 1203 3654 Damones
1223 3604 1287 3653 sunt
1307 3592 1389 3662 nudi;
1404 3590 1555 3649 Christiani
1569 3590 1629 3646 oleo
1644 3592 1729 3646 ιιιιιιι.
1748 3590 1776 3646 Si

84 3687 92 3698 '
133 3705 182 3754 est
195 3695 229 3749 do
250 3695 380 3764 passione
396 3693 511 3760 Christi,
526 3691 600 3749 etde
619 3693 680 3763 ejus
698 3703 785 3749 morte
800 3702 827 3748 et
839 3694 933 3764 sepul·
984 3689 1047 3761 quIs
1060 3687 1191 3744 instinctu
1213 3685 1339 3746 diaboli
1332 3700 1359 3740 ro
1377 3683 1469 3755 aliquo
1482 3690 1595 3754 peccato
1608 3683 1701 3751 lapsus
1716 3680 1776 3737 ioe-

136 3795 201 3840 tnra
223 3794 250 3838 et
275 3782 308 3838 ad
329 3779 430 3836 interos
451 3781 641 3837 descensione.
661 3780 760 3836 ililitos
777 3775 933 3837 laborantes
985 3781 1031 3845 rit,
1045 3795 1100 3835 non
1122 3779 1252 3835 mutinuo
1274 3790 1371 3833 servus
1390 3774 1451 3845 ejus
1466 3774 1528 3841 erit,
1545 3772 1569 3829 ει
1583 3773 1778 3843 pcrpoeniteo·

136 3876 170 3932 ιιι
186 3874 370 3931 uircrnocolis
393 3872 485 3928 andita
509 3872 606 3943 gioria,
629 3887 691 3942 quae
713 3882 757 3928 est
779 3872 934 3930 incivitate
984 3873 1051 3928 tiam
1072 3871 1145 3928 nircs
1164 3884 1296 3942 reparans
1317 3866 1430 3924 tortis
1423 3882 1452 3921 ιιι
1474 3865 1690 3923 aduersarium
1684 3881 1777 3923 insur·

137 3966 327 4038 imperatoris,
340 3964 490 4036 flagrabant
511 3964 598 4019 rrimio
619 3963 755 4019 desiderio
772 3964 875 4021 relictis
888 3981 931 4021 cn·
985 3968 1096 4025 rexerit.
1111 3966 1164 4023 Sed
1175 3966 1198 4022 si
1211 3980 1244 4021 ει
1261 3973 1317 4021 toto
1332 3962 1367 4018 ab
1381 3960 1532 4018 intentione
1551 3960 1695 4018 resistendi
1713 3976 1777 4031 pcc·

138 4058 293 4115 suishanc
315 4056 409 4112 urbem
434 4055 538 4128 ingredi
557 4064 585 4111 ει
605 4055 738 4111 immonsa
758 4055 850 4111 laetitia
871 4072 935 4126 per·
954 4079 956 4082 ·
986 4066 1048 4114 cato
1061 4056 1163 4123 delicit,
1182 4056 1227 4112 hio
1250 4053 1402 4111 dominium
1427 4068 1457 4109 se
1476 4052 1611 4108 niueeotis
1625 4051 1738 4119 subibit,
1752 4061 1787 4126 ει,

139 4151 207 4208 brui.
219 4149 326 4218 Quibus
344 4158 483 4205 certamen
500 4147 640 4216 indicitur,
654 4160 682 4205 ει
695 4148 758 4220 quia
775 4161 824 4218 per
836 4148 935 4205 multas
987 4146 1033 4203 bic
1045 4160 1148 4202 corona
1172 4143 1285 4201 carebit.
1309 4142 1362 4210 Qui
1377 4151 1467 4197 antem
1491 4154 1578 4210 usque
1598 4140 1625 4194 in
1636 4139 1726 4202 ‚linem
1750 4139 1779 4192 in

140 4243 336 4299 tribulationes
360 4249 485 4311 oporteat
508 4240 623 4297 introire
645 4241 672 4297 in
686 4256 800 4313 regnum
822 4239 880 4309 Del,
895 4242 936 4296 eis
987 4236 1136 4295 certamIne
1153 4233 1377 4306 perseveraverit,
1400 4230 1446 4286 bie
1465 4244 1595 4285 coronam
1611 4228 1674 4283 nita
1687 4242 1780 4297 repor-

140 4333 300 4406 pdeoitur
330 4342 361 4387 ut
386 4333 514 4388 noverint
538 4332 680 4388 introitum
708 4316 792 4405 hujus
817 4329 936 4387 civitatis
988 4327 1065 4385 tabit.

139 4442 205 4483 csse
223 4423 442 4489 tribulationem,
455 4423 526 4480 sient
538 4432 567 4479 ει
578 4424 718 4480 Christum
734 4438 825 4495 regem
841 4436 936 4478 comm
1023 4418 1074 4476 llio
1098 4418 1220 4490 psalmos
1246 4425 1289 4474 est
1312 4415 1498 4487 octogesimus
1526 4411 1676 4484 sepimus,
1707 4410 1780 4481 qrrod

139 4519 221 4592 prius
235 4517 357 4589 oportuit
372 4516 439 4589 pati,
455 4525 482 4572 ει
500 4516 537 4571 ita
556 4516 660 4572 intrare
673 4516 700 4570 in
715 4515 790 4572 illam
810 4514 936 4587 gloriam,
988 4520 1052 4571 sont
1073 4510 1168 4567 novies
1192 4521 1300 4577 novem,
1315 4508 1506 4581 inceperunt.
1529 4502 1581 4559 Per
1602 4502 1781 4559 novenarium

141 4611 199 4676 eui,
215 4607 516 4679 sicutenmpationtnr,
531 4615 559 4664 et
582 4607 799 4678 conregnabunt.
823 4604 863 4663 Ne
886 4620 938 4667 au·
989 4605 1119 4678 gaodIom
1140 4602 1311 4674 angelornm,
1327 4614 1376 4671 per
1395 4598 1535 4655 senarium
1551 4595 1628 4650 labor
1651 4593 1697 4649 bic
1719 4608 1780 4649 oer-

143 4712 199 4758 tem
221 4701 249 4756 in
266 4699 416 4756 cemambro
432 4692 569 4764 deiciant,
587 4704 726 4754 oemameo
740 4697 844 4754 Christi
866 4700 939 4771 regis
990 4696 1105 4755 tantium
1131 4693 1304 4765 exprimitur.
1326 4690 1455 4762 Designat
1479 4688 1524 4744 bic
1546 4701 1688 4754 numerus,
1708 4686 1781 4758 quod

142 4794 269 4863 ipsorum
282 4790 324 4847 eis
340 4789 369 4845 in
383 4789 435 4845 boc
458 4788 565 4860 psalmo
587 4788 758 4859 pmponitor,
771 4773 800 4844 εἰ
811 4798 874 4860 post
887 4806 939 4861 pu·
990 4791 1030 4859 hi,
1042 4790 1091 4862 qni
1102 4795 1199 4844 contra
1212 4785 1279 4842 vitia
1294 4798 1345 4855 pro
1353 4782 1466 4838 Christo
1478 4788 1610 4852 pugnant,
1622 4778 1782 4850 angelornm

141 4899 226 4957 mam
249 4881 400 4938 victoribus
419 4895 522 4937 corona
545 4878 724 4951 promittitur,
747 4877 812 4950 quia
828 4896 838 4929 r
857 4893 940 4936 nemo
991 4882 1091 4956 gaudia
1100 4881 1128 4937 in
1141 4876 1380 4949 civitategloriosa
1391 4873 1551 4944 percipiant.
1564 4870 1674 4927 Titulus
1684 4868 1783 4941 psalmi

142 4975 335 5037 coronabitur.
354 4973 407 5029 nisi
423 4973 471 5045 qui
493 4971 614 5043 legitime
638 4971 784 5027 certaverit
806 4961 1055 5039 (intulisse.

144 5068 230 5140 ¹¹'5I'
250 5085 261 5119 ¹
285 5064 451 5137 Legi'imum
476 5071 613 5120 cemmen
637 5062 761 5118 ”leem
776 5078 783 5114 ⁵
798 5060 938 5118 numm
993 5102 1143 5177 (lonsil.
1134 5102 1295 5171 ictnntcuu
1314 5114 1423 5166 ιειιιιι,
1449 5113 1529 5152 suns
1549 5111 1630 5160 oona,
1651 5108 1678 5146 ιιι
1704 5107 1783 5147 sinant

144 5160 208 5215 oleo
226 5158 304 5215 uncti
325 5156 407 5213 simul
421 5155 623 5212 luctabantur:
636 5153 660 5210 si
679 5152 825 5217 alternero
838 5169 940 5210 succu-
1029 5189 1079 5229 „0
1104 5187 1209 5228 mm
1230 5171 1288 5243 (ιι)
1302 5185 1335 5225 g„
1359 5181 1578 5232 mmmm
1602 5176 1785 5220 mammos

146 5249 216 5317 buit,
234 5262 291 5304 noo
314 5246 407 5302 statim
431 5243 666 5310 victurumsed
691 5242 715 5299 si
735 5242 835 5314 sapius
855 5242 940 5299 elisus
1028 5259 1099 5301 ausu
1113 5256 1271 5300 isarnum.

148 5349 253 5396 extoto
267 5355 282 5395 a
296 5339 369 5394 locta
384 5335 493 5403 defecit,
509 5336 554 5392 hic
567 5334 656 5391 victus
676 5333 739 5402 luit,
752 5342 780 5389 et
794 5334 839 5390 bio
852 5334 940 5391 servi·
1030 5337 1170 5395 Carrucam
1189 5343 1232 5393 est
1250 5333 1408 5405 iucunditas
1434 5325 1684 5398 contemplationis.
1704 5322 1785 5377 Proi-

149 5432 189 5488 tio
202 5430 315 5489 victoris
328 5428 513 5495 addicebatun
532 5426 620 5482 victor
638 5439 703 5481 vero
717 5425 810 5482 laurea
823 5439 940 5481 corona·
995 5444 1054 5483 mni
1075 5425 1197 5483 studium
1220 5423 1300 5480 bona
1323 5419 1448 5477 ardonis.
1474 5417 1542 5473 Filii
1562 5414 1629 5471 Cere
1651 5420 1788 5485 martyres

148 5527 241 5583 nator.
258 5524 306 5581 Sic
318 5532 455 5580 certamen
466 5530 508 5578 est
524 5521 596 5575 inter
606 5518 780 5576 Christianos
792 5528 819 5575 ει
837 5518 940 5575 demo·
997 5520 1149 5578 imitatores
1160 5515 1263 5574 Christi
1275 5513 1302 5569 in
1316 5511 1442 5570 Calcaria
1457 5506 1590 5568 crucifixi.
1604 5504 1681 5562 Finis
1692 5516 1788 5576 perse·

186 5685 246 5758 (ll)
266 5681 344 5754 iulg.
362 5680 530 5740 Iinbcietbct
542 5678 687 5736 Esrnbitoe.
