3892 6067
155 40 227 97 {58⁵
635 41 798 99 lllstolrln
818 41 1088 102 vizebtncbvsls.
1105 75 1142 90 u-
1160 46 1225 103 bra,
1247 46 1277 102 ll.
1707 50 1777 106 taso

149 155 327 229 Narigxldam
350 156 509 228 episcopam
533 158 617 230 recipi
642 175 658 217 a
685 162 829 219 monacbis
853 159 977 226 vizeli
1029 162 1174 220 Gasiridus
1185 164 1295 236 juratus
1308 164 1377 222 dixit
1395 166 1469 237 quod
1493 166 1630 223 muhotics
1645 167 1712 224 sidit
1726 166 1777 223 ean

107 245 117 257 “
149 263 213 303 cum
238 247 424 318 processione.
449 245 510 305 vidi
533 249 608 320 quad
631 248 786 321 Stephanus
803 252 941 309 benedixit
968 241 1094 323 dalem,
1117 254 1229 313 Petrum
1252 265 1375 328 tempore
1408 256 1550 328 Stcpirani,
1572 266 1600 313 et
1622 255 1774 324 llumberti,

147 340 306 396 hibericum
319 338 506 409 altissiodori,
528 343 577 398 sed
599 341 635 398 de
658 342 773 399 eccesia
789 359 844 400 aaa
857 343 940 400 remi·
990 345 1160 404 Beraardam
1179 357 1207 405 et
1221 346 1374 405 Guidanem
1387 357 1511 420 tempore
1533 345 1613 405 istius
1626 338 1719 405 ieoire
1741 349 1775 404 nd

147 429 274 486 niscitur.
989 437 1142 511 synodum
1158 439 1265 496 stridit
1274 440 1420 511 quemdam
1432 440 1562 496 clericum
1578 439 1718 509 vizeliaci,
1728 456 1776 512 pe·

182 519 320 579 Gaiterias
335 524 555 599 archipresbyter
569 526 679 598 iuratus
699 526 767 584 dixit
788 528 862 599 quad
877 527 938 585 Ste-
987 536 1090 587 tentem
1101 529 1238 586 licentiam
1253 530 1288 586 ab
1304 531 1432 603 episcopo
1445 531 1602 587 ordinandi.

146 611 255 680 pharius
286 614 432 685 episcopus
464 616 602 673 benedixit
630 616 756 674 abbatem
791 617 948 689 Pontiam„
1023 615 1226 675 Constantinus
1244 618 1353 689 juratum
1379 620 1459 688 dixit,
1483 621 1557 692 quad
1583 636 1655 693 saepe
1672 621 1722 678 isit
1740 623 1774 678 ad

146 703 383 762 benedixitaltars
406 707 441 764 de
463 708 560 765 choro.
580 708 618 765 lle
632 709 778 767 concordia
799 710 852 768 bac
864 711 936 768 idem
988 708 1123 780 synodum
1145 724 1208 764 curn
1226 711 1334 767 clericis
1349 709 1500 781 vizeliaci;
1520 721 1548 769 et
1570 713 1774 784 quodquidam

145 794 221 862 cuod
233 802 261 850 et
275 794 333 865 alii,
348 804 377 851 et
399 806 461 867 post
485 795 552 855 lecit
567 797 756 856 ordinationes
778 800 805 855 ia
819 800 935 858 ecclesia
986 797 1103 855 clericus
1116 797 1246 857 vizeliaci
1262 800 1404 857 ordinatus
1421 809 1463 858 est
1482 817 1532 875 per
1545 803 1650 859 litteras
1663 801 1774 860 Educn-

146 884 241 942 Sarrmi
262 885 346 955 Petri,
368 895 396 943 et
419 887 934 960 Stephanusaanllrmavitibiamues,
985 885 1034 943 sis.

143 989 175 1035 et
187 980 255 1035 vidit
268 981 423 1040 sacerdotes
437 981 522 1038 vizel.
534 984 628 1041 vertice
638 984 673 1040 ad
683 984 818 1056 synodum
828 982 936 1039 Edaco·
1019 976 1149 1035 Golridus
1171 975 1347 1037 Nirernensis
1369 996 1517 1053 episcopus
1551 998 1644 1040 coram
1669 985 1768 1056 positis

142 1085 201 1126 sem
227 1072 376 1140 multoties,
401 1083 429 1131 er
451 1074 603 1132 supponem
626 1085 654 1133 ει
681 1075 862 1143 manandum,
885 1076 933 1147 qui
984 1068 1170 1124 sacrosanctis
1185 1067 1340 1141 Evangeliis
1354 1072 1444 1127 dixit:
1461 1072 1627 1145 ‹vidiquod
1637 1074 1783 1134 Eduensis.

142 1160 225 1217 niodo
247 1172 322 1229 suus,
336 1172 399 1220 ege
422 1166 525 1222 solidos
546 1167 655 1238 recepta
668 1167 762 1223 desem
783 1166 863 1222 annis
883 1181 933 1237 pro
983 1160 1129 1231 episcopus
1144 1159 1299 1231 Stephanus
1314 1171 1435 1230 vocatus,
1450 1173 1477 1221 et
1491 1165 1710 1237 aliquandoaan
1724 1184 1772 1225 uo·

141 1261 247 1322 parata,
259 1263 287 1309 et
311 1270 482 1327 unaquaeque
502 1257 605 1314 familia
627 1275 770 1314 nummum
783 1274 867 1314 unum
882 1274 933 1330 pra
982 1259 1061 1309 catus
1081 1250 1218 1309 vizeliaco
1236 1262 1267 1309 ut
1292 1253 1437 1325 episcopus
1460 1257 1652 1329 recipiebatur,
1677 1269 1705 1318 el
1721 1263 1782 1317 ali·-

139 1342 280 1410 crucibus,
292 1352 320 1399 et
335 1344 387 1401 bac
402 1347 487 1404 semel
504 1349 572 1405 vidit
585 1359 613 1405 et
625 1349 764 1406 multoties
777 1351 891 1419 aadirit,
905 1360 932 1407 el
982 1343 1093 1413 livanti⁰
1104 1359 1120 1400 ἃ
1133 1345 1287 1412 witichis,
1303 1347 1452 1417 insivibili
1466 1348 1524 1405 Suis
1539 1352 1769 1423 sttmplibusvw·

139 1435 245 1490 audivit
268 1437 343 1506 quod
375 1438 461 1496 abbas
488 1438 573 1497 vizel,
600 1442 692 1498 misma
716 1445 867 1501 monachos
895 1444 930 1500 ,d
982 1431 1142 1500 curabatur,
1154 1442 1181 1488 et
1195 1433 1223 1488 in
1236 1432 1305 1490 lesla
1319 1433 1406 1490 beata
1419 1433 1513 1491 hlariae
1523 1433 1689 1508 blagdalenae
1700 1438 1769 1495 mis»

138 1539 222 1595 quem
238 1527 296 1581 vult
310 1528 470 1600 episcopum
485 1532 663 1589 ordinandos.
946 1509 967 1565 Β
982 1540 1028 1581 sas
1041 1524 1190 1593 solemnes,
1203 1525 1265 1582 aliis
1280 1525 1444 1597 quibusdam
1454 1527 1591 1599 episcopis
1603 1530 1769 1597 astantibus,

175 1617 302 1674 Gallorur
314 1619 458 1693 presbyter
469 1622 578 1693 juratus
590 1624 670 1691 dixit,
686 1638 702 1679 a
719 1640 773 1679 xxx
791 1624 872 1680 annis
885 1638 929 1680 re·
981 1632 1053 1688 saepe
1065 1616 1235 1674 celebrarit:
1257 1627 1285 1675 et
1302 1619 1386 1676 semel
1409 1617 1529 1677 Eduensi
1550 1621 1706 1679 celebrante
1721 1638 1769 1679 so·

139 1717 184 1765 tra
199 1709 343 1767 sevidisse
360 1711 477 1770 clericas
493 1712 576 1771 vizel.
593 1724 685 1786 petere
697 1716 818 1772 chrisma
832 1716 867 1772 ab
885 1729 931 1770 ar·
980 1709 1275 1766 lamaiaCaroatensis
1292 1725 1447 1766 sermonem
1464 1711 1545 1778 lecit;
1568 1722 1595 1768 et
1618 1712 1673 1767 vidi
1696 1712 1769 1785 quad

138 1799 344 1873 chipresbylero
373 1801 560 1872 avalonensi,
584 1814 682 1877 prater
714 1814 876 1877 presentem
902 1814 931 1862 et
981 1801 1053 1858 idam
1069 1800 1225 1872 Stephanus
1247 1802 1387 1859 benedixit
1406 1804 1533 1859 abbatem
1547 1804 1704 1859 albericum
1720 1803 1781 1859 lii--

137 1906 240 1947 annam
266 1891 427 1961 discordiae;
454 1894 502 1967 qrri
526 1892 630 1952 luerint
652 1895 749 1951 nuntii,
764 1896 883 1968 ignorat,
903 1908 931 1954 et
981 1892 1175 1961 tissiodari,.el
1190 1892 1260 1949 idem
1276 1893 1431 1965 Stephanus
1445 1891 1787 1952 corsecravitecclesiam

137 1983 206 2040 sidit
218 1983 343 2041 benedici
357 1985 501 2042 ecclesiam
523 1984 731 2058 Peregrinarum
751 2002 767 2042 a
791 1985 930 2059 Stephana
981 1983 1202 2055 Peregrinarum,
1214 1985 1347 2042 existente
1360 2001 1428 2058 papa
1439 1984 1598 2042 innocentio
1609 1984 1695 2042 vizel.
1707 1987 1770 2044 hlio

136 2074 284 2145 episcopo,
305 2083 494 2132 commorante
517 2076 545 2131 in
569 2076 634 2132 tilla
659 2091 729 2147 papa
758 2075 929 2146 innocentia,
981 2087 1103 2149 tempore
1116 2077 1187 2133 idem
1203 2076 1358 2149 Stephanus
1373 2078 1613 2136 benedixit'altare
1634 2079 1662 2133 in
1684 2079 1770 2135 choro

136 2182 193 2236 qua
207 2176 329 2236 tempore
348 2166 432 2222 luerit
456 2167 574 2238 iguarat,
597 2175 625 2223 et
639 2176 699 2224 erat
713 2167 751 2223 ibi
765 2168 861 2236 abbas,
881 2167 931 2225 sed
981 2167 1190 2233 manachorum,
1208 2155 1264 2225 a'lio
1281 2176 1402 2239 tempore
1418 2167 1489 2225 idem
1508 2166 1664 2240 Stephanus
1684 2170 1769 2226 bene·

137 2260 225 2316 nescit
235 2276 335 2315 nomen
347 2261 418 2332 ejus.
431 2260 505 2317 ldem
518 2260 688 2318 consecrarit
702 2260 788 2316 altare
798 2261 832 2317 de
843 2259 930 2317 obora
980 2258 1050 2316 dixit
1059 2259 1184 2317 allarcin
1198 2259 1316 2317 ecclesia
1325 2259 1355 2315 S.
1369 2259 1516 2331 Stephani;
1530 2270 1557 2317 et
1568 2259 1691 2329 interlui,
1706 2277 1769 2317 cum

136 2351 251 2421 majoris
265 2352 398 2420 ecclesie,
413 2367 474 2424 qaae
496 2351 669 2409 consecratio
682 2352 797 2408 alteram
812 2367 931 2423 praees·
980 2366 1033 2420 pax
1040 2350 1189 2418 ‚relormata
1202 2361 1244 2407 est
1254 2352 1323 2408 iuter
1330 2350 1482 2408 Eduensem
1491 2349 1770 2414 etvizel..mcdiaute

136 2444 214 2509 serit,
228 2445 326 2501 nescit.
341 2443 415 2499 idem
431 2444 499 2499 sidit
517 2443 695 2510 landricum,
709 2442 831 2512 Petram,
845 2444 931 2517 Angi-
980 2441 1165 2506 Cluniacensi,
1189 2441 1235 2496 ubi
1259 2441 1286 2495 ia
1310 2440 1407 2497 altimo
1431 2441 1534 2497 dictum
1562 2441 1681 2499 Eduerrsi
1706 2455 1770 2502 cst:

135 2536 256 2602 bertum,
272 2536 366 2593 venire
384 2535 419 2592 ad
433 2535 568 2608 synodum
587 2534 752 2602 Eduensem,
770 2545 798 2590 et
810 2537 864 2593 hac
882 2550 930 2607 per
982 2532 1056 2588 liade
1069 2532 1216 2598 vizeliaco,
1229 2540 1256 2587 ct
1270 2530 1314 2587 lac
1330 2532 1515 2589 ministerium
1530 2543 1619 2591 tuum.
1643 2534 1696 2592 Sed
1711 2537 1770 2594 sire

136 2645 191 2685 xxx
205 2644 303 2697 anuas,
317 2637 345 2685 el
363 2629 433 2684 ridit
453 2629 528 2699 qued
546 2628 723 2698 engilbertus
745 2629 866 2700 suscepit
880 2643 930 2683 cu·
980 2618 1034 2675 bac
1048 2618 1256 2686 abbasdixerit,
1271 2619 1329 2676 sire
1340 2620 1412 2678 alius
1423 2636 1475 2693 pro
1493 2637 1537 2692 ea,
1555 2638 1611 2681 uon
1626 2626 1764 2684 recordor.

135 2735 195 2776 ram
211 2719 366 2774 animarum
382 2718 417 2773 ab
431 2718 668 2789 archipresbytero
682 2718 863 2786 hmlonsnsi;
879 2734 929 2789 por
980 2709 1014 2764 lit
1025 2710 1079 2766 alio
1093 2719 1217 2781 tempore
1233 2711 1349 2768 Pontius
1364 2712 1450 2771 abbas
1462 2729 1525 2771 cum
1544 2713 1664 2774 Eduensi
1680 2718 1784 2773 ssorrr-.

134 2825 191 2865 xxx
207 2823 295 2865 anrros
315 2808 383 2864 uidit
404 2807 516 2865 Petrum
530 2807 667 2875 Gradella,
683 2807 832 2877 Sadoaem,
847 2809 963 2897 Bion-C
979 2802 1058 2859 berlo
1070 2802 1105 2859 ab
1120 2801 1193 2859 Urbe
1206 2804 1330 2872 veniens,
1340 2819 1404 2861 cum
1419 2805 1564 2878 episcopus
1577 2825 1640 2865 cum
1652 2825 1771 2880 praeces·

134 2900 242 2968 diuum,
257 2915 320 2955 com
335 2900 542 2957 successoribus
555 2900 615 2957 suis
630 2900 721 2957 renim
736 2901 770 2957 ad
781 2902 927 2973 synodum.
980 2895 1073 2963 mmet,
1083 2896 1259 2966 postmodum
1271 2897 1306 2952 ab
1320 2897 1417 2955 eadem
1431 2909 1459 2957 et
1471 2902 1579 2959 clericis
1599 2903 1660 2974 ejus
1678 2904 1769 2960 dictus

134 2991 208 3049 tuem
222 2991 444 3048 scultennam
458 2988 552 3047 macta
569 2991 642 3048 rear
657 2992 795 3048 insertans
806 3002 929 3063 paratam
980 2985 1066 3041 abbas
1079 3001 1141 3042 cun
1157 2988 1335 3058 processione
1348 2999 1493 3061 cusanus
1504 2991 1650 3060 oscarus,
1662 3004 1689 3049 et
1704 2995 1787 3051 inle-

134 3085 244 3142 xolsere
266 3083 402 3139 ministris
425 3083 546 3155 episcopi
567 3099 624 3140 xxx
646 3084 737 3142 annis.
759 3082 832 3139 idem
862 3084 930 3139 vidit
979 3076 1174 3150 incapitalem
1197 3080 1325 3139 Edueose
1347 3084 1471 3152 veniens,
1486 3085 1636 3143 amicitiam
1659 3086 1768 3143 etdilc-

134 3176 260 3233 blainum
274 3174 444 3246 capellanum
456 3174 574 3232 sadonis
584 3175 676 3246 puniri
691 3175 726 3232 ab
738 3175 928 3248 archipresby·
979 3169 1097 3226 aionem
1113 3169 1231 3228 lidueusi
1245 3174 1397 3230 secundum
1409 3176 1637 3233 consuetudinem
1650 3193 1782 3233 suarum-

136 3278 195 3325 tero
208 3267 375 3325 hralanensi
398 3282 449 3337 pro
471 3268 631 3325 excessibus
654 3268 727 3336 sais;
752 3277 778 3325 et
800 3268 928 3325 eumdem
978 3260 1211 3329 litaedcoelcorum
1224 3264 1387 3333 promisit,

135 3361 317 3428 blainardum,
333 3368 361 3414 et
381 3357 531 3416 Galterium
551 3359 585 3417 dc
610 3358 759 3416 walteria:
780 3368 807 3414 et
823 3360 929 3418 audivit
1012 3353 1181 3413 flambertus
1208 3355 1400 3429 Lugdunensis
1426 3373 1520 3416 caram
1552 3361 1650 3434 positis
1669 3377 1765 3423 atero·

135 3453 310 3526 quodabhas
333 3449 418 3506 vizel.
442 3448 568 3505 mittebat
586 3449 736 3506 monaches
759 3449 927 3506 ordinandos
978 3448 1082 3503 sanetis
1096 3446 1251 3520 Evangeliis
1278 3450 1369 3505 dixit:
1389 3468 1398 3501 r
1421 3450 1491 3507 Cum
1518 3468 1607 3510 essem
1632 3452 1792 3511 Educnsist

135 3560 191 3616 qua
207 3544 324 3599 volebat.
977 3537 1133 3607 episcopus,
1144 3553 1199 3594 aaa
1213 3547 1327 3595 vocatus
1342 3539 1377 3594 iri
1399 3540 1572 3610 vizeliacum,
1585 3555 1612 3600 ct
1623 3546 1650 3600 in
1667 3547 1768 3617 majori

170 3635 290 3691 loannes
312 3632 428 3689 Gerrtilis
441 3632 551 3702 juratus
569 3628 640 3686 dixit
659 3629 753 3700 qaiaa
772 3645 825 3684 xxx
846 3631 927 3688 annis
977 3624 1092 3682 ecclesia
1115 3628 1145 3683 ia
1165 3627 1272 3687 Pascha
1292 3632 1441 3690 missarum
1460 3635 1595 3692 solemnia
1618 3638 1764 3705 celebrari,

134 3731 201 3787 uidit
219 3729 333 3786 clericos
354 3725 484 3782 Ecclesiae
499 3723 592 3781 Sancti
613 3720 687 3779 Petri
699 3731 756 3781 tam
776 3723 926 3794 superioris
977 3715 1093 3772 credens
1120 3733 1183 3775 mco
1207 3720 1357 3793 episcopali
1376 3722 1439 3794 jure
1458 3723 1509 3790 uti,
1523 3732 1550 3778 ct
1564 3738 1716 3780 sermonem
1730 3728 1766 3782 ad

134 3836 217 3894 quam
231 3817 369 3876 interioris
386 3817 477 3873 venire
487 3816 522 3872 ad
535 3814 682 3887 synodum,
697 3814 746 3870 sed
766 3829 821 3872 nan
836 3815 926 3871 conti·
977 3810 1107 3879 populum
1122 3809 1185 3879 leci,
1207 3820 1235 3868 et
1261 3813 1388 3870 benedixi
1413 3823 1548 3886 presente
1567 3815 1687 3887 quodam
1712 3815 1787 3874 alia.

134 3924 240 3983 nue,et
262 3912 329 3968 sidit
351 3910 539 3982 ingilbertam
562 3906 691 3965 Ecclesiae
704 3905 925 3965 inferiorisreci·
975 3901 1115 3974 episcopa.
1131 3902 1349 3963 ›becancardia
1372 3906 1442 3963 idem
1469 3922 1583 3978 prorsus
1605 3906 1766 3979 dicitquod

135 4024 200 4081 pere
216 4022 310 4064 curam
324 4005 480 4061 animarum
493 4017 510 4058 a
524 4001 670 4058 lamberto
683 4000 927 4074 archypresbytero
976 3992 1122 4064 episcopus
1132 3993 1319 4063 Nireruensis,
1328 3998 1392 4058 ,nisi
1402 3998 1475 4070 quad
1489 4007 1628 4056 asseverat
1638 3998 1764 4055 abbatem

135 4097 318 4166 lucionensi,
342 4103 370 4152 ct
395 4093 498 4150 audivit
522 4092 634 4150 Petram
657 4100 686 4148 at
708 4092 874 4149 arebaldum
898 4102 927 4152 et
976 4085 1138 4143 dixisseei:
1154 4086 1230 4146 vade
1244 4098 1272 4146 et
1285 4088 1329 4146 lac
1339 4089 1469 4147 vizeliaci
1486 4091 1560 4162 quod
1579 4100 1766 4150 antecessores

137 4189 273 4247 sadonem
293 4186 429 4243 dicentem
449 4201 479 4240 se
498 4185 635 4255 recepisse
654 4198 750 4240 caram
770 4184 924 4242 animarum
940 4192 963 4246 1)
977 4178 1015 4234 lai
1030 4178 1341 4238 lacerecaasuererunt.
1363 4182 1540 4239 Postmodum
1559 4182 1765 4241 vocatusvize·

136 4280 306 4352 sstepbano
323 4277 463 4350 episcopa,
479 4276 526 4333 scd
539 4290 593 4332 nan
608 4275 676 4332 vidit
690 4292 697 4330 :
712 4285 741 4332 et
754 4275 821 4333 vidit
834 4277 925 4348 capel·
968 4271 1039 4328 liaci
1053 4272 1166 4329 ordines
1179 4272 1315 4332 celebravi
1330 4284 1385 4334 tam
1397 4277 1596 4333 monacharum
1609 4293 1691 4349 quam
1708 4275 1766 4332 cla·

135 4377 213 4432 lanas
229 4372 356 4429 vizeliac.
371 4371 492 4442 recipere
504 4368 625 4427 chrisma
639 4369 674 4425 ab
689 4369 930 4442 archipresbytero
976 4365 1096 4421 sicarum
1110 4365 1191 4434 villae,
1206 4375 1235 4424 et
1250 4368 1433 4439 quarumdam
1448 4368 1613 4424 clericorum
1636 4369 1690 4424 mci
1708 4367 1766 4440 epia

135 4467 298 4523 avalonensi
317 4471 345 4520 el
363 4462 456 4519 hlaine
474 4462 559 4533 regali
573 4477 622 4533 per
636 4461 748 4534 triginta
763 4477 861 4528 annos,
877 4462 923 4518 secl
976 4466 1115 4527 scopolus.
1132 4457 1165 4514 Et
1179 4460 1234 4515 alia
1248 4459 1307 4517 rice
1322 4459 1528 4518 Eduaeardines
1541 4461 1693 4528 celebrans,
1710 4461 1766 4517 ele·

135 4574 190 4613 aan
205 4555 348 4621 continue;
373 4561 400 4609 et
423 4551 490 4608 uidit
513 4551 623 4608 Petrum
637 4550 761 4608 Gradeila
775 4561 866 4623 petere
880 4567 925 4607 ara
976 4549 1048 4607 nicos
1070 4549 1200 4609 vizeliaci
1219 4568 1283 4609 cum
1310 4552 1418 4609 clericis
1438 4554 1506 4610 areis
1526 4555 1587 4611 aliis
1612 4556 1764 4611 secundum

136 4644 369 4716 chipresbylerum
383 4642 411 4697 in
426 4643 577 4714 synodoab
591 4642 720 4713 episcopa
737 4640 926 4714 stephanam
976 4641 1203 4696 consuetudinem
1230 4642 1393 4698 examinans
1419 4643 1554 4716 proniori.
1581 4643 1615 4701 Et
1642 4646 1764 4716 quaudiu

135 4737 210 4792 hunc
238 4743 398 4805 praesentem
424 4734 576 4802 concessit;
594 4741 622 4790 et
644 4735 678 4791 de
702 4749 817 4791 excessu
840 4733 925 4789 Blaisi
975 4732 1123 4803 episcopus
1135 4732 1187 4801 lui,
1203 4733 1296 4789 clerici
1312 4732 1397 4791 vizel.
1413 4735 1448 4792 ad
1464 4738 1596 4808 synodum
1608 4754 1697 4794 meam
1707 4740 1764 4795 sin

135 4825 208 4881 idern
225 4826 292 4881 dicit
303 4822 377 4895 qaod
390 4824 437 4880 alii
454 4842 461 4879 :
477 4824 588 4880 stridit
600 4823 924 4894 denarioscrueissolri,
976 4822 1047 4892 gulis
1070 4824 1151 4879 antris
1174 4832 1318 4893 venerunt,
1330 4825 1373 4881 rel
1388 4827 1594 4884 excusationem
1619 4828 1762 4884 miserant.

135 4914 410 4985 etsiditcapeilaoos
418 4912 924 4987 vizeladducereparoebianassuas,
975 4914 1202 4987 archipresbyter
1222 4914 1404 4975 avalonensis
1426 4922 1573 4991 quemdam
1596 4917 1763 4990 Burgenscm

137 5014 167 5061 ut
175 5006 327 5077 reciperent
336 5006 524 5078 paenitentiam
539 5008 574 5064 ab
584 5008 820 5081 archipresbytero
826 5010 926 5069 Araia·
977 5006 1105 5064 vizeliaci
1118 5008 1151 5064 ad
1164 5024 1208 5063 me
1219 5009 1343 5077 adduxit,
1357 5011 1405 5081 qui
1416 5027 1529 5070 uxorem
1540 5026 1625 5069 causa
1639 5011 1765 5076 sterilita-

135 5096 232 5164 aensi;
247 5097 282 5153 de
295 5097 467 5154 dedicatione
482 5097 611 5156 licclesiae
630 5098 840 5171 Peregrinarum
853 5102 925 5160 idem
977 5099 1012 5156 tis
1027 5099 1181 5168 dimiserat,
1193 5101 1238 5156 cui
1250 5104 1389 5169 mandari,
1407 5104 1567 5162 uldiclante
1576 5103 1684 5174 justitia
1695 5102 1763 5158 Bur-

135 5183 202 5248 dicit
219 5208 226 5245 :
246 5192 281 5248 de
295 5191 480 5249 celebratione
498 5193 643 5250 missarum
658 5194 694 5250 ab
710 5193 840 5266 episcopo
853 5196 924 5252 idem
976 5206 1087 5264 gessem
1101 5192 1137 5248 arl
1150 5190 1334 5262 recipiendam
1351 5209 1464 5250 uxorem
1478 5203 1596 5267 cogeret.

135 5284 210 5359 quod
225 5293 252 5342 et
264 5285 321 5341 alii,
1011 5283 1050 5341 lta
1070 5285 1230 5343 testimonia
1250 5301 1299 5344 sua
1316 5286 1465 5356 prosecuti,
1490 5287 1517 5343 in
1539 5296 1643 5359 partem
1663 5285 1764 5343 ccdtrnt

172 5376 371 5435 bonusamicus
385 5379 457 5435 idem
468 5379 617 5450 peremnia
628 5378 702 5450 quod
713 5379 838 5452 Gentilis,
855 5395 925 5451 prae·
977 5387 1060 5434 testes
1082 5377 1228 5444 Eduersis,
1243 5393 1362 5450 quarum
1380 5395 1473 5467 taces
1487 5382 1511 5438 si
1533 5380 1676 5453 diligenter
1694 5395 1762 5451 pcn-

137 5478 178 5526 tcr
192 5480 353 5541 presentem
366 5487 468 5529 annum
483 5481 510 5530 et
522 5471 674 5529 discordia.
977 5479 1082 5541 santur,
1102 5486 1214 5532 causam
1236 5470 1371 5531 Eduensis
1393 5476 1552 5536 examinare
1567 5474 1658 5548 padus
1679 5488 1769 5547 attam
