3892 6067
139 282 192 339 Edi
442 287 720 351 cohaehtetttttttt
740 294 774 350 tet
792 296 962 355 t’satttus.
983 333 1018 343 -
1036 301 1127 361 PARS
1146 306 1200 365 vlt.
1221 337 1257 349 -
1275 309 1372 367 l‘sat.
1394 312 1512 370 Lxxttt.
1713 320 1763 375 dtr

138 414 209 473 gena
225 408 271 454 tua
285 400 313 455 in
329 400 451 472 antiquis
466 403 552 474 iustis
576 420 609 462 ac
627 408 793 478 patriarchis
808 406 883 487 reeta
899 412 927 466 in
943 417 966 472 Α
980 422 1054 470 eterna
1068 426 1110 474 est
1130 420 1166 474 ab
1180 421 1263 492 hujus
1278 425 1330 482 loci
1351 428 1563 498 tractatoribus,
1589 440 1639 502 per‘
1665 452 1764 508 nupera

137 506 226 547 mann
239 489 327 563 lloysi
340 489 537 562 iulaquandiu
553 497 640 569 legem
661 515 709 570 per
724 501 814 572 ipsum
837 502 928 558 datam
980 504 1066 578 hloysi
1082 508 1196 566 hannani
1220 518 1329 584 generis
1348 520 1493 587 rectitudo,
1517 520 1618 594 inqua
1642 538 1764 584 creatum

136 582 281 649 servarit,
296 581 494 655 Christumque
515 586 543 642 in
558 588 619 659 iege
633 591 801 658 promissum
814 592 930 649 lideliter
978 606 1040 664 est,
1060 602 1203 671 accipitur.
1218 602 1291 662 Deus
1312 608 1385 664 enim
1399 609 1464 668 lecit
1489 612 1627 671 hominem
1642 626 1763 689 rectum,

136 673 428 743 suspendentem
442 678 656 748 argentillam,
679 697 758 739 uersa
780 693 823 738 est
837 683 864 738 in
878 698 928 740 co·
978 688 1026 743 sed
1041 688 1099 759 ipse
1124 692 1234 756 miscuit
1255 710 1285 751 se
1308 697 1422 756 inlinitis
1443 703 1651 771 quaestiouibus.
1683 706 1763 781 Virga

135 762 252 819 iuhrum
267 764 308 821 sic
322 774 491 835 tortuosum,
506 774 537 823 nt
555 768 642 840 lugiat
666 771 793 843 Moyses,
816 774 873 828 ino
898 782 929 829 ιιι
978 775 1063 847 igitur
1084 780 1185 838 cadens
1208 783 1235 838 in
1258 793 1358 842 terram
1379 799 1482 847 mutata
1494 802 1537 847 εει
1552 793 1579 849 in
1592 808 1760 867 serpentem,

136 862 253 909 accuset
275 854 348 911 hanc
370 855 431 926 ipse
453 856 574 930 lluyses,
598 861 627 915 in
640 876 696 931 quc
710 872 833 932 sperant,
847 863 931 935 eujus
977 866 1025 937 qni
1051 872 1176 940 eorporis
1201 875 1243 930 sui
1268 880 1400 936 tortuosis
1420 892 1547 939 moretur
1571 886 1762 958 anfractibus,

134 945 210 1000 dieta
224 946 356 1017 lectitant,
370 948 418 1005 sed
434 947 546 1019 lrustra,
561 952 628 1022 quid
640 951 730 1009 littera
747 954 809 1024 ejus
823 955 927 1026 absque
976 960 1040 1030 qnia
1056 961 1166 1020 diabolo
1179 982 1227 1037 per
1246 983 1399 1040 serpentum
1425 975 1581 1033 sibilantem
1596 979 1722 1049 allectus,
1746 1000 1761 1036 a

135 1037 236 1107 spiritu
250 1052 299 1096 eos
311 1039 462 1096 occidendo
474 1039 608 1098 insonteis
626 1053 754 1112 mertem,
768 1061 830 1118 quae
842 1047 925 1117 signi·
976 1054 1124 1111 stabilitate
1148 1072 1181 1114 ac
1207 1062 1380 1132 rectitudine,
1396 1065 1424 1119 in
1439 1082 1494 1136 qna
1506 1078 1616 1126 creatus
1629 1081 1698 1140 erat,
1714 1074 1760 1129 de·

134 1130 236 1185 licatur
248 1144 295 1200 per
308 1140 474 1200 serpentem,
488 1133 552 1203 quia
572 1136 675 1190 homini
687 1136 788 1193 accidit
800 1154 849 1209 per
864 1155 926 1197 ser·
972 1145 1063 1215 iectus
1077 1148 1160 1205 horno
1173 1152 1268 1207 cecidit
1280 1154 1306 1208 in
1322 1155 1404 1226 hujus
1419 1158 1481 1214 ritae
1495 1162 1617 1218 mortalis
1636 1172 1663 1218 et
1677 1165 1762 1222 insta·

134 1229 258 1289 pentem,
279 1219 336 1275 imo
346 1235 395 1290 per
408 1221 547 1277 diabolum
562 1223 590 1278 in
605 1235 734 1295 serpente
757 1227 923 1297 toquentem.
975 1235 1039 1292 bilis
1071 1238 1234 1309 miseriam,
1263 1245 1289 1299 in
1317 1262 1372 1317 qua
1392 1261 1521 1319 gravatus
1549 1263 1638 1309 nrortc
1662 1255 1761 1313 aurinia

134 1312 274 1368 futurum
289 1321 332 1368 est
348 1322 441 1369 autent
465 1324 495 1370 ut
521 1315 547 1370 in
574 1316 628 1372 line
654 1327 783 1390 tanquam
795 1320 824 1375 iu
838 1323 925 1378 cauda
974 1331 1154 1403 corporisque
1168 1338 1342 1406 mortalitate,
1353 1338 1490 1399 nonraiet
1501 1356 1610 1402 erectus
1622 1347 1759 1415 incedere,

134 1400 245 1474 ttoyscs
258 1402 446 1473 apprehendat
459 1404 556 1461 saltem
568 1406 701 1477 reliquias
714 1410 808 1479 populi
830 1411 923 1482 hujus,
974 1421 1023 1477 sed
1041 1433 1129 1479 morte
1143 1427 1277 1495 serpentis
1292 1430 1417 1499 graditur
1431 1449 1516 1504 super
1542 1446 1638 1506 pectus
1665 1456 1759 1508 suum,

132 1495 211 1550 circa
227 1492 309 1550 beent
322 1494 415 1551 saecnli
427 1498 650 1569 recognoscentis
662 1498 802 1557 Christum
820 1502 848 1559 in
865 1504 924 1576 iege
973 1511 1039 1567 dum
1066 1516 1257 1574 rationabilem
1279 1535 1410 1592 sensum,
1438 1541 1520 1596 quem
1548 1528 1631 1586 habet
1648 1549 1759 1589 sursum

132 1586 222 1659 Hoysi
237 1588 480 1659 praedgurarnmet
493 1589 671 1661 promissum,
684 1600 713 1648 et
726 1600 793 1649 tunc
804 1604 924 1652 reuerte-
972 1605 1078 1677 erigere
1098 1624 1153 1663 non
1168 1611 1263 1667 valens
1284 1612 1311 1667 in
1337 1623 1410 1670 terra
1429 1616 1566 1688 deprimit,
1582 1624 1696 1694 solaque
1716 1628 1760 1682 rei

132 1691 181 1738 tur
194 1682 223 1737 in
241 1689 343 1738 statum
357 1682 515 1753 pristinum.
972 1697 1092 1753 maxime
1105 1707 1211 1756 terrena
1226 1705 1406 1775 concupiscit,
1429 1718 1457 1764 et
1481 1711 1516 1765 ad
1545 1712 1755 1775 similitudinem

170 1772 208 1830 tn
224 1774 298 1829 enim
314 1775 520 1844 praetermittam
534 1774 670 1832 sacrificia
683 1783 711 1833 et
721 1776 826 1834 hostias
837 1779 922 1836 aliasn
973 1791 1108 1861 serpentis
1125 1801 1225 1850 terram
1239 1797 1369 1865 cornedit,
1386 1814 1451 1855 cum
1468 1811 1575 1859 terrena
1593 1808 1675 1875 sapit.
1695 1807 1758 1864 Ser·

130 1865 299 1937 qnelegales
312 1865 512 1932 obsersantias,
526 1866 627 1937 quibus
637 1867 815 1924 multifariam
829 1871 922 1959 multis
972 1895 1041 1951 pens
1055 1891 1145 1939 autem
1160 1884 1188 1941 in
1205 1887 1292 1943 cauda
1308 1891 1416 1948 rediens
1426 1893 1461 1948 ad
1485 1910 1597 1951 manunt
1619 1897 1705 1970 ttoyst
1728 1901 1758 1958 lia

130 1971 187 2028 que
202 1956 292 2012 modis
306 1955 497 2028 praefiguratus
506 1967 549 2014 est
570 1958 717 2028 Christus,
733 1960 760 2016 in
790 1961 843 2018 hac
861 1964 920 2034 ipsa
972 1973 1055 2045 sirpo,
1074 1976 1138 2045 quia
1154 1977 1181 2032 iu
1202 1979 1256 2035 line
1269 1983 1374 2048 saeculi,
1393 1984 1440 2056 qni
1456 2002 1505 2057 per
1524 1989 1639 2045 caudam
1656 1990 1758 2050 intelli·

131 2049 208 2119 virga
223 2046 322 2121 iloysi,
341 2047 375 2103 dc
390 2062 445 2118 qua
459 2063 533 2103 nunc
547 2064 638 2106 sermo
651 2058 703 2119 est,
715 2050 853 2108 inuenitur
866 2068 922 2111 ma·
971 2063 1056 2137 girnr,
1080 2067 1163 2125 horno
1174 2070 1208 2126 ad
1228 2088 1339 2129 manum
1359 2074 1466 2134 domim
1494 2082 1697 2141 resurrectione
1715 2102 1758 2142 re-

130 2139 234 2196 aiieste
253 2140 459 2211 praefiguratus,
473 2139 521 2209 qui
544 2148 572 2194 ⁰²
596 2140 699 2212 ‘liiii
723 2140 858 2196 ”inmisi
879 2150 922 2199 0⁸¹
971 2167 1079 2213 rcrtens
1094 2160 1209 2230 primam
1230 2164 1420 2223 rectitudinem
1443 2170 1564 2242 recipiet.
1591 2172 1654 2229 llaec
1667 2186 1758 2233 muta·

129 2231 238 2288 herens
255 2249 266 2283 e
283 2230 310 2286 in
326 2230 518 2300 splendoribus
540 2241 698 2288 sannorum
714 2230 800 2304 (Peri.
814 2247 870 2300 cta,
891 2234 918 2304 Ξ,
970 2245 1010 2300 ιίο
1031 2246 1149 2304 rieaterae
1162 2250 1269 2309 Excelsi
1292 2256 1375 2328 coepit
1387 2274 1402 2313 a
1416 2262 1616 2319 resurrectione
1641 2265 1756 2336 Christi,

128 2325 171 2393 3),
192 2338 302 2393 ’lim
328 2331 472 2393 imiimi
486 2322 587 2383 ‚emisit
613 2322 755 2391 hominus,
782 2335 813 2382 ¹¹1
828 2326 919 2382 domi·
969 2340 1127 2408 perficietur
1153 2342 1181 2397 in
1204 2346 1299 2404 eiectis
1314 2349 1410 2407 ultima
1432 2357 1644 2422 resurrectione,
1660 2374 1714 2428 qua
1729 2367 1759 2417 et

128 2425 212 2472 tratur
223 2416 251 2470 in
264 2414 355 2471 medio
366 2415 539 2471 inimicorum
554 2430 667 2472 suorum
680 2418 750 2475 sicut
762 2418 836 2491 uirpa
847 2418 921 2492 bloy-
969 2440 1065 2483 ornnes
1078 2429 1203 2491 homines
1217 2448 1362 2506 resurgent
1379 2440 1542 2514 incorrupti,
1565 2455 1593 2501 et
1610 2447 1661 2503 soli
1677 2448 1756 2506 eiecti

127 2508 153 2565 si
166 2507 308 2562 dominata
319 2515 362 2562 εει
376 2506 404 2562 iu
419 2505 510 2562 medio
522 2504 723 2579 Egyptiorum.
737 2508 919 2567 ttaeeestn‘r-
969 2516 1011 2572 sic
1034 2517 1272 2594 immutabuntur,
1300 2537 1330 2582 ut
1347 2531 1483 2599 gaudeant
1501 2549 1531 2590 εε
1546 2535 1606 2602 plns
1621 2539 1757 2609 recepisse

126 2614 174 2670 pa,
191 2598 290 2669 dequa
303 2595 438 2652 Ieremias
461 2597 550 2655 aiter
571 2596 681 2671 virgam
692 2599 851 2671 vigilantem
867 2615 918 2672 ego
968 2623 1018 2678 per
1032 2614 1146 2681 gratiam
1159 2631 1241 2687 qnam
1272 2621 1441 2689 perdiderint
1454 2640 1504 2694 per
1532 2627 1652 2698 cuipam.
1679 2628 1756 2689 Tunc

127 2692 226 2757 sidem
243 2709 253 2744 r
270 2691 344 2764 quod
355 2691 388 2747 de
402 2694 581 2762 s‘eeaponens
596 2691 729 2750 Dominus
742 2693 802 2750 ait:
820 2692 918 2751 «Bene
968 2697 1041 2752 enim
1054 2700 1219 2772 perlicietur,
1234 2708 1307 2776 quod
1324 2708 1352 2764 in
1367 2711 1440 2767 exitu
1466 2712 1550 2770 lsrael
1575 2716 1610 2771 de
1637 2716 1755 2791 AEgypto

128 2782 316 2855 nidisti,quia
332 2783 671 2855 rigiioegosnperrerbo
690 2800 753 2841 meu
772 2784 881 2854 (tenen.
897 2802 916 2853 r,
968 2793 1183 2862 praefiguratum,
1212 2805 1240 2851 ct
1267 2797 1310 2854 his
1336 2802 1428 2858 serbis
1457 2805 1649 2875 prophetatum
1683 2821 1751 2867 est:

127 2877 174 2944 lt,
202 2873 258 2947 la).
282 2893 292 2925 s
315 2873 378 2931 ilaec
399 2885 442 2931 est
460 2876 556 2948 sirpe,
583 2877 618 2934 de
639 2892 694 2949 qua
718 2876 850 2935 Dominus
879 2880 918 2934 ait
967 2880 1111 2938 Redenrirti
1125 2887 1223 2957 uirgam
1235 2887 1398 2947 lnoereditntis
1416 2904 1479 2950 tace.
1493 2896 1570 2963 Quod
1584 2911 1626 2958 cst
1642 2907 1752 2969 dicere:

125 2971 161 3027 ad
177 2969 288 3041 iioyscn
302 2977 437 3041 peterrtem
452 2969 572 3040 signum,
596 2983 646 3040 per
659 2967 733 3041 quod
755 2968 913 3026 crederetur
970 2974 1094 3044 pristinae
1111 2979 1268 3036 stabilitatis
1282 2984 1470 3042 rectitudinem
1483 2988 1510 3043 in
1522 2991 1643 3055 humanu
1654 3017 1754 3073 geum

126 3063 234 3118 missus
248 3061 284 3117 ah
299 3076 355 3117 eo:
374 3078 384 3112 r
402 3059 472 3127 Quid
498 3069 575 3116 tenes
595 3061 625 3115 in
642 3074 726 3115 manu
747 3060 813 3117 tua?
826 3059 860 3116 Et
878 3061 917 3118 ait
931 3073 952 3131 c
968 3067 1135 3126 reformasti.
1160 3070 1239 3138 erod
1265 3073 1326 3131 ideo
1352 3078 1443 3135 uerbis
1471 3086 1599 3153 praeteriti
1621 3099 1753 3166 temporis

126 3153 239 3224 ilopscs
255 3170 262 3209 :
278 3151 400 3224 virgam.
420 3151 454 3207 Et
478 3150 612 3208 hominus
633 3170 641 3207 ε
660 3150 768 3224 Projice
789 3152 863 3208 iliam
887 3153 915 3209 in
966 3159 1155 3229 errurrtiautur,
1167 3163 1231 3233 quia
1246 3165 1677 3249 certissimeiuturumsperatur.
1691 3185 1750 3248 Nun

126 3257 246 3303 terram.
258 3244 345 3311 Quam
361 3259 424 3301 cum
436 3244 606 3316 projecisset,
619 3260 696 3300 versa
712 3253 754 3301 εει
765 3245 793 3299 in
805 3260 916 3317 serpen·
967 3248 1119 3318 imrnerito3
1135 3253 1199 3323 quia
1215 3254 1288 3312 iilius
1301 3258 1463 3318 universalis
1477 3267 1577 3323 messis
1588 3270 1646 3341 iam
1657 3275 1753 3345 primi.

125 3351 196 3406 tem,
218 3346 247 3393 et
263 3336 374 3408 expauit
394 3335 501 3408 iiopses
520 3345 548 3392 et
572 3335 651 3408 fugit.
665 3335 698 3392 Et
716 3337 755 3392 ait
771 3337 810 3393 iili
823 3337 916 3394 Domi·
966 3340 1020 3396 tias
1031 3340 1164 3399 habemus
1176 3343 1204 3398 in
1215 3343 1316 3402 Christi
1330 3354 1533 3410 resurrectione
1542 3358 1679 3433 simulque
1690 3364 1752 3420 ilio·

125 3445 182 3485 nus
204 3447 213 3486 a
236 3428 415 3500 dpprehendc
433 3428 549 3484 caudam
575 3429 646 3500 ejus.
670 3428 703 3483 Et
725 3428 914 3500 apprehendit,
966 3448 1753 3527 mmr,quurunrcorporasurrexerunteunucu,sanguine

124 3533 156 3580 et
179 3523 251 3578 lacta
265 3531 308 3578 εει
325 3521 423 3578 iterum
442 3520 519 3593 rirga
546 3522 619 3577 sicut
646 3521 723 3591 prius
742 3520 793 3577 luit
815 3520 914 3589 lema.
966 3525 1022 3579 neri
1035 3527 1172 3597 paschalis
1186 3528 1249 3599 agni
1265 3530 1396 3603 redempti
1408 3535 1650 3606 deinierno,sieut
1663 3563 1752 3617 quon·

126 3627 173 3680 rr,
199 3611 272 3683 s-t).
304 3629 315 3663 r
348 3609 461 3683 iiystioe
491 3624 540 3681 per
566 3619 739 3680 serpentem,
767 3610 816 3681 qui
839 3595 914 3666 r’rtor·
965 3616 1028 3671 darn
1037 3617 1299 3689 sanguineliguralis
1309 3623 1372 3693 agni
1381 3626 1509 3698 redempti
1519 3641 1584 3687 suunt
1593 3633 1752 3711 deAEgypto

126 3712 183 3760 tern
203 3702 302 3768 suasit,
319 3701 480 3773 intelligitur
493 3717 579 3768 mors,
594 3717 643 3773 per
657 3703 758 3774 uirgam
778 3703 914 3760 Christus.
966 3708 1005 3775 hi,
1020 3708 1067 3778 qni
1079 3719 1157 3765 erant
1171 3710 1245 3783 sirpe
1257 3713 1423 3773 hereditatis
1438 3728 1501 3787 ture,
1516 3723 1587 3782 sieut
1609 3744 1692 3801 supra
1709 3742 1753 3791 est

125 3797 214 3870 igitur
225 3797 300 3867 eirqc
312 3811 425 3866 serpens
438 3792 567 3850 Christus
581 3793 712 3850 moriens.
729 3791 779 3851 iiic
791 3803 834 3850 est
856 3810 915 3850 ser·
965 3800 1131 3870 expositum.

124 3904 196 3962 pens
217 3901 311 3943 aeneus
329 3893 436 3942 erectus
452 3885 479 3941 in
494 3884 613 3950 deserto,
634 3884 662 3937 in
678 3898 758 3953 quern
778 3886 915 3939 lrrtuentcs
1001 3887 1095 3960 Longe
1115 3905 1181 3946 vero
1206 3890 1384 3952 excellentius
1411 3899 1484 3971 eirpa
1507 3902 1671 3966 lroereditntis
1687 3921 1750 3982 ture,

124 3977 335 4050 :serpentibus
348 3976 431 4033 morsi
445 3976 627 4042 sanabantur,
641 3974 707 4043 qnia
732 3975 873 4030 credentes
887 3974 915 4028 iu
965 3976 1049 4045 Deus,
1075 3979 1104 4035 hi
1133 3989 1216 4049 sunt,
1233 3998 1304 4054 quus
1319 3987 1459 4045 redemisti
1479 4008 1552 4051 nune
1570 3997 1605 4053 de
1632 4003 1752 4061 tenebre,

123 4072 268 4128 Christum
284 4078 424 4126 montrum
436 4069 588 4125 saltantur.
610 4066 725 4139 Expavit
738 4065 855 4137 bloyses,
875 4066 915 4121 ni·
964 4070 1088 4124 vocando
1102 4070 1129 4126 id
1144 4073 1304 4130 admirabile
1314 4075 1406 4132 lumen
1421 4087 1516 4150 tuum,
1531 4101 1649 4156 quorum
1670 4094 1750 4161 primi

124 4177 158 4218 so
180 4169 318 4230 serpente,
331 4168 360 4215 et
375 4158 455 4230 fugit,
468 4158 533 4230 qnia
548 4159 698 4214 timuerunt
708 4156 845 4227 discipuli,
857 4155 915 4211 risa
965 4168 993 4214 et
1017 4158 1146 4231 praecipui
1172 4173 1250 4217 erant
1274 4167 1389 4233 apostoli
1409 4168 1443 4224 de
1459 4171 1504 4227 illa
1526 4182 1748 4250 congregatione,

123 4253 269 4325 passione,
287 4261 315 4307 et
327 4261 501 4307 recesserunt
519 4266 534 4304 a
547 4249 633 4319 priori
654 4263 713 4320 spe.
740 4246 915 4304 Reformatus
965 4266 1045 4323 quam
1055 4251 1195 4322 possedisti
1206 4251 1238 4305 cb
1250 4253 1337 4320 initia,
1351 4255 1440 4312 eiecti.
1455 4259 1507 4326 Qui
1522 4264 1650 4322 nimirum
1667 4272 1751 4329 totins

122 4357 168 4401 est
183 4358 296 4414 serpens
311 4342 339 4398 in
354 4344 465 4414 uirgam,
475 4341 539 4412 quia
554 4341 686 4397 demorte
698 4338 915 4396 rediitGlnistus
967 4340 1096 4398 Ecclesiae
1118 4342 1152 4398 de
1174 4345 1300 4414 gentibus
1319 4349 1526 4423 collectaneae
1541 4367 1616 4426 sunt,
1628 4375 1690 4431 quae
1704 4374 1750 4421 rus

122 4437 159 4493 ad
189 4437 285 4490 sitam.
320 4433 420 4490 'lenuit
447 4431 556 4505 Moyses
582 4432 696 4489 caudam
717 4432 777 4488 sine
798 4433 913 4495 timore,
929 4405 950 4463 ⁰
967 4435 1160 4509 esthereditaa
1173 4435 1250 4508 juxta
1266 4437 1331 4495 illud
1347 4455 1354 4493 ε
1371 4458 1381 4492 e
1397 4439 1507 4499 Postula
1523 4462 1618 4518 ame,
1634 4460 1662 4506 et
1680 4450 1752 4508 daeo

123 4528 193 4600 quia
213 4526 342 4599 discipuli
360 4522 538 4581 crediderunt
562 4523 675 4579 lirntiter
688 4523 796 4595 cogruita
819 4538 914 4579 resur·
966 4529 1014 4586 tibi
1036 4537 1131 4601 gentes
1144 4530 1330 4589 haereditatem
1344 4541 1418 4591 tuam
1434 4534 1521 4607 (Paci.
1540 4554 1570 4608 n,
1583 4540 1622 4611 8).
1638 4561 1647 4594 r
1664 4542 1750 4601 item:

124 4621 259 4677 εεειίοιιε
279 4616 338 4687 eea
355 4617 422 4673 dum
444 4631 510 4672 catu
522 4615 583 4686 eius
596 4614 719 4671 refloruit
738 4615 818 4686 quasi
841 4616 915 4687 cirne
969 4618 1063 4676 «Ecce
1086 4621 1232 4678 haereditas
1250 4621 1359 4680 Domini
1372 4625 1421 4680 nttt
1436 4642 1541 4684 merces
1565 4627 1671 4689 tructus
1686 4650 1753 4692 ren·

122 4711 213 4786 ttuyst
229 4711 287 4768 sire
301 4710 395 4767 daron
409 4751 417 4777 ,
432 4709 502 4764 tales
517 4706 624 4765 iunctus
636 4708 727 4765 attulit
738 4717 768 4763 ut
792 4723 841 4776 per
854 4708 915 4778 ejus
965 4710 1015 4767 tris
1038 4709 1124 4782 (Psoi.
1140 4729 1232 4782 carru,
1249 4714 1287 4784 a).
1307 4734 1317 4769 r
1339 4713 1429 4787 Virga,
1448 4717 1572 4788 inquam,
1584 4721 1751 4782 iliiusiroere-

124 4804 255 4859 virtutem
267 4802 419 4874 spolientur
433 4799 565 4873 AEgyptii,
579 4800 701 4857 ditentur
715 4798 820 4856 Hebraei
830 4817 839 4864 ς
851 4815 915 4870 spo·
965 4801 1059 4856 ditatis
1084 4804 1199 4873 apostoli
1223 4814 1287 4860 sunt
1304 4805 1378 4876 sirpo
1398 4817 1491 4875 reeta,
1506 4826 1560 4881 qua
1578 4816 1751 4886 regitur‘hoe.

123 4896 210 4952 lietur
225 4894 362 4964 inienuus,
387 4893 490 4950 ditetur
513 4890 677 4965 paradisus;
704 4899 844 4963 mergatur
866 4906 915 4961 per
966 4892 1065 4947 reditus
1081 4892 1213 4964 ipsaque
1226 4902 1269 4948 est
1286 4910 1360 4949 morra
1374 4894 1450 4966 Sion,
1464 4901 1528 4970 qnia
1542 4918 1637 4961 eorum
1651 4910 1751 4966 doctri·

122 5007 229 5063 aquam
245 4989 373 5061 baptismi
398 4986 507 5043 Pharao
522 4985 666 5042 invisibilis
680 4999 743 5039 cum
757 4982 815 5040 suis
834 4996 916 5037 exer·
966 4999 1000 5038 na
1017 4984 1120 5055 regitur
1132 4995 1159 5039 ct
1173 4984 1257 5054 iniget
1283 4985 1404 5045 Ecclesia
1426 5000 1456 5047 ut
1468 4993 1510 5048 sol
1523 5004 1550 5049 ct
1565 4996 1641 5066 lutra,
1655 5009 1686 5055 nt
1709 5005 1749 5056 sol

123 5082 229 5141 citibrn
243 5095 277 5136 ac
294 5079 478 5146 satellitibus,
498 5077 573 5133 vitiis
597 5075 723 5132 videlicet
738 5089 770 5129 ac
784 5073 915 5129 daemonn-
966 5073 993 5127 in
1021 5071 1159 5143 perlectis,
1179 5083 1209 5130 ut
1230 5074 1295 5132 iuna
1319 5076 1347 5133 in
1375 5079 1552 5151 imperiectis.
1575 5087 1664 5157 Atque
1689 5089 1750 5146 ideo

123 5176 202 5232 bus:
223 5181 251 5229 et
269 5173 374 5228 maerin
400 5171 449 5226 bei
464 5170 582 5241 populus
597 5177 712 5224 canmns
727 5166 852 5231 bonrino,
866 5166 914 5238 qui
937 5228 941 5233 ,
966 5163 1018 5234 ipsi
1041 5172 1115 5221 recte
1138 5181 1172 5222 ac
1197 5169 1308 5237 proprie
1332 5168 1462 5228 dicuntur
1485 5175 1560 5247 uirga
1584 5176 1750 5236 hereditatis

123 5237 460 5337 gloriuschonori'ileatus
479 5268 543 5328 est,
562 5274 663 5330 equurn
690 5265 717 5312 et
739 5272 914 5313 asscensorem
967 5265 1040 5322 tac,
1061 5269 1140 5311 norae
1160 5257 1336 5328 degentibus
1354 5257 1493 5318 Ecclesiae.
1514 5261 1591 5320 Unde
1608 5267 1749 5337 mirabile,

120 5333 244 5428 projecit
267 5355 295 5410 iu
317 5367 393 5410 mare
404 5365 577 5408 ascensorem
590 5350 729 5405 diabolum
744 5350 913 5418 suffocando,
966 5347 1104 5417 simulque
1127 5350 1281 5407 miserabile
1302 5353 1384 5407 ninrrs
1401 5362 1443 5408 est
1466 5355 1595 5425 populum
1619 5357 1751 5418 iilnnrsic

121 5449 288 5520 sudeqnum
304 5446 339 5504 de
358 5462 443 5502 manu
468 5446 530 5518 ejus
545 5445 705 5512 liberando,
722 5446 846 5502 uidelicet
862 5448 915 5504 sibi
967 5441 1118 5511 lessuade
1131 5455 1187 5512 quo
1201 5442 1286 5512 sirpe,
1306 5442 1365 5497 haec
1376 5452 1419 5498 est
1429 5458 1551 5515 egressa,
1566 5455 1596 5502 ut
1618 5455 1749 5520 usquein

121 5540 271 5601 credulum
297 5554 384 5613 genus
408 5539 572 5607 lnumsnnm,
592 5538 720 5609 baptismi
742 5550 915 5597 sacramento
968 5530 1240 5588 heremiratusiuror
1256 5539 1320 5587 ittlts
1340 5532 1367 5587 in
1387 5547 1434 5589 eos
1456 5548 1510 5589 lton
1533 5536 1607 5591 sitini
1630 5541 1751 5615 recolligi

121 5635 314 5709 parideatum,
329 5640 413 5702 atque
426 5630 453 5686 in
467 5631 519 5686 hoc
531 5632 590 5703 ipso
602 5630 682 5703 uirgae
697 5629 799 5702 iioysi,
817 5629 850 5685 dc
861 5646 915 5702 qns
967 5627 1117 5698 dispersos,
1134 5624 1226 5681 reduci
1243 5625 1374 5697 abjectos,
1387 5626 1491 5700 alligari
1508 5627 1671 5702 confractos,
1687 5650 1751 5691 cnm

122 5743 201 5784 nunc
223 5725 302 5796 agit,
321 5722 516 5778 assimilatum.
540 5720 617 5784 Sient
632 5722 783 5778 animante
804 5736 855 5776 nos
873 5721 915 5777 di·
961 5733 991 5782 tu
1019 5721 1057 5776 sis
1082 5721 1127 5776 ilie
1148 5731 1239 5812 pastor
1263 5719 1310 5792 qni
1336 5720 1403 5777 dicit
1422 5742 1428 5778 z
1458 5744 1467 5777 r
1491 5722 1560 5779 Ecce
1584 5740 1635 5795 ego
1659 5730 1752 5789 requi·

219 5855 220 5859 =
287 5819 422 5878 Parnon.
448 5813 581 5880 cxciv,
1556 5816 1593 5878 ta
