3892 6067
68 176 106 234 i
128 178 194 238 {ts
527 202 540 229 ι
552 178 617 238 tttt.
639 181 684 237 DE
702 182 831 241 utenti
849 184 895 240 tt
914 184 1057 243 ttun'ottt:
1078 186 1156 242 ttttt
1177 185 1320 244 llQiHNlS
1692 192 1759 250 libb

68 298 219 353 naliter
236 295 462 368 preordtmtum,
476 306 507 353 ut
520 297 549 353 iu
564 297 705 370 virginalis
717 303 788 359 uteri
807 303 912 360 conda·
930 306 1115 377 arapteutem
1129 304 1205 362 lacit.
1217 305 1349 373 Quaedam
1362 324 1428 365 reru
1439 308 1480 365 sie
1502 310 1629 368 accidunt
1654 311 1696 368 rel
1712 330 1759 369 ae·

80 388 195 444 terrio
213 402 268 443 uua
280 403 342 444 cum
354 402 423 443 auro
440 387 593 445 diuinitatis
607 398 710 449 eterno
722 393 750 447 iu
774 410 859 450 unum
872 393 915 452 ia·
964 396 1076 460 cedunt,
1091 407 1121 452 ut
1133 402 1239 450 mutent
1251 404 1278 450 et
1292 410 1433 456 mutentur
1445 418 1452 468 ;
1471 409 1501 455 ut
1511 400 1589 457 cibus
1602 402 1662 472 qui,
1675 403 1758 459 smit-

85 478 277 539 hricaretur
298 481 432 538 electrum
448 484 540 541 nativa
555 485 689 543 unitione.
713 478 914 559 Postquam'de
965 489 1151 559 tensspecicm
1166 508 1256 560 suam,
1275 493 1303 549 in
1320 508 1422 564 corpus
1434 492 1562 560 uertitur,
1578 502 1604 548 ιι
1628 508 1679 549 nos
1694 493 1756 549 elbo

83 572 387 644 virgineperaetam,
401 575 494 633 nullus
513 577 603 649 potuit
619 586 666 633 aut
679 580 780 650 poterit
799 579 850 651 ipsi
865 577 913 635 liei
964 578 1070 646 reiecti,
1085 581 1121 636 ab
1135 583 1258 639 exilitate
1276 592 1304 639 et
1317 584 1449 654 languore
1461 583 1488 638 in
1501 583 1586 639 robur
1609 592 1694 655 atque
1705 598 1754 638 ra⁴

91 672 146 721 et
168 662 290 720 bominis
300 662 371 720 Filio
386 667 516 725 accedere
528 668 571 724 rel
581 668 716 740 assignari
729 669 849 739 babitus,
864 671 911 743 qui
963 667 1077 726 lentiam
1103 681 1254 729 mutamur.
1288 672 1411 728 Tertium
1440 686 1527 744 genus
1552 682 1604 742 est,
1632 690 1695 730 eum
1722 689 1755 728 ea

98 771 261 823 seorsum,
276 756 447 828 abstractim,
474 767 502 815 ιι
526 761 720 818 mathematice
745 762 911 830 intellectus,
962 778 1025 833 quae
1040 762 1170 819 accidunt
1184 766 1226 819 ιιι
1242 763 1386 832 accedunt,
1402 779 1456 819 uou
1471 772 1581 820 mutant
1604 779 1636 820 ea
1651 766 1752 836 quibus

103 848 152 905 Fi
163 847 209 906 ius
227 846 275 904 bet
291 856 339 904 aut
350 848 471 906 hominis
481 865 544 906 uere
556 849 715 908 nominetur
727 861 775 909 aut
791 851 837 922 sit,
848 853 913 910 licet
962 853 1101 921 accidunt,
1118 870 1169 910 nec
1183 854 1288 925 abipsa
1301 862 1446 909 murtautur
1461 872 1469 921 ;
1482 856 1554 911 sieut
1568 854 1689 911 annulus
1705 871 1755 926 po·

108 950 148 996 et
160 939 189 996 iu
201 939 294 996 aliaeu
304 940 358 995 alia
370 940 469 1011 effigie,
481 941 607 999 diuersos
620 943 648 998 in
663 959 694 1001 se
705 943 816 1002 habitus
829 945 910 1002 exbi-
962 940 1034 997 situs
1054 940 1083 996 in
1094 942 1203 1015 digito:
1220 944 1297 1015 ‘quod
1322 961 1410 1016 genus
1435 944 1577 1000 rarissime
1602 926 1757 1001 inuenitur*

109 1032 210 1088 buerit
224 1048 232 1095 ;
249 1046 323 1087 nune
334 1046 364 1088 se
373 1032 561 1101 hortulanum,
575 1049 650 1090 nune
661 1034 847 1106 peregrinum,
861 1050 910 1092 seu
961 1028 1083 1098 Quartus
1093 1046 1181 1103 genus
1195 1042 1238 1089 est
1249 1049 1313 1090 eum
1325 1049 1358 1090 ea
1371 1048 1433 1104 quar
1446 1032 1575 1089 accidunt
1600 1041 1752 1102 mutantur,

109 1124 202 1180 etiam
214 1124 290 1179 uelut
304 1138 405 1194 agnum
420 1134 524 1195 septem
541 1139 696 1194 cornuum,
712 1134 817 1197 septem
837 1141 909 1199 quo·
960 1137 1015 1178 non
1031 1139 1110 1179 astla
1127 1133 1238 1189 nilum,
1265 1126 1314 1181 sed
1336 1127 1419 1182 oliam
1446 1127 1565 1197 speciem
1585 1140 1618 1182 ιι
1635 1125 1752 1183 illimem

110 1230 173 1285 que
186 1213 329 1271 oculorum
353 1214 412 1271 suis
433 1215 612 1272 dilectoribus
635 1215 816 1284 ostendendo,
843 1216 909 1288 quia
960 1214 1110 1285 ascipiunt,
1128 1225 1159 1272 ut
1171 1227 1214 1273 est
1231 1219 1327 1284 restis,
1342 1234 1405 1289 que
1419 1218 1525 1290 dejecta
1554 1227 1638 1289 atque
1662 1213 1757 1290 depe-¹

111 1306 188 1361 tales
201 1304 311 1361 babitus
322 1319 378 1360 non
394 1304 484 1362 elicuit
498 1307 591 1364 natira
612 1307 712 1373 unitio,
725 1307 790 1365 uuia
813 1323 907 1365 acees-
959 1305 1024 1371 sita,
1050 1322 1106 1363 non
1124 1309 1205 1365 lrabet
1216 1326 1277 1366 cam
1293 1308 1411 1365 lormam
1431 1327 1515 1381 quam
1532 1312 1617 1368 sumit
1632 1311 1750 1367 induta:

110 1401 213 1477 serum
219 1394 277 1466 jam
287 1396 380 1459 nativo
392 1395 458 1452 lilio.
960 1396 1065 1465 induta,
1079 1412 1134 1454 non
1146 1398 1227 1455 habet
1237 1409 1329 1456 exuta.
1345 1399 1424 1467 Quod
1443 1417 1529 1472 genus
1543 1404 1670 1472 congruit
1687 1402 1752 1459 lruic

153 1482 198 1541 ιιι.
211 1483 290 1553 Quod
316 1487 340 1541 si
366 1487 456 1558 placet
476 1470 527 1571 per
553 1488 646 1559 aliqua
666 1489 766 1546 similia
793 1490 907 1547 demon-
959 1488 1166 1558 comparationi.
1179 1488 1227 1546 Dei
1247 1491 1320 1546 euim
1335 1487 1422 1545 Filius
1447 1500 1534 1546 semet
1548 1493 1638 1563 ipsum
1655 1492 1752 1548 exina-

111 1575 200 1632 strari
213 1593 221 1642 ;
234 1591 296 1647 qum
309 1575 431 1632 diximus
455 1577 490 1634 de
512 1578 614 1636 divinis
633 1594 667 1635 ac
685 1578 906 1651 supernaturali·
960 1577 1038 1646 trivit,
1054 1594 1109 1634 non
1126 1580 1243 1636 sormam
1258 1596 1337 1635 suam
1351 1592 1474 1647 mutans,
1489 1583 1537 1638 sed
1548 1584 1665 1638 lormam
1678 1585 1750 1640 serui

111 1668 181 1734 bus,
192 1674 286 1738 patent
311 1667 339 1723 in
370 1668 500 1725 humanis
527 1678 611 1741 atque
636 1671 819 1729 uatrrralibus.
840 1669 908 1728 Esto
924 1640 947 1695 B
959 1670 1118 1741 accipiens:
1135 1686 1224 1742 neque
1253 1686 1404 1728 eonrersus
1428 1682 1475 1729 aut
1497 1682 1695 1730 transmutatus
1720 1676 1750 1731 iu

113 1759 274 1816 ertimzsit
291 1759 374 1817 alicui
401 1761 717 1831 hominillliusunicus,
738 1765 906 1836 unigenitus,
958 1762 1188 1819 itomineamissa
1211 1762 1429 1819 incommutabili
1454 1764 1612 1831 stabilitate,
1641 1766 1689 1821 ⁸⁰⁶
1721 1766 1750 1822 iii

111 1849 258 1920 proprius,
274 1850 420 1907 naturalis.
441 1849 512 1907 liuie
524 1850 627 1908 illlode
646 1853 861 1927 hominegeuito
883 1855 907 1911 si
958 1854 1167 1911 similitudinem
1182 1854 1326 1910 bominum
1342 1854 1432 1913 lectus
1451 1866 1503 1912 est.
1523 1854 1584 1927 lpse
1606 1865 1750 1928 susceptor

113 1940 223 2011 aliquid
237 1942 343 2010 unitur,
362 1942 405 1999 uel
430 1942 471 2000 sic
481 1943 576 2000 unitur
596 1954 628 2003 ut
651 1944 680 2001 in
697 1946 758 2017 ejus
785 1956 908 2003 vertatur
959 1944 1206 2001 rerumltominem
1220 1945 1409 2016 suscipiendo,
1431 1956 1459 2002 et
1484 1945 1595 2003 babitus
1621 1948 1750 2006 inuentus

111 2033 320 2102 substautiam3
348 2035 421 2092 sieut
441 2035 521 2108 panis
545 2036 594 2107 qui
614 2045 738 2093 mutatur
759 2047 786 2094 et
806 2046 905 2107 mutat,
957 2044 1048 2092 estut
1067 2035 1425 2104 bomo,nonsibi,sedeis
1450 2037 1551 2109 quibus
1579 2039 1608 2093 in
1637 2040 1749 2096 immine

112 2125 330 2195 qularersusiu
351 2142 464 2184 carnem
479 2127 547 2185 lacit
574 2129 608 2186 de
634 2145 728 2186 macra
755 2130 905 2204 pinguem3
957 2126 1094 2197 apparuit.
1118 2126 1197 2194 Quod
1220 2135 1312 2183 autem
1341 2127 1407 2183 dicit
1433 2135 1463 2182 ιιι
1488 2126 1576 2197 bomo,
1605 2130 1749 2187 ueritatem
1821 2154 1826 2163 ¹

111 2217 159 2275 rel
172 2218 380 2286 sicutennulus,
405 2221 453 2292 qui
468 2236 520 2278 nee
532 2228 654 2278 mutatur
666 2238 716 2279 nce
732 2229 907 2280 mutatasuo
956 2216 1097 2288 exprimit.
1126 2214 1243 2275 Nomius
1270 2233 1336 2291 ergo
1364 2218 1475 2275 habitus
1498 2220 1565 2276 satis
1586 2220 1750 2292 significauit

111 2325 179 2366 esse
202 2310 288 2367 lilium
304 2312 477 2380 annulatum,
492 2314 536 2370 uel
554 2313 625 2370 sicut
640 2314 775 2385 sapientia
802 2313 906 2372 iaciens
958 2308 1109 2379 Apostolus
1123 2309 1241 2381 qualiter
1264 2309 1385 2366 dixerit:
1400 2308 1434 2364 itt
1447 2310 1649 2367 timiit‘loditteut
1663 2312 1749 2367 bomi-

112 2398 150 2452 de
161 2395 237 2454 latuo
252 2399 307 2453 illio
322 2399 485 2470 sapientem,
500 2417 563 2474 quae
591 2403 680 2473 ipsum
704 2412 827 2473 mutans,
849 2420 906 2462 non
960 2403 1124 2472 samsucius
1137 2402 1268 2475 (Philipp.
1285 2420 1317 2470 rr,
1331 2403 1371 2474 ι).
1393 2403 1464 2471 Quia
1488 2419 1544 2461 nen
1559 2405 1587 2460 in
1602 2406 1749 2479 transitqu-

114 2497 257 2557 mutatur3
273 2491 314 2545 rel
329 2490 402 2547 sieut
428 2491 512 2548 restis
538 2509 600 2565 quae
623 2494 710 2550 lilium
733 2495 838 2552 nudum
860 2513 908 2554 te·
957 2494 1063 2557 ratione
1081 2494 1109 2551 in
1125 2495 1249 2564 bomine,
1261 2496 1309 2551 sed
1326 2495 1422 2551 babitu
1437 2495 1530 2553 laetus
1553 2506 1606 2562 est,
1625 2513 1687 2554 cum
1707 2499 1750 2553 in-

112 2580 213 2649 stiens,
236 2580 324 2651 ipsum
340 2598 395 2638 nou
419 2593 518 2652 mutat,
536 2584 583 2640 sed
599 2585 658 2656 ipsa
684 2595 818 2653 mutatur,
840 2590 905 2659 quia
956 2584 1092 2642 dutusest
1104 2586 1256 2653 hominem,
1275 2601 1357 2656 quem
1371 2587 1423 2643 sibl
1437 2587 1749 2660 uniensquodammodo

112 2680 308 2743 citracorpus
326 2674 501 2746 complicata,
514 2674 538 2730 si
551 2674 660 2747 corpori
685 2685 842 2748 coaptatur,
862 2692 907 2733 se·
956 2675 1156 2732 immortalitati
1188 2675 1391 2748 aeternitatique
1427 2678 1556 2734 sociaret.
1591 2677 1651 2736 Nou
1682 2694 1749 2752 ergo

111 2763 236 2819 eundum
256 2763 323 2820 illud
337 2764 379 2820 sie
394 2764 570 2834 distenditur,
587 2774 617 2822 ut
641 2775 714 2823 recte
736 2766 906 2824 liabitusbo
956 2772 1066 2836 oportet
1075 2765 1203 2836 intelligi,
1216 2773 1351 2821 mutatum
1364 2780 1426 2822 esse
1440 2763 1561 2822 Verbum
1575 2766 1748 2838 susceptione

111 2853 198 2910 minis
211 2853 328 2910 dicatur.
342 2853 381 2909 Ex
396 2869 453 2928 quo
465 2854 573 2923 habitu,
591 2856 668 2913 uerbi
690 2858 778 2928 gmtia
802 2871 906 2928 purpu·
958 2857 1089 2923 ltomiuis,
1102 2857 1174 2913 sieut
1188 2872 1239 2913 nee
1250 2867 1375 2912 membra
1394 2865 1468 2913 reste
1490 2857 1585 2914 induta
1596 2868 1747 2929 mutantur,

31 2994 39 3001 .
111 2956 192 3005 tatus
205 2953 253 2999 aut
265 2943 407 3014 loricatus,
419 2954 468 3001 aut
480 2945 554 3002 uliud
569 2947 728 3018 hujusmodi
738 2949 827 3004 ualeat
837 2950 903 3007 dici.
920 2976 940 3034 c
956 2950 1084 3021 quamuis
1098 2950 1144 3005 illu
1155 2948 1295 3021 suseeptiu
1305 2949 1480 3005 ineffabiliter
1493 2960 1650 3022 susceptum
1659 2949 1748 3008 susci·

113 3034 169 3091 Sed
184 3033 310 3104 nunquid
324 3034 367 3090 uel
395 3036 475 3107 panis
503 3052 585 3108 quem
618 3037 692 3095 illius
712 3040 840 3110 comedit,
862 3043 906 3098 vel
956 3042 1041 3114 pienti
1056 3042 1206 3112 copularet.
1230 3061 1240 3095 ι

115 3125 238 3181 aunulus
249 3139 331 3195 quem
344 3128 505 3198 assumpsit,
523 3128 640 3185 edicitur
650 3128 724 3186 illius
747 3131 836 3202 putris
857 3133 905 3204 qui
992 3130 1037 3189 Vl.
1052 3131 1100 3189 llis
1116 3133 1206 3189 verbis
1217 3141 1310 3204 aperte
1321 3132 1551 3190 induereridetur
1563 3134 1747 3206 Augustinus,

113 3221 336 3278 eumdemlllium
349 3224 460 3296 genuit?
475 3226 598 3282 minime.
616 3224 683 3282 item
700 3228 833 3298 sapientia
844 3244 906 3300 quae
957 3224 1044 3281 licum
1068 3223 1124 3300 diei
1147 3223 1250 3280 iactum
1278 3224 1419 3280 bominem
1441 3226 1593 3283 seeundum
1613 3225 1746 3282 habitum.

114 3315 202 3371 illium
215 3314 249 3370 de
262 3312 338 3371 latuo
350 3317 520 3388 sapientem,
537 3319 580 3375 ιιι
597 3334 720 3390 purpura
741 3336 803 3391 qum
827 3321 905 3378 illum
957 3316 1009 3384 Qui
1022 3318 1105 3372 etiam
1121 3316 1209 3387 ipsius
1224 3315 1423 3373 iucarnationis
1435 3315 1547 3373 modum
1572 3316 1668 3374 voleus
1696 3332 1747 3373 ex·

114 3409 149 3465 de
164 3407 377 3467 nudurestttum
400 3411 536 3480 exhibuit,
557 3413 692 3483 numquid
719 3414 754 3471 de
775 3414 833 3469 illio
856 3413 905 3469 lilii
956 3409 1086 3479 primore,
1107 3407 1294 3479 querentibus
1318 3408 1345 3462 in
1364 3416 1463 3479 quarto
1487 3407 1598 3465 libbe
1615 3406 1747 3464 Trinitate

116 3517 164 3558 seu
179 3501 242 3558 tiliae
256 3517 356 3558 nomen
373 3505 551 3575 accepissem
569 3504 693 3574 accipere
716 3506 832 3576 potuit?
854 3521 905 3562 ne·
957 3500 996 3556 ait
1010 3517 1017 3554 τ
1033 3520 1043 3552 ι
1060 3499 1089 3556 Si
1104 3501 1237 3572 quaeritur
1258 3500 1317 3571 ipsa
1335 3500 1489 3556 incarnatio
1517 3501 1656 3573 quomode
1676 3500 1747 3558 lacta

115 3608 267 3675 quaquam.
284 3593 346 3666 lpsa
373 3604 464 3651 tamen
498 3612 620 3668 purpura
640 3597 750 3653 inducta
774 3584 905 3655 memhris
958 3590 1005 3645 sit.
1020 3588 1112 3660 lpsum
1126 3586 1247 3646 Verbum
1274 3588 1397 3646 beidieo
1416 3605 1527 3647 earnem
1548 3590 1663 3658 lactum,
1690 3591 1747 3646 sive

115 3686 221 3759 accepit
245 3668 376 3754 turmam,
402 3703 486 3758 quam
510 3702 566 3743 uon
591 3687 710 3744 habebut
731 3698 814 3744 exuta
836 3687 905 3744 :cui
957 3679 1223 3743 iromiuemlactum
1238 3694 1293 3735 non
1309 3689 1400 3736 tamen
1425 3682 1453 3736 iu
1470 3682 1523 3738 linc
1550 3683 1624 3753 quod
1644 3683 1746 3738 laetum

115 3778 198 3836 etiam
213 3778 242 3834 iu
256 3779 329 3853 regis
343 3794 461 3851 persona
477 3778 651 3836 exhibendus
672 3786 714 3835 est
735 3778 835 3847 horror,
858 3778 905 3849 qui
956 3782 1000 3829 est
1012 3787 1176 3829 conversum
1196 3780 1279 3840 atquc
1294 3778 1430 3826 mutatum
1446 3772 1515 3828 :sed
1530 3788 1624 3839 carne,
1642 3782 1672 3829 ut
1684 3788 1733 3828 car

115 3870 367 3928 eidemexutaenon
381 3871 538 3927 exiribetur.
957 3864 1068 3921 nalibus
1085 3870 1270 3935 congruenter
1281 3871 1435 3933 appareret,
1462 3863 1596 3920 indutum.
1622 3863 1662 3919 lta
1681 3878 1746 3919 saue

176 3959 288 4031 ,Cujus
319 3959 359 4016 rei
378 3959 589 4016 similitudinem
615 3958 712 4015 beatus
735 3956 906 4029 Augustinus
958 3954 1061 4012 iactum
1075 3963 1105 4009 ut
1118 3954 1155 4010 ibi
1171 3952 1207 4008 sit
1230 3968 1284 4008 non
1301 3961 1405 4009 tuntum
1423 3952 1541 4010 Verbum
1556 3954 1603 4010 Ilei
1617 3964 1645 4011 ιι
1658 3954 1739 4010 ltomi-

119 4051 323 4111 lrrcern'ationis
342 4051 475 4124 mysterio
497 4059 628 4122 coaptans
652 4049 679 4105 in
701 4047 818 4104 librobe
831 4055 907 4104 octo-
957 4046 1089 4112 niscarn,
1117 4046 1208 4101 sedet
1229 4046 1373 4102 rationalis
1391 4046 1483 4100 anima
1507 4046 1638 4114 lruminis,
1665 4054 1747 4115 atquo

116 4143 189 4215 ginta
213 4142 301 4198 tribus
318 4142 518 4212 questionibus
540 4141 607 4198 dicit
631 4158 639 4196 ε
663 4159 673 4193 ι
704 4138 797 4196 blultis
818 4139 907 4196 modis
957 4137 1011 4192 hoe
1024 4143 1111 4203 totum
1126 4142 1153 4191 et
1171 4133 1243 4190 Deus
1252 4135 1360 4191 dicatur
1372 4142 1482 4206 propter
1505 4131 1590 4191 ileum
1616 4144 1645 4190 et
1664 4134 1746 4189 inemo

116 4232 381 4289 babitumdieiruus.
400 4229 449 4288 Vei
465 4232 588 4288 lubitum
604 4231 700 4299 animi,
724 4232 796 4289 sicut
822 4230 906 4286 disei-
957 4233 1068 4298 propter
1104 4220 1254 4280 bominem}
1291 4222 1407 4292 Quodsi
1437 4222 1546 4279 dillleile
1574 4222 1746 4295 intelligitur.

117 4324 198 4397 pliuae
211 4325 415 4396 perceptionem
441 4339 494 4381 usu
516 4323 652 4380 liumatam
676 4343 683 4380 :
713 4324 756 4379 ιιι
779 4322 903 4379 habitunt
920 4311 942 4366 b
958 4332 1036 4374 mens
1047 4315 1099 4373 lue
1112 4323 1244 4387 purgetur
1267 4331 1283 4370 a
1314 4315 1433 4387 peccatis
1445 4313 1609 4370 abstinendo
1623 4324 1650 4370 et
1673 4314 1745 4370 bona

117 4400 254 4488 eorporis,
267 4417 339 4473 sieut
354 4416 474 4473 dicimus
488 4416 573 4472 alium
592 4417 647 4472 aliu
662 4416 835 4483 validiorem,
861 4414 904 4471 ιιι
957 4410 1111 4483 operando;
1133 4407 1253 4464 ditiicilia
1269 4407 1342 4463 enim
1357 4418 1422 4463 sunt
1436 4410 1504 4463 baeo.
1522 4426 1532 4459 t

117 4510 241 4575 habitum
276 4525 373 4568 eorum
413 4526 475 4582 qua
504 4510 637 4567 membris
661 4509 905 4567 accommodantur
992 4500 1253 4559 Vllldemiulibro
1268 4499 1415 4557 lieddead
1433 4499 1544 4556 Petrum
1563 4518 1569 4554 :
1586 4498 1745 4556 ‹bell-“llius

116 4603 297 4668 extrinsecus,
307 4611 337 4659 ut
351 4618 414 4658 eum
438 4603 509 4659 dicis
531 4602 653 4673 aliquem
683 4602 824 4683 restitum,
853 4600 906 4658 cal·
956 4611 1020 4653 eutn
1035 4596 1072 4652 sit
1088 4593 1160 4651 licus
1177 4602 1296 4651 retornus
1313 4599 1341 4650 ιι
1354 4608 1447 4658 uerus,
1476 4605 1526 4662 lii⁰
1549 4591 1629 4648 uitiis
1654 4591 1745 4648 ficiis

116 4696 237 4755 centum,
256 4696 283 4744 et
296 4687 468 4759 hujusmodi.
488 4680 526 4744 ιη’
539 4689 641 4760 quibus
654 4690 785 4745 omnibus
798 4687 905 4761 generi·
956 4687 1091 4744 estbomo
1111 4702 1191 4744 uerus
1202 4695 1229 4742 ιι
1237 4678 1342 4756 pleu'us.
1357 4683 1386 4739 lu
1411 4699 1444 4740 eo
1468 4699 1559 4751 uerus,
1577 4685 1745 4754 quieveram

8 4774 17 4787 “
117 4781 169 4837 bus
189 4779 364 4836 manifestum
377 4780 458 4836 estin
472 4796 503 4837 ea
516 4795 545 4836 rc
557 4782 611 4838 diei
623 4781 745 4837 habitum
760 4823 767 4847 ,
784 4797 846 4853 quae
859 4797 906 4837 ao
957 4779 1041 4836 ltabet
1064 4782 1109 4837 ille
1127 4780 1276 4836 humanam
1302 4786 1430 4833 naturam
1447 4795 1455 4833 ε
1471 4777 1498 4833 in
1513 4793 1547 4833 eo
1562 4789 1631 4834 uere·
1638 4776 1745 4850 plenus,

117 4872 183 4934 cidit
195 4872 237 4927 ιιι
248 4871 353 4928 accedit
363 4870 456 4939 alicui,
469 4872 508 4927 ita
523 4881 554 4928 ut
568 4887 629 4928 earn
642 4873 731 4943 possit
744 4873 827 4927 etiam
849 4888 904 4929 uon
957 4868 1021 4939 quia
1037 4885 1147 4926 carnem
1162 4870 1311 4925 huruanam
1323 4867 1478 4939 suscepitct
1490 4868 1610 4924 animam
1627 4868 1733 4924 rationu

119 4964 228 5025 trabere.
244 4962 303 5020 lloc
323 4973 414 5019 auteur
429 4980 529 5020 nornen
541 4964 645 5021 dietum
658 4974 700 5020 est
719 4965 753 5019 ab
764 4963 810 5019 illo
823 4963 905 5019 uerbo
957 4958 1021 5014 lem.
1040 4958 1140 5015 ritem.
1156 4977 1167 5011 r
1185 4958 1245 5014 Non
1260 4958 1335 5015 aliud
1349 4956 1401 5015 luit
1414 4960 1459 5015 illa
1474 4958 1522 5015 bet
1536 4960 1636 5016 summi
1649 4959 1740 5015 exina-

119 5057 191 5135 quod
216 5066 258 5113 est
273 5054 378 5112 lubere.
391 5054 507 5114 Habitus
523 5073 589 5129 ergo
605 5057 633 5112 in
662 5073 691 5113 re
712 5056 824 5121 dicitur,
844 5070 906 5127 quie
957 5050 1036 5117 nitio,
1049 5051 1102 5106 nisi
1116 5051 1213 5107 lorme
1233 5052 1353 5120 servilis,
1371 5052 1398 5108 id
1424 5062 1468 5109 est
1488 5063 1594 5109 naturae
1619 5054 1744 5106 hunuano

120 5147 199 5201 uubis
215 5154 245 5202 ut
257 5148 392 5204 habeatur
408 5151 450 5204 ιιι
465 5148 565 5204 accidit
585 5149 626 5204 ιιι
652 5147 766 5204 accedit.
791 5146 905 5203 ilerum-
957 5144 1106 5215 susceptio.
1124 5143 1337 5218 Utraqueigitur
1351 5153 1394 5202 est
1410 5147 1437 5202 in
1457 5145 1567 5202 Clrristu
1582 5142 1734 5202 substantia

121 5249 210 5294 tarrreu
223 5239 275 5296 boc
290 5241 405 5298 interest
424 5241 498 5313 quod
515 5242 639 5312 quaedam
665 5256 760 5297 eorum
784 5256 845 5313 quur
860 5256 906 5295 ue·
956 5237 1050 5293 divina
1062 5237 1166 5293 seilicet
1180 5246 1207 5292 et
1223 5237 1354 5294 huuraua.
1377 5238 1470 5294 rltem
1494 5237 1521 5291 in
1548 5236 1620 5291 libro
1650 5242 1744 5288 rorum

120 5327 215 5385 eitiunt
230 5332 271 5387 ιιι
288 5333 423 5389 accedunt
441 5342 471 5389 ut
487 5333 611 5389 habitum
630 5332 743 5400 iaciunt,
759 5349 812 5389 nou
844 5348 906 5386 nru-
955 5328 1133 5387 blasirninum
1151 5344 1157 5381 :
1178 5327 1269 5383 «Cum
1284 5335 1357 5384 esset
1371 5343 1459 5398 perse
1476 5327 1564 5396 ipsum
1588 5324 1734 5380 inuisibilis

119 5426 220 5487 tantur,
233 5421 279 5478 sed
294 5423 354 5493 ipsa
366 5430 482 5490 mutant,
495 5421 522 5477 in
541 5437 570 5477 se
583 5422 686 5492 integra
701 5430 727 5477 et
740 5421 906 5478 inconcussa
957 5422 1074 5479 risibilis
1100 5419 1128 5475 in
1156 5420 1267 5475 immine
1291 5419 1437 5490 apparuit,
1474 5433 1555 5489 quem
1584 5415 1745 5472 dolentius

121 5512 272 5569 manentia.
298 5512 524 5584 Sicutsapieutia
551 5513 683 5569 accedens
709 5511 903 5579 homininum
957 5513 1097 5584 suscipere
1117 5512 1245 5584 dignatus
1267 5521 1346 5567 est.»
1381 5509 1447 5566 item
1477 5509 1612 5565 incudem
1632 5526 1638 5562 :
1661 5504 1745 5561 ‹ttos

120 5604 176 5683 ipsa
190 5614 313 5669 mutatur
327 5607 381 5663 sco
398 5605 537 5664 bominem
553 5612 650 5675 mutat,
667 5620 749 5678 quom
765 5605 798 5663 de
820 5603 903 5663 stulto
957 5606 1095 5683 u'luistum
1122 5604 1267 5664 beluinum
1282 5619 1386 5688 *rerum
1423 5603 1563 5661 bominem
1589 5602 1746 5672 suscepisse
