3892 6067
148 201 223 262 soso
457 280 463 289 g
663 205 848 266 utrostuo
868 207 902 265 m
921 207 1059 266 estune.
1082 172 1211 269 stultus
1228 211 1263 270 tt
1710 221 1781 279 soso

146 338 213 381 eum
234 317 338 393 quibus
357 328 467 391 pactum
490 319 592 394 pepigit
606 321 634 377 in
655 325 780 395 patribus
797 342 941 398 :ncesse-
956 328 979 387 Α
994 326 1128 396 istessops
1142 327 1312 384 orationibus
1327 330 1449 397 intentis,
1461 342 1553 390 utrum
1567 334 1712 392 consilium
1727 336 1781 396 boc

147 421 211 470 rust
224 411 298 468 enim
316 410 342 467 ei
356 420 384 466 et
403 410 511 467 irritum
534 410 658 470 lecerunt
676 425 785 487 pactum
801 417 879 484 illud,
894 415 939 474 isti
989 415 1257 486 uelopus,cu1nsin
1273 431 1383 476 omnem
1409 431 1510 478 terram
1531 438 1617 480 sonus
1631 427 1725 494 exivit,
1745 444 1780 485 ex

143 504 204 577 jam
228 520 282 560 uos
305 503 358 574 diii
380 504 437 575 eise
451 507 480 561 io
495 506 630 566 sordibus.
652 507 780 576 Proinde,
797 512 891 568 occuli
912 519 940 567 et
989 505 1050 579 ipso
1074 506 1123 575 sit,
1145 519 1171 564 et
1196 510 1368 568 annuntiabit
1382 513 1442 570 tibi.
1467 513 1498 571 st
1520 516 1595 572 enim
1620 515 1780 576 Cornelium

147 606 232 663 terra,
253 594 413 667 quicunque
428 596 530 655 truditis
547 598 607 656 ιιιιι
622 601 706 657 uerba
728 603 786 659 oris
803 605 868 666 moi.
882 619 937 660 nors
988 604 1115 676 gentilem
1130 621 1180 678 pro
1195 607 1249 664 boc
1262 607 1324 679 lpso
1336 621 1459 667 orantem
1481 621 1508 669 et
1527 615 1716 688 eleemosynas
1737 616 1780 673 ls-

146 688 239 760 ipsum
252 686 352 757 Deum,
363 689 412 761 qui
429 688 518 747 lidelis
529 699 572 747 est
585 700 613 747 ιι
636 693 741 765 ubsque
761 695 816 751 ulla
836 696 938 767 iniqui·
988 696 1104 753 cientem
1115 698 1259 770 dignanter
1269 703 1418 771 exaudivit,
1442 715 1470 760 et
1480 705 1644 765 mirabiliter
1657 710 1723 779 qnid
1742 709 1779 765 il-

146 779 938 858 tato,sedistou,uuipeecaveruntnonbliosejnscun·
988 788 1045 844 lum
1058 788 1148 845 latere
1161 801 1299 862 oporteret
1329 810 1379 864 per
1404 797 1532 867 angelum
1545 814 1626 855 suurn
1649 804 1780 871 ostendit,

146 871 202 929 ctis
215 869 342 943 loquelis,
359 872 497 930 uniuersis
517 874 692 931 sermonibus
704 876 814 944 uestris,
836 879 938 950 utribus
987 880 1192 952 quantomagis
1213 882 1236 938 si
1253 891 1281 938 tu
1300 883 1513 962 interrogaueris
1528 896 1555 943 et
1576 898 1606 944 nt
1622 890 1691 946 bene
1715 904 1781 961 agas

147 961 176 1018 in
189 978 302 1021 omrem
316 972 430 1033 terram,
445 973 472 1021 ιι
496 964 523 1021 in
537 966 694 1024 dnesorbis
712 976 791 1025 terrae
809 969 936 1027 audiendi
987 970 1137 1043 intelligere
1158 973 1292 1043 uolneris,
1309 991 1358 1046 per
1380 977 1500 1048 aliquam
1519 980 1714 1038 revelationem
1730 998 1780 1037 ss·

145 1055 225 1118 estis,
250 1054 406 1128 redarguite
427 1066 455 1113 et
468 1056 550 1113 dicite
569 1077 576 1113 ι
600 1058 740 1115 Generatio
755 1078 838 1133 pruoo
858 1072 937 1134 utque
991 1063 1127 1117 nuntiabit
1140 1063 1198 1119 tili.
1211 1064 1306 1137 igitur,
1326 1076 1355 1122 ut
1373 1068 1533 1137 prtedictom
1550 1078 1602 1133 est.
1623 1070 1708 1128 Deum
1725 1073 1779 1127 Po-

146 1162 279 1215 perrersu.
988 1163 1052 1208 treus
1066 1163 1141 1210 tuom
1154 1157 1288 1227 interropta
1302 1161 1417 1224 orando,
1431 1161 1545 1231 osojores
1558 1173 1617 1220 tuos
1631 1165 1778 1234 propbetas

184 1233 266 1293 itus.
278 1236 306 1293 6.
328 1236 554 1311 limesiuereddis
566 1237 691 1308 dontius,
704 1241 800 1312 popule
816 1243 896 1298 stulte
909 1253 936 1298 et
987 1249 1100 1303 consule
1114 1248 1238 1317 legendo.
1255 1248 1302 1305 llle
1319 1253 1498 1318 usrstuntiubit,
1512 1263 1540 1310 et
1551 1255 1595 1310 isti
1611 1256 1700 1311 diceret
1717 1256 1777 1323 tibi,

146 1327 299 1398 insipiens!
313 1326 465 1393 Gorerutio,
474 1328 597 1399 iniquam,
608 1344 702 1399 prono,
715 1331 787 1401 quod
799 1331 871 1388 idem
881 1342 936 1400 est,
987 1337 1052 1408 quia
1065 1337 1127 1404 iste,
1139 1354 1221 1407 utrem
1238 1340 1385 1409 tradidisti,
1399 1357 1481 1412 quem
1494 1345 1608 1413 negasti,
1621 1350 1702 1416 quem
1717 1346 1779 1403 lelle

145 1433 179 1475 ao
193 1417 217 1475 si
235 1431 299 1475 eum
314 1418 470 1489 euangelica
494 1418 693 1476 declamatione
707 1419 805 1478 dicus:
824 1422 937 1480 «Gene-
987 1426 1096 1493 cibasti,
1110 1436 1138 1483 et
1151 1436 1230 1483 atsto
1241 1429 1353 1498 potasti,
1368 1445 1449 1501 quem
1462 1432 1547 1488 clavis
1561 1434 1710 1503 conlisisti,
1728 1454 1779 1493 cu·

144 1511 217 1567 ratio
240 1510 313 1566 urala
331 1519 359 1566 et
382 1508 506 1566 adnitere
522 1508 634 1579 (usust.
657 1527 707 1579 ιιι,
724 1511 806 1583 biii.»
830 1511 935 1569 ideirco
983 1515 1033 1586 ius
1049 1517 1122 1573 latus
1136 1518 1229 1575 ιιιιιιι
1254 1520 1410 1590 perforasti,
1434 1521 1515 1577 Putes
1536 1532 1597 1577 tuus
1617 1533 1669 1589 est,
1684 1526 1731 1592 oui
1753 1534 1777 1583 te

143 1602 280 1674 geuermio
301 1601 474 1674 praemunio
493 1600 622 1659 debonis
637 1603 748 1675 quidem
762 1604 934 1676 parentibus,
987 1610 1115 1679 possedit.
1143 1610 1289 1678 Quomodo
1314 1622 1405 1670 autern
1430 1616 1556 1683 possedit,
1573 1618 1614 1671 rol
1635 1620 1775 1687 quemodo

142 1697 192 1756 sed
203 1696 274 1757 male
286 1695 439 1770 progenita,
457 1694 521 1766 quia
535 1711 590 1751 non
610 1695 645 1753 de
666 1696 729 1764 lude,
742 1697 790 1753 sod
810 1697 869 1754 sola
883 1712 934 1769 pa·
948 1669 970 1725 B
984 1701 1125 1771 possidere
1137 1702 1268 1773 isnoepitl
1282 1706 1362 1775 plane
1377 1715 1405 1760 et
1417 1706 1471 1762 boo
1485 1707 1573 1777 ipsum
1591 1708 1679 1764 dicent
1697 1709 1758 1769 tibi.

144 1798 218 1846 trum
234 1804 318 1847 cartre
340 1797 453 1853 ιιοιιις
472 1786 585 1852 ideireo,
610 1786 735 1860 iuquam,
750 1805 833 1859 prauo
855 1799 934 1858 utute
1024 1790 1104 1848 Vsus.
1126 1792 1154 1848 8.
1183 1793 1296 1859 qussdo
1326 1797 1458 1850 dividebat
1488 1798 1643 1854 ditissimus
1676 1810 1776 1871 geistes,

142 1895 275 1951 ιιιιιιιιι,
301 1878 366 1949 quia
385 1877 465 1932 bulum
484 1885 593 1948 patrum
618 1893 674 1932 ttou
695 1877 811 1945 imitata,
832 1893 934 1935 secum
985 1885 1092 1956 mundo
1112 1885 1254 1956 soporabor
1277 1887 1347 1958 filios
1366 1887 1464 1955 ddum,
1489 1891 1625 1945 constituit
1651 1893 1776 1948 terminos

141 1972 209 2028 sium
240 1987 333 2027 mores
362 1970 488 2042 patribus
516 1970 596 2041 longo
625 1971 776 2042 disparata.
810 1971 934 2027 linceius
984 1975 1142 2046 populorum
1151 1977 1234 2046 justa
1254 1992 1392 2032 sumerum
1416 1978 1536 2048 filiorum
1561 1978 1657 2039 lsrael.
1673 1980 1775 2039 Notum

143 2062 232 2117 reddis
245 2061 383 2116 lietuino!
403 2059 539 2129 disercior,
556 2077 683 2132 inquam,
698 2063 724 2119 id
739 2072 782 2119 est
796 2062 868 2118 mula
882 2077 933 2132 pro
985 2065 1033 2121 tibi
1047 2076 1089 2122 cst
1101 2068 1165 2136 spoia
1180 2067 1291 2137 oriundo
1304 2068 1419 2138 proiecti
1435 2070 1469 2123 de
1480 2071 1586 2125 oriente
1605 2071 1654 2127 lllli
1668 2072 1770 2140 bdatn,

140 2151 336 2224 bonis,popsie
342 2152 422 2207 stulte
431 2162 455 2207 et
465 2152 609 2223 iusipiens,
621 2152 709 2207 reddis
719 2152 853 2208 Domino?
862 2151 934 2207 Siti·
984 2166 1012 2214 el
1023 2157 1194 2214 inuenientes
1208 2175 1334 2232 campum
1363 2162 1390 2215 in
1411 2171 1482 2217 torro
1497 2161 1621 2219 διιιιιιι
1634 2176 1777 2235 coeperunt

142 2255 187 2302 tus
197 2245 270 2302 eninr
281 2259 322 2312 es,
336 2242 384 2315 qui
398 2244 501 2299 naulum
514 2242 606 2300 sciens
619 2259 674 2300 non
686 2244 932 2314 canissuspensus
984 2243 1074 2302 lacero
1093 2247 1202 2315 turrim,
1218 2248 1297 2317 eujus
1313 2250 1421 2326 cultureu
1434 2251 1602 2325 pertingeret
1612 2254 1646 2308 ad
1659 2254 1774 2322 ooelnm,

140 2337 342 2411 quicunqneet
354 2335 407 2392 boo
426 2335 529 2408 populo
539 2336 645 2393 bonum
658 2336 760 2403 nescis,
775 2337 849 2407 quod
861 2335 933 2393 scire
983 2346 1015 2393 ut
1026 2338 1198 2395 celebrarent
1209 2355 1310 2395 nomen
1323 2357 1416 2405 sunm,
1429 2342 1555 2398 conludii
1566 2344 1603 2398 ibi
1618 2344 1775 2401 ditissimus

140 2430 264 2500 potuisti.
281 2428 386 2484 Stultus
396 2444 437 2496 es,
449 2428 514 2484 dum
530 2427 644 2500 legendo
657 2427 807 2500 propbetas
819 2442 931 2485 sensuum
984 2429 1105 2503 linguam
1117 2446 1225 2497 eorum,
1241 2442 1272 2487 nt
1286 2448 1341 2489 noo
1353 2433 1461 2491 audiret
1474 2436 1665 2508 unusquisqne
1679 2451 1776 2494 uocem

140 2522 337 2594 prophetorum
362 2520 535 2577 contentiose
554 2520 707 2590 persertim
723 2521 862 2591 insipieus,
884 2519 932 2591 qui
986 2524 1105 2597 proximi
1119 2525 1174 2592 sui,
1186 2534 1269 2596 atquo
1281 2526 1318 2580 ita
1331 2525 1422 2581 diuisit
1432 2542 1481 2583 eos
1495 2544 1528 2583 ιι
1543 2528 1591 2583 illo
1601 2530 1662 2584 loco
1674 2529 1701 2584 in
1713 2528 1777 2585 tnd-

141 2634 194 2675 nec
206 2618 302 2674 saltem
321 2619 421 2691 legisti,
441 2618 489 2688 qui
506 2625 537 2673 ut
560 2618 630 2675 bene
653 2634 758 2690 ageres,
782 2618 939 2689 intelligere
984 2623 1188 2672 uersosterras.
1202 2612 1281 2672 Tunc
1295 2616 1391 2687 utique
1405 2617 1496 2671 diuisit
1509 2615 1663 2672 ditissimus
1675 2626 1774 2688 pentes,

141 2710 268 2771 noluisti.
283 2708 377 2783 igitur,
392 2710 488 2782 popule
499 2710 582 2767 stulte
605 2720 631 2766 et
652 2711 791 2780 iusipiens,
815 2711 932 2767 buccine
983 2707 1089 2763 scilicet
1101 2708 1128 2762 iu
1142 2708 1250 2779 linguas
1260 2709 1396 2774 dissonas,
1408 2717 1435 2764 et
1445 2709 1580 2778 separauit
1593 2709 1664 2779 filios
1678 2711 1773 2774 ddum,

141 2800 233 2857 reddis
245 2799 380 2859 domiuo?
391 2801 521 2874 Nsnpuid
531 2817 584 2857 nou
595 2802 650 2873 ipse
659 2812 699 2857 est
710 2801 792 2857 Puter
802 2810 872 2869 tuus,
885 2803 932 2875 qui
983 2798 1010 2853 id
1023 2805 1066 2855 est
1075 2798 1227 2857 imitatores
1238 2800 1372 2872 surperbiae
1381 2800 1466 2855 ddum
1477 2801 1503 2853 iu
1517 2800 1662 2857 universas
1672 2810 1772 2857 terras.

138 2892 257 2962 possedit
268 2901 304 2957 te,
317 2900 342 2946 et
356 2893 428 2963 fecit,
442 2901 467 2948 st
478 2892 577 2947 creauit
589 2890 782 2960 tellinantum
793 2902 846 2969 ιιι,
857 2892 931 2964 qnod
983 2888 1043 2947 Non
1058 2892 1180 2962 perdidit
1192 2908 1251 2960 eos,
1266 2900 1373 2948 tutante
1386 2891 1499 2958 iecerat,
1514 2907 1562 2963 por
1572 2893 1715 2959 diluuium,
1727 2895 1773 2948 sod

140 2981 200 3053 ipse
208 2980 291 3037 Pater
300 2991 363 3036 tunt
373 2990 424 3049 est,
438 2981 670 3053 quemadmodum
682 2982 750 3039 (lixit
761 2983 795 3038 ad
808 2982 967 3060 Pharao-g
983 2984 1122 3040 constituis
1136 2984 1260 3039 teroriuos
1276 2983 1434 3054 populorum
1445 2984 1528 3054 justu
1549 3000 1685 3039 summum
1702 2984 1774 3055 pilis-

139 3087 203 3129 neut
225 3091 233 3129 ι
253 3072 343 3130 Filius
366 3074 555 3146 primopenitat
577 3088 650 3130 mess
671 3071 757 3129 irrasi
768 3076 781 3129 l
794 3073 932 3141 Quantnm
984 3092 1045 3131 mm
1059 3075 1157 3141 isreel,
1170 3076 1248 3132 idest
1262 3076 1359 3133 statuit
1372 3086 1403 3131 ut
1418 3078 1499 3131 drtrct
1513 3092 1600 3147 genum
1611 3077 1773 3141 humanum,

141 3174 194 3228 est,
210 3166 283 3237 quod
296 3165 413 3236 possedit
431 3177 467 3233 ιι,
479 3165 550 3238 guod
563 3166 627 3237 [ecit
639 3175 676 3231 te,
688 3165 762 3237 quod
778 3166 934 3222 creavisse?
985 3165 1074 3223 donec
1095 3166 1242 3237 impleatur
1267 3180 1401 3222 numerus
1423 3165 1587 3232 electorum,
1603 3166 1651 3238 quui
1677 3182 1784 3223 ominus

141 3254 268 3310 Possedit
279 3254 406 3312 uidelicet
423 3264 454 3311 ut
467 3254 611 3325 Dominus,
625 3256 687 3327 [ecit
699 3262 729 3312 ut
740 3256 852 3328 llgulus,
862 3271 934 3310 cres·
983 3257 1137 3313 menodoro
1151 3258 1232 3313 iidem
1245 3265 1311 3313 sunt
1326 3257 1378 3327 filil
1393 3255 1490 3314 lsrael.

140 3346 178 3401 sit
192 3344 317 3402 uilicus.
333 3343 420 3411 Fecit,
441 3346 564 3417 inquiam,
580 3360 805 3418 unumquemque
825 3345 854 3402 iu
876 3360 928 3402 sua
1018 3346 1102 3405 iens
1118 3347 1145 3405 b.
1170 3346 1239 3403 Pars
1252 3357 1340 3402 sutem
1353 3345 1461 3401 domim
1478 3346 1590 3417 popsiss
1608 3347 1678 3416 ejus,
1689 3346 1783 3403 iacob

142 3450 271 3508 persona,
284 3439 382 3492 creauit
395 3437 422 3493 in
441 3453 545 3503 massa,
559 3439 607 3509 qui
622 3446 649 3494 te
661 3438 777 3509 possedit
792 3437 819 3492 in
833 3436 930 3508 gratia.
984 3439 1120 3509 dunimius
1132 3438 1298 3495 hereditatis
1311 3437 1553 3508 ejss‚subauditur
1564 3438 1591 3491 in
1603 3437 1649 3492 illa
1661 3437 1775 3494 diuisio-

140 3526 584 3584 Fueritlroctibieommnnocnm
598 3526 932 3598 mterisgentibusmuod
983 3547 1018 3588 ne
1032 3532 1167 3603 gentium,
1181 3531 1208 3586 iu
1221 3530 1266 3585 illa
1279 3530 1453 3600 separatione
1465 3528 1585 3585 liliorum
1605 3529 1702 3583 Aulam.
1722 3526 1775 3584 tu·

141 3619 216 3691 fecit,
234 3628 261 3675 ct
275 3619 351 3691 ottod
370 3620 468 3675 creauit
481 3635 491 3674 .·
503 3627 532 3675 ιι
554 3618 704 3690 singularis
729 3618 855 3674 beneficii
878 3625 932 3685 ost,
983 3631 1026 3678 ota
1040 3638 1159 3694 namque
1174 3620 1338 3677 confusione
1357 3621 1513 3690 linguarum
1535 3620 1667 3676 rentausit
1682 3621 1772 3692 lingtta

141 3711 213 3781 qrrod
228 3711 357 3783 possedit.
371 3710 509 3780 Quantum
523 3710 557 3766 ad
569 3696 766 3781 'proprietatem
779 3725 879 3766 uocum
889 3711 931 3765 ιιι
985 3712 1123 3784 primitis-a
1138 3711 1166 3765 in
1179 3711 1263 3766 domo
1277 3719 1304 3764 ct
1315 3709 1420 3764 familia
1432 3707 1532 3777 Hebes,
1544 3712 1617 3766 unde
1630 3727 1678 3781 por
1689 3711 1776 3766 Abra·

141 3800 344 3857 distinctionem
367 3816 512 3868 mutuum,
524 3815 631 3872 maguae
651 3808 697 3856 est
714 3801 843 3872 pueritiae
858 3799 933 3872 quod
983 3802 1059 3869 lnam,
1070 3800 1117 3872 otti
1129 3810 1156 3857 ιι
1171 3801 1230 3870 ipso
1243 3800 1278 3855 ab
1296 3799 1343 3855 illo
1359 3798 1489 3856 liebrteus
1511 3799 1602 3856 dictus
1619 3810 1672 3867 est,
1687 3800 1774 3857 exirit

141 3893 269 3965 possedit,
287 3893 401 3963 majoris
413 3895 487 3966 quod
499 3894 573 3965 feeit,
585 3892 713 3948 maximae
729 3893 803 3963 quod
821 3893 929 3958 creauit,
982 3895 1028 3951 bic
1049 3895 1167 3967 populus
1187 3891 1318 3949 liebrueus
1333 3909 1396 3964 pore
1415 3892 1524 3948 oemio
1540 3891 1632 3957 solum
1658 3892 1714 3957 bio,
1730 3892 1773 3948 ia·

141 3993 256 4056 atquee
276 3999 411 4042 converso
426 4000 534 4057 magnae
552 3983 605 4040 luit
621 3983 717 4057 gratiae
731 3983 805 4052 uuod
821 3983 930 4050 cressit,
982 4001 1076 4058 qnam,
1097 3987 1210 4057 popolus
1224 3986 1306 4042 isset
1324 3986 1401 4044 solus
1419 3986 1585 4043 tarentinus
1603 3985 1712 4041 bomini
1728 3986 1743 4056 ι
1759 4012 1775 4029 -

141 4074 257 4145 majoris
271 4075 343 4146 quod
356 4076 430 4156 serit,
446 4076 573 4133 maximae
582 4075 656 4148 qnod
666 4074 792 4146 possedit.
810 4072 934 4130 lineolae
982 4075 1098 4142 siculus,
1124 4075 1151 4130 in
1168 4090 1225 4147 quo
1238 4075 1299 4132 solo
1321 4084 1403 4132 notus
1417 4074 1498 4141 lictu,
1517 4075 1615 4146 inuno
1640 4076 1700 4131 solo
1714 4090 1775 4132 ma-

142 4168 226 4238 igitur
240 4184 290 4239 pro
305 4175 346 4224 lot
360 4168 500 4225 lenodciis
523 4169 613 4224 reddis
633 4167 749 4223 Domino
770 4165 845 4223 Patri
872 4175 931 4234 tuo,
983 4182 1066 4239 gruum
1078 4180 1178 4223 nomen
1193 4165 1264 4236 elus.
1276 4163 1356 4221 Unde
1368 4181 1418 4237 per
1432 4164 1543 4222 Balaam
1560 4166 1679 4221 dicitur:
1694 4183 1704 4218 s
1720 4163 1777 4221 Po·

140 4260 285 4332 possessori
300 4271 358 4337 tuo,
372 4260 469 4331 sectori
484 4271 542 4327 tuo,
558 4260 673 4329 creatori
688 4259 756 4314 tuol
983 4259 1065 4331 polus
1078 4257 1156 4315 solus
1173 4256 1318 4325 habitabit,
1339 4265 1367 4314 et
1388 4256 1461 4314 iuter
1473 4266 1567 4328 gentes
1584 4271 1639 4312 uon
1663 4264 1775 4327 reputa·

177 4347 260 4406 Vsus.
277 4348 304 4405 7.
325 4348 456 4405 Memento
466 4350 569 4405 dierum
584 4352 767 4422 antiquorum,
785 4350 873 4421 sopito
886 4365 933 4421 pe-
948 4339 971 4395 ῐι
984 4351 1057 4407 bitur
1072 4346 1168 4420 (Num.
1184 4362 1265 4412 ratu,
1283 4346 1322 4420 9).
1338 4367 1348 4401 s
1365 4345 1435 4402 Part
1445 4355 1535 4402 ostem
1548 4346 1667 4413 bomini,
1679 4347 1721 4402 ιιι
1732 4347 1778 4417 ss-

141 4442 292 4497 ssrutiones
304 4441 435 4512 siupuius.
449 4439 590 4508 Videlicet,
605 4449 636 4497 ut
646 4440 810 4512 scias,quod
825 4440 849 4496 is
861 4439 930 4510 ipse,
983 4440 1089 4497 siculus
1111 4438 1277 4496 hereditatis
1296 4438 1367 4510 ejus,
1380 4453 1436 4495 nou
1457 4437 1531 4508 qnod
1547 4436 1598 4493 soli
1616 4437 1658 4492 ιιι
1676 4451 1777 4494 mnes

140 4547 223 4603 ortem
240 4532 387 4599 tradidisti,
405 4548 488 4604 ouem
513 4532 619 4605 negasti
638 4545 702 4588 unte
725 4532 822 4590 faciem
837 4531 930 4595 Pilati,
982 4534 1016 4590 ad
1037 4532 1184 4589 Dominum
1205 4531 1371 4603 pertineant,
1390 4528 1437 4601 qui
1459 4538 1526 4585 suot
1544 4528 1580 4584 de
1594 4525 1773 4598 osroeolus3

140 4618 222 4676 Patet
235 4631 299 4677 tusus
313 4631 365 4687 est,
380 4621 428 4693 qni
446 4622 575 4693 possedit,
596 4629 624 4676 et
638 4621 712 4692 fecit,
727 4630 754 4678 et
776 4623 875 4677 creauit
894 4631 929 4688 te,
982 4627 1030 4683 sed
1047 4626 1120 4697 quod
1141 4624 1193 4683 soli
1209 4624 1253 4680 uel
1269 4637 1366 4679 omues
1385 4619 1495 4677 Domini
1516 4619 1582 4686 sint,
1595 4618 1643 4690 uui
1658 4627 1722 4674 snm
1738 4618 1776 4674 do

142 4723 183 4780 ut,
205 4711 329 4783 inquiam,
350 4712 416 4767 illud
437 4712 520 4779 scias,
540 4720 670 4767 memento
687 4710 790 4767 durum
805 4712 931 4784 uotique·
982 4716 1117 4786 udeejus.
1137 4714 1198 4771 lloc
1211 4713 1294 4770 modo
1308 4709 1442 4783 possedit,
1461 4717 1490 4766 et
1507 4708 1548 4766 sio
1571 4707 1712 4780 possidete
1727 4707 1775 4763 iu-

142 4823 212 4871 sutu,
229 4805 317 4878 cogito
341 4804 524 4875 goserotioues
547 4800 767 4875 stuprosum
790 4801 817 4858 in
837 4802 930 4861 diebus
982 4809 1099 4879 eupit..

141 4896 362 4971 sntmuisomnia
375 4895 523 4967 peripsum
537 4892 698 4961 laotosunt,
717 4900 746 4949 et
759 4907 807 4964 per
822 4910 931 4966 uenero·
1017 4901 1102 4957 Vens.
1122 4898 1166 4954 to.
1185 4897 1287 4953 inuenit
1312 4913 1372 4951 esst
1393 4897 1420 4951 iu
1443 4904 1514 4952 terro
1534 4896 1650 4962 deserta,
1664 4896 1693 4950 is
1715 4894 1774 4949 loco

142 4994 227 5049 tiones
241 4992 364 5063 singulus
377 4990 508 5064 mysteria
521 4990 582 5063 ejus
596 4989 679 5047 dictis
690 4999 719 5046 et
737 4988 817 5047 lactis
836 4991 930 5063 praesi-
982 4993 1100 5049 horroris
1116 5002 1142 5047 ιι
1156 5001 1237 5047 oustae
1258 4989 1422 5045 solitudinis.
1448 4989 1553 5046 luserit
1573 5004 1634 5043 esus
1657 4988 1686 5041 is
1701 4997 1773 5041 terra

141 5092 223 5157 guala
240 5092 315 5142 suut.
332 5082 386 5140 Sed
400 5082 472 5140 lorte
484 5081 616 5139 memoria
633 5082 737 5138 dierum
749 5083 929 5155 antiquorum,
981 5086 1095 5151 deserto,
1111 5082 1193 5139 idest
1213 5081 1368 5138 innotuitei
1384 5082 1413 5137 iu
1428 5082 1538 5139 deserto
1556 5079 1638 5135 ansuis
1653 5078 1774 5148 quadru-

143 5186 171 5233 et
187 5176 317 5249 cogitatio
335 5176 537 5249 persecutionum
561 5173 728 5247 singulorum
742 5173 860 5231 necdum
880 5174 930 5231 tibi
981 5176 1070 5250 ginta;
1087 5174 1143 5230 imo
1165 5173 1284 5245 priunum
1300 5173 1419 5228 inuoluit
1433 5171 1458 5227 ei
1482 5170 1510 5224 iu
1529 5168 1587 5223 iuro
1601 5167 1732 5231 dorroris,
1744 5164 1772 5221 id

143 5263 326 5323 studuerunt.
353 5265 425 5334 Quid
448 5262 531 5337 igitur
554 5262 645 5321 lacis?
667 5261 809 5335 interrogo
827 5272 930 5336 putrent
981 5278 1021 5327 ιιι
1035 5266 1213 5324 inhorrentia
1228 5264 1360 5321 seruitute
1376 5262 1486 5334 AEgypti
1498 5258 1677 5332 percutiendo
1685 5255 1773 5329 AEgy·

143 5364 219 5411 tssm
231 5365 257 5411 et
271 5355 442 5415 ouumtiubit
456 5354 516 5423 tibi,
532 5353 646 5424 maiores
661 5363 721 5409 tuos
735 5362 761 5408 et
772 5353 858 5410 disent
870 5353 930 5409 tibi.
982 5359 1054 5432 ptius
1071 5358 1165 5415 decem
1181 5354 1279 5426 plagis,
1295 5368 1328 5409 ac
1340 5352 1439 5408 deiude
1456 5350 1483 5406 in
1498 5350 1655 5405 loconesse
1675 5345 1772 5402 solitu-

141 5445 226 5506 Puter
239 5457 300 5506 tuus
314 5446 388 5506 Deus
404 5447 462 5518 ipse
474 5445 650 5517 sonoriores
661 5446 702 5500 tui
717 5445 760 5501 les
775 5445 929 5516 etpropbc·
982 5451 1054 5505 disis
1068 5463 1169 5505 monna
1180 5444 1299 5518 pluendo
1317 5453 1345 5500 et
1358 5457 1458 5514 arguam
1472 5442 1506 5497 de
1523 5450 1601 5512 petra
1617 5438 1772 5511 producen-

142 5547 263 5599 meunt.
281 5540 422 5612 interrogo
437 5554 505 5610 ergo
522 5536 630 5595 Putrem
643 5549 720 5593 tuom
740 5537 854 5610 orando,
871 5554 929 5592 nm·
982 5541 1071 5606 do‚.ut
1082 5539 1138 5610 jum
1154 5535 1258 5594 dictum
1273 5543 1327 5602 est,
1340 5530 1521 5605 quadraginta
1543 5530 1633 5586 artois.
1650 5526 1769 5583 Coretus·

70 5691 73 5696 ,
139 5628 212 5699 joret
237 5642 295 5688 tuos
319 5630 444 5702 legendo.
475 5628 595 5698 Putrem,
610 5628 733 5702 inquunt,
752 5637 828 5689 tuum
845 5626 929 5686 licum
984 5632 1062 5709 duait
1085 5648 1156 5698 euos,
1175 5639 1200 5685 et
1221 5628 1311 5684 docuit
1333 5636 1359 5682 rt
1381 5625 1524 5681 custodiuit
1546 5623 1624 5695 gulosi
1642 5618 1771 5693 pupilium
