3892 6067
12 272 13 285 '
147 301 217 357 star
556 298 650 356 vrrn
672 299 869 356 canescant
890 300 934 355 er
955 298 1154 359 tvrnurosvs
1174 300 1350 356 sonarent.
1707 300 1777 357 arsa

146 420 297 486 incaeptum
313 416 430 488 peragit,
450 417 602 472 orationem
617 432 680 473 cam
700 417 936 483 oblationeoilert,
952 418 1165 484 brenerantur,
1192 418 1353 490 peragratis,
1381 417 1496 472 deducta
1523 417 1597 472 venit
1624 416 1776 475 Patavlam.

144 509 185 567 sic
200 506 354 563 laetabunda
370 508 503 564 abscedit.
987 507 1053 563 Erat
1064 508 1251 574 euimtribus,
1268 517 1299 564 ut
1314 518 1408 579 postca
1421 508 1521 579 patuit,
1535 510 1664 579 nequitiae
1684 511 1779 581 exagi-

180 596 279 653 llauus
294 598 419 654 mulieris
437 598 582 668 cujusdam
597 600 632 654 ita
652 600 727 655 arida
742 609 812 667 erat,
827 610 858 655 ut
873 598 936 657 oid·
988 607 1043 654 tata
1059 599 1212 669 spiritibus.
1235 598 1408 654 Postremum
1421 613 1486 652 vero
1496 601 1647 655 secuudum
1660 599 1780 671 disposi-

144 691 218 746 ciaro
242 704 324 746 suurn
350 689 388 745 illi
414 701 541 760 negarem
570 692 707 762 pendebat
729 694 802 748 euim
829 693 877 756 ita,
907 703 937 746 ut
988 689 1089 744 tionem
1105 688 1150 744 liei
1166 689 1510 744 maitacomitunteturba
1526 688 1780 745 Formbacbdedu-

144 782 296 838 abscissam
311 791 432 854 putares.
458 780 609 838 ilortantur
625 798 685 837 eam
706 785 798 847 amici,
821 794 850 839 ut
872 798 936 840 sau·
988 780 1069 845 citur,
1084 787 1112 834 ct
1135 779 1200 850 quia
1222 780 1275 833 noi
1290 779 1462 847 imminebat,
1477 780 1599 850 lmspitlo
1620 780 1778 849 deputatur,

144 881 254 928 ctorurn
271 887 321 942 pro
333 871 504 928 restitutione
520 889 618 929 marrus
634 882 735 942 peteret
755 875 896 946 suffragia,
913 875 936 930 si
987 872 1109 943 pervigili
1120 871 1244 927 custodia
1257 872 1382 938 vallatur,
1394 873 1562 927 humanitate
1576 873 1780 943 quarvtulacuu·

145 964 216 1021 iente
228 966 304 1021 salus
317 964 353 1018 ilii
369 964 558 1020 redonaretur.
578 964 667 1019 Atilia
684 966 757 1020 velut
767 967 824 1037 jaru
840 967 937 1037 despe-
989 980 1043 1035 qrrc
1053 961 1232 1019 refocillatur.
1246 959 1313 1017 Orto
1328 964 1372 1018 dic
1384 965 1506 1019 decanus
1519 963 1680 1019 ntooasterii
1698 978 1780 1033 roga·

145 1067 204 1116 raia
220 1057 337 1130 neglexit
350 1056 475 1121 consilia,
489 1057 608 1127 neglexit
621 1069 780 1115 sauctorum
798 1061 937 1130 postulare
989 1064 1034 1111 tus
1049 1054 1126 1121 exiit,
1147 1054 1181 1109 ad
1195 1053 1340 1109 ecclesiam
1365 1053 1462 1108 deduci
1476 1053 1565 1123 jubet,
1589 1063 1617 1108 et
1639 1052 1685 1107 illa
1700 1052 1780 1123 longo

146 1148 286 1220 suffragia.
302 1146 457 1218 Coeperunt
469 1162 535 1218 ergo
550 1163 611 1203 eam
631 1149 728 1218 amici,
745 1161 773 1206 et
791 1150 846 1206 iere
857 1151 937 1222 qrrusi
988 1146 1167 1216 precedente,
1193 1144 1295 1215 illoque
1317 1144 1511 1215 subsequente,
1526 1145 1598 1199 lente
1617 1159 1730 1200 manum
1748 1145 1777 1199 iu

147 1242 296 1306 nolentem,
317 1238 382 1294 etin
401 1238 554 1297 Forrnbacb
577 1256 665 1311 usque
685 1243 833 1312 procedere
855 1243 937 1300 simul
990 1237 1178 1300 turbaelevan
1193 1244 1220 1291 et
1233 1237 1327 1291 11050ῑο
1340 1234 1406 1306 quid
1428 1235 1493 1291 bodi
1516 1236 1587 1291 inira
1603 1235 1779 1304 semetipsam

146 1344 206 1388 cam
220 1331 383 1388 comitantes
402 1329 535 1397 lecerunt,
554 1345 666 1386 marram
681 1333 787 1388 tumulo
802 1333 873 1389 beati
885 1334 937 1390 viri
989 1345 1168 1385 murmurans
1186 1330 1295 1399 signum
1312 1327 1403 1384 crucis
1417 1337 1480 1398 post
1492 1342 1554 1383 eam
1567 1327 1665 1383 elevat.
1683 1328 1719 1381 lit
1734 1325 1781 1381 ilia

146 1423 341 1489 adhibuerant,
356 1437 452 1492 preces
465 1438 527 1478 cum
539 1433 618 1488 ea,et
631 1439 681 1493 pro
697 1439 729 1479 ea
744 1423 777 1480 ad
791 1423 876 1481 bearn
892 1427 938 1482 iu·
989 1437 1122 1477 conversa
1138 1431 1289 1476 retrorsum
1304 1419 1405 1487 fremit,
1420 1421 1509 1483 ardet,
1520 1421 1639 1487 minitat,
1652 1429 1680 1474 et
1695 1434 1729 1475 ne
1740 1419 1782 1473 ul·

147 1518 256 1581 derunt,
282 1516 345 1571 iude
367 1515 401 1570 ad
424 1530 473 1571 sua
498 1515 648 1572 redierunt.
670 1516 699 1570 ln
724 1517 822 1574 itinere
846 1529 936 1575 namur
990 1512 1075 1568 terius
1096 1511 1154 1578 lat,
1170 1511 1296 1580 imperat.
1313 1508 1461 1565 Deducitnr
1477 1508 1560 1579 igitur
1580 1509 1608 1564 iu
1624 1509 1779 1576 ecclesiam,

147 1608 227 1680 quasi
238 1608 368 1663 ioruricas
382 1607 523 1662 braebium
536 1607 688 1665 ambientes
701 1625 731 1666 se
742 1610 844 1666 sentire
855 1612 938 1682 proil-
990 1602 1096 1659 tumulo
1109 1602 1295 1673 ²lii¹¹50⁸i¹¹iti
1311 1600 1486 1656 muliliudlie
1498 1601 1626 1666 liuilni,
1636 1599 1779 1667 orationis,

146 1710 230 1767 urar,
241 1708 269 1755 et
282 1709 384 1770 quanto
395 1699 509 1767 diutins,
524 1701 729 1772 tarrtoaruptius
744 1700 936 1760 irarestarioilta
990 1693 1184 1766 postulationis
1199 1693 1308 1749 devotio
1322 1709 1373 1764 oro
1385 1709 1416 1748 ea
1431 1691 1619 1748 adbontnnm
1637 1691 1779 1748 tunditur:

145 1794 241 1858 crevit,
257 1794 343 1849 donec
355 1792 433 1848 dolor
445 1807 520 1848 more
531 1791 708 1849 formicarum
723 1795 935 1853 discurrentium
989 1788 1091 1844 interea
1114 1786 1226 1857 Suillius
1256 1785 1540 1857 nequam'ffluilerem
1571 1784 1702 1851 imbelli,
1726 1784 1782 1839 ml·

147 1886 230 1956 erepit
246 1885 386 1955 abrepere.
400 1883 471 1951 Quid
487 1884 745 1956 piuraianteqnarn
758 1894 829 1942 tecta
850 1888 937 1944 intra·
988 1881 1143 1938 serabiliter
1162 1882 1288 1946 arctavit,
1308 1881 1455 1937 crudeliter
1469 1879 1612 1947 cruciavit,
1634 1879 1709 1935 omni
1731 1894 1782 1950 po-

146 1984 198 2040 ret,
215 1976 253 2031 ita
272 1974 388 2045 pleniter
407 1989 507 2030 manus
523 1974 569 2029 illa
586 1975 698 2030 sanitati
719 1977 885 2043 restituitur,
908 1987 938 2033 ut
987 1968 1053 2046 palo
1077 1974 1178 2029 iratres
1192 1972 1368 2044 implorante,
1394 1979 1425 2026 ut
1446 1986 1496 2042 pro
1518 1986 1549 2026 ea
1569 1986 1665 2042 preces
1685 1970 1783 2025 lande-

146 2066 213 2122 nulii
227 2067 255 2122 in
269 2081 435 2137 unocunque
448 2066 543 2122 labore
554 2064 678 2123 iemiueae
690 2069 881 2139 possibilitatis
892 2085 937 2128 sc·
989 2074 1061 2132 rent,
1087 2064 1110 2120 si
1138 2063 1211 2120 iorte
1238 2063 1311 2120 oeus
1335 2062 1554 2120 misericordiam
1579 2060 1782 2131 postulantibus

146 2157 235 2213 curvda
253 2157 431 2224 inveniretur,
445 2173 508 2213 curn
522 2155 633 2228 quidem
647 2159 725 2229 prius
737 2175 797 2216 earn
811 2176 863 2217 nee
875 2176 938 2217 mo·
988 2152 1156 2210 ostenderet·

144 2248 366 2319 rerequivisset.
1024 2244 1104 2302 Pater
1130 2245 1214 2317 igitur
1237 2245 1398 2302 monasterii
1420 2243 1609 2303 misericordia
1633 2252 1725 2301 motus
1748 2258 1782 2301 ex

182 2337 211 2392 ln
225 2339 315 2394 vicina
328 2342 504 2411 possessione
523 2342 684 2400 monasterii
706 2343 861 2398 eratlromo
882 2343 937 2400 lra-
990 2334 1089 2391 infimo
1115 2335 1198 2391 effide
1226 2335 1332 2393 affllciae
1366 2334 1517 2402 ⁰⁰¹ld⁰¹⁰li2
1543 2334 1781 2406 congregationem

146 2430 235 2485 tribus
259 2430 417 2488 deserviens
438 2433 550 2490 biennio
569 2449 669 2490 cacus
693 2432 863 2490 Permauens
892 2434 938 2491 bic
996 2426 1158 2482 wladissai:
1187 2425 1255 2493 «Si,
1271 2426 1383 2496 fidilis·
1406 2427 1545 2497 iuquiens,
1564 2426 1633 2481 benc
1647 2425 1725 2497 ii1¹¹⁰
1736 2440 1784 2481 ²⁰·

147 2523 322 2593 integerrima
336 2522 389 2580 ude
403 2526 539 2581 tonorum
555 2527 644 2583 sancti
661 2527 792 2596 anteon,
805 2529 938 2585 orartonr·
988 2517 1140 2587 velociter
1157 2516 1180 2573 si
1196 2516 1276 2583 nate,
1291 2532 1335 2572 ne
1348 2518 1487 2589 carcinite·
1504 2514 1642 2571 domnus
1654 2528 1717 2581 nos,
1728 2514 1784 2571 sic·

146 2611 198 2668 bus
216 2613 415 2685 tiliduaitiisper
426 2616 543 2671 lacatii.
561 2615 595 2670 Et
613 2618 678 2673 dnm
698 2619 810 2673 domurn
828 2620 936 2690 repetit,
988 2616 1019 2660 ut
1038 2615 1065 2660 et
1079 2606 1201 2676 plerique
1215 2606 1262 2661 alii
1290 2614 1448 2661 sartctoraru
1464 2605 1625 2677 patrocinia,
1644 2604 1782 2671 levemus,

145 2704 253 2760 ducturi
270 2721 382 2761 manum
397 2706 488 2777 eripit,
502 2708 561 2777 ipse
579 2724 627 2777 per
638 2724 667 2765 sc
682 2719 758 2765 recto
773 2711 882 2767 tramite
895 2712 937 2766 in·
989 2696 1045 2750 ⁰⁰⁰
1057 2696 1199 2768 la'illimis
1212 2712 1339 2768 ⁰0ill⁰i³2
1352 2712 1414 2769 (Ιιιῧέ
1430 2697 1524 2764 illim»
1538 2696 1604 2751 (¹⁰¹⁰
1617 2695 1645 2750 5¹¹
1659 2696 1710 2750 ¹¹²0
1726 2696 1781 2751 illi

146 2796 218 2851 cedit
234 2815 240 2850 :
255 2795 341 2860 vado,
359 2797 497 2867 inpatiens,
519 2798 553 2852 ad
566 2799 720 2866 ductorem,
736 2815 785 2869 per
802 2810 828 2856 ιθ
844 2800 938 2855 pontt.
991 2785 1184 2853 versabantur,
1202 2784 1337 2843 Dominus
1352 2786 1493 2844 miraculis
1512 2785 1684 2857 glorificavit,
1698 2793 1737 2868 pt,
1753 2796 1784 2841 ut

146 2902 200 2943 nus
216 2886 280 2942 lecit
299 2887 365 2941 milri
383 2904 492 2958 nragna,
508 2888 573 2959 qrria
590 2898 751 2960 potensest,
771 2900 798 2945 et
810 2900 936 2948 sanctum
990 2877 1057 2931 milri
1070 2877 1188 2943 videtur,
1205 2878 1299 2934 ¹¹⁰⁸⁰i⁰
1314 2894 1349 2934 ³¹¹
1366 2886 1440 2933 iiiii
1456 2892 1618 2947 lii⁰³⁰ili¹i¹i2
1640 2876 1664 2932 δῖ
1686 2892 1784 2947 pecca·

146 2992 246 3030 troarnen
269 2977 344 3045 ejus;
367 2994 430 3032 nam
449 2979 555 3035 meritis
578 2979 650 3035 beati
673 2979 828 3040 Wirutouis
856 2998 937 3040 tremo
989 2969 1431 3025 ¹⁰i¹¹¹¹¹¹i⁰⁵¹i⁰ii¹¹¹¹¹¹ib⁰¹ae¹¹0¹i
1446 2967 1781 3035 ⁰¹i⁵¹²ii¹¹¹b0¹i³¹i¹¹i¹¹¹¹⁰2

145 3067 249 3123 elarius
265 3084 348 3139 quana
366 3084 416 3140 ego
429 3069 521 3124 ridere
536 3071 645 3140 potente,
953 3060 1104 3146 cquando
1117 3076 1179 3115 curn
1201 3059 1318 3115 Domino
1341 3070 1466 3132 regnant,
1488 3059 1630 3116 miraculis
1653 3074 1783 3115 corusca-

180 3159 345 3214 risseverant
358 3167 440 3215 testes
451 3159 542 3216 idonei
557 3161 668 3233 paridam
680 3163 764 3218 etiarn
779 3165 880 3222 canitie
890 3182 937 3222 ve·
991 3161 1060 3208 ieni-
1085 3152 1114 3208 Sl
1128 3167 1193 3224 eiii⁰
1207 3161 1312 3208 ieelim
1326 3161 1371 3209 ⁹⁵¹
1388 3154 1415 3207 5¹¹
1437 3152 1526 3208 ⁰⁰⁰¹ss
1543 3152 1646 3208 ¹¹⁰⁵iil⁵
1659 3167 1709 3223 l)ro
1724 3152 1783 3223 8¹⁰·

145 3250 295 3315 amabiles,
308 3265 427 3321 qrrorurn
438 3250 505 3307 lidos
525 3267 586 3314 non¹
598 3254 797 3310 contemnenda
813 3257 881 3311 mibi
897 3257 937 3312 vi-
989 3244 1142 3300 ilflffliifflli
1153 3251 1323 3311 wiliulfum»
1333 3259 1382 3315 pro
1394 3245 1581 3315 lediffliliffllfl
1592 3252 1781 3314 mimium,

145 3340 235 3406 detur,
252 3340 396 3397 vidissetve
410 3358 464 3398 una
484 3342 528 3398 die
544 3351 599 3398 tres
622 3359 756 3414 personas
770 3346 868 3418 spirita
888 3362 937 3403 ne·
988 3344 1015 3392 ii
1038 3337 1159 3392 manime
1179 3352 1230 3406 pro
1249 3336 1348 3405 Silili»
1369 3352 1431 3406 ‘lllae
1454 3336 1692 3406 inliaesessiiiiussl
1717 3343 1783 3392 ⁵⁰⁰¹

146 3430 240 3502 quitiae
257 3440 397 3502 purgatas,
416 3433 486 3489 duas
506 3433 539 3488 ad
552 3445 760 3491 monumentum
779 3437 851 3492 beati
873 3438 935 3505 riri,
974 3448 1179 3505 personarunt,
1199 3432 1357 3490 triduanum
1372 3434 1507 3491 ducamus
1523 3434 1670 3505 ieiunium,
1687 3444 1717 3489 ut
1730 3434 1783 3489 mi·

147 3537 264 3593 quarum
282 3539 337 3578 una
354 3532 395 3578 tot
415 3524 568 3594 spiritibus,
586 3536 652 3596 quot
671 3526 755 3581 ilario
767 3526 936 3599 lingoniam,
989 3522 1169 3578 sericordiam
1193 3537 1406 3593 consequamur,
1429 3534 1456 3579 et
1476 3524 1592 3595 gratiam
1607 3524 1782 3581 inveniamus

146 3613 276 3669 mundata
291 3623 350 3679 est3
366 3613 446 3669 tertia
457 3615 484 3668 in
496 3614 612 3670 ecclesia
623 3616 694 3670 beati
706 3615 815 3671 iiartini
828 3625 934 3671 sanata.
989 3615 1017 3669 in
1033 3625 1155 3684 tempore
1167 3624 1332 3686 opportuno.
1346 3634 1355 3667 r
1374 3614 1452 3683 Quod
1462 3614 1564 3671 rlictnm
1580 3616 1681 3687 placuit
1692 3616 1782 3672 omui·

145 3702 186 3759 lili
202 3704 282 3759 iidem
297 3704 379 3759 etiam
395 3720 457 3760 curn
467 3704 636 3773 juramento,
649 3703 896 3776 icrequadraginta
910 3714 937 3761 et
988 3702 1050 3757 bus.
1070 3700 1263 3758 Libentissime
1277 3720 1308 3759 se
1325 3719 1447 3759 annuere
1459 3705 1606 3775 spondent,
1625 3704 1711 3763 Deum
1730 3722 1781 3777 pre

145 3808 179 3848 eo
192 3793 270 3863 plura
285 3792 481 3850 miraculorum
502 3793 632 3849 beoellcia
648 3794 715 3848 inibi
730 3794 788 3849 suis
804 3795 936 3865 tempori*
987 3792 1076 3847 saltate
1086 3792 1229 3847 bominum
1244 3794 1378 3849 orandum
1394 3794 1515 3850 dieentes
1529 3797 1681 3852 secuudum
1694 3798 1779 3853 illud:

146 3884 198 3940 bus
219 3885 355 3954 compieta
379 3884 591 3950 affirmaverunt,
608 3885 654 3940 sed
676 3886 850 3941 successione
867 3895 937 3941 tern-
987 3883 1063 3937 diter
1077 3882 1190 3939 ulterior
1207 3900 1287 3939 onero
1297 3894 1411 3954 portate,
1423 3893 1448 3939 et
1459 3886 1497 3939 sic
1509 3887 1687 3959 adimpiebitis
1697 3890 1779 3960 iepeor

146 3989 259 4046 porum,
287 3984 314 4031 et
341 3976 460 4030 maxime
487 3975 649 4047 negligentia
677 3977 832 4042 homiuum,
858 3979 934 4047 qrria,
988 3976 1089 4033 Cirristi
1105 3976 1178 4046 (Gal.
1191 3995 1230 4044 rr,
1246 3978 1285 4049 2).
1299 3977 1332 4033 Et
1345 3979 1444 4033 iterum
1464 3997 1471 4034 :
1488 3978 1573 4035 Petite
1594 3990 1619 4035 et
1632 3984 1777 4052 accipietis,

145 4068 272 4137 quamvis
297 4084 406 4138 magno,
429 4078 519 4123 tannen
535 4083 599 4123 raro
623 4078 782 4135 euenerunt,
804 4068 934 4126 oblivioni
991 4067 1082 4141 (loon.
1097 4069 1211 4138 avaei)
1228 4071 1320 4127 omnis
1341 4071 1387 4139 uui
1408 4071 1474 4141 petit
1495 4071 1618 4143 accipiet.
1639 4072 1690 4139 Qui
1709 4073 1777 4128 nibil

145 4159 245 4214 tradita
258 4159 396 4215 dixerunt.
413 4158 477 4227 Sed,
491 4162 555 4232 qnia
570 4161 681 4216 lucerua
691 4176 744 4215 non
760 4169 802 4215 est
813 4162 864 4217 sub
877 4177 936 4218 mo·
986 4160 1063 4231 petit,
1079 4162 1173 4216 nescio
1188 4161 1252 4230 nutu
1282 4162 1408 4233 accipiat,
1428 4178 1479 4218 nec
1499 4163 1700 4219 dormientibus
1714 4179 1778 4234 pro-

144 4249 191 4306 dio
205 4249 444 4316 recondenda,sed
455 4252 630 4319 candelabro,
648 4261 677 4307 nt
689 4252 828 4319 omnibus,
846 4254 934 4323 quiin
986 4251 1060 4308 venit
1078 4267 1189 4322 emnem
1213 4250 1271 4308 Dei.
1295 4250 1360 4321 Sed,
1377 4253 1453 4324 quia,
1474 4254 1545 4311 sieut
1569 4255 1678 4325 atridam
1697 4256 1776 4320 dixit,

144 4341 228 4396 dente
241 4349 315 4408 sunt,
331 4342 431 4408 luoreat,
445 4342 627 4414 imponenda;
642 4360 684 4411 ca,
697 4359 759 4413 ouae
778 4360 871 4401 corant
886 4360 936 4416 po-
986 4343 1055 4399 nibil
1066 4343 1141 4399 omni
1160 4353 1238 4414 parte
1251 4344 1373 4411 boatum,
1387 4346 1518 4402 unitatem
1534 4349 1724 4404 conventionis
1745 4348 1778 4403 il-

145 4432 198 4488 sita
212 4431 299 4487 oculis
312 4433 415 4488 nostris
429 4433 561 4500 vidimus,
581 4432 635 4502 bis,
654 4436 755 4505 quibus
776 4436 932 4492 misericor·
948 4445 970 4499 [ι
985 4434 1104 4492 iiusduo
1125 4436 1288 4492 eirutrlbus
1315 4436 1441 4493 scindere
1465 4438 1620 4506 voluerunt,
1643 4441 1775 4507 dicentes,

144 4523 189 4579 dia
206 4522 375 4591 obviavit,et
390 4525 538 4580 multarum
557 4526 698 4596 regionum
714 4527 839 4596 plebibus
861 4528 935 4584 testi·
987 4525 1060 4595 quod
1080 4523 1198 4582 Domino
1224 4525 1383 4596 placuisset,
1410 4526 1514 4583 iactum
1538 4544 1615 4596 esse;
1639 4546 1701 4585 cuvrr
1724 4531 1776 4586 sibi

144 4613 207 4681 bus,
224 4613 338 4672 utlieus
361 4616 389 4671 in
413 4616 517 4672 sanctis
540 4617 602 4687 ejus
624 4618 760 4686 laudetur,
782 4622 936 4692 posteritati
987 4618 1101 4689 placeat,
1127 4618 1206 4673 aliter
1231 4619 1290 4674 ileri
1317 4633 1414 4690 posse;
1430 4634 1482 4674 nec
1507 4620 1775 4691 ideojr·jrruarrdum,

144 4704 282 4761 elucidare
297 4707 465 4762 curarimus.
986 4710 1061 4779 quia,
1074 4710 1145 4780 ottod
1161 4710 1256 4766 statuit
1271 4710 1305 4767 de
1323 4726 1362 4777 re,
1377 4713 1437 4767 sine
1453 4721 1478 4768 te
1493 4712 1626 4769 deliberat
1638 4714 1707 4784 ipse.
1721 4714 1777 4769 lio·

451 4818 568 4875 CApUT
588 4822 622 4877 x.
798 4842 802 4846 s
987 4801 1078 4855 minus
1089 4802 1173 4857 abbas
1187 4801 1282 4856 ridens
1295 4800 1505 4859 eosobstinatos
1520 4803 1547 4859 in
1561 4819 1612 4859 sao
1623 4805 1774 4875 proposito,

145 4906 269 4975 Batnon,
286 4912 388 4965 cacteris
410 4911 581 4981 pertinacior,
599 4912 702 4965 meritis
717 4913 803 4965 suncti
815 4911 934 4967 ii'r'ruto-
986 4892 1090 4947 ‘limbi‘
1104 4893 1167 4950 “¹⁰³
1178 4893 1294 4948 “ibium
1309 4907 1371 4956 ⁸¹¹⁰·
1385 4909 1512 4950 innuens
1525 4895 1580 4952 mii
1596 4910 1686 4966 idelis
1701 4896 1775 4966 qnod

252 4982 294 5034 nis
308 4997 341 5035 es
357 4997 539 5052 cnerqamenoe
553 4997 661 5050 corpore
677 4982 827 5051 propulsus.
986 4983 1080 5049 velint,
1104 4998 1139 5039 ne
1161 4984 1231 5040 alios
1254 4985 1461 5054 scandalizent3
1486 4988 1552 5058 quia
1576 4987 1776 5042 immedicabile

179 5069 315 5141 Tempore
330 5071 433 5127 domini
450 5069 560 5127 llernici
574 5071 691 5134 abbatis,
708 5072 755 5142 oui
766 5081 862 5128 sentus
874 5083 935 5144 post
986 5072 1086 5127 vulnus
1097 5089 1164 5129 ense
1176 5082 1220 5129 est
1234 5074 1411 5141 demendum,
1425 5092 1460 5131 ne
1475 5092 1538 5147 pars
1558 5077 1663 5133 sincera
1680 5077 1774 5131 traba-

144 5161 255 5217 beatum
268 5160 437 5232 Perngerum
452 5164 572 5234 primunt
585 5162 797 5219 Formbaeensis
810 5165 862 5220 loci
874 5180 936 5235 pro·
987 5173 1040 5219 tur.
1054 5162 1138 5234 igitur
1150 5165 1287 5221 institutio
1298 5168 1426 5238 superius
1435 5168 1506 5225 dieto
1520 5184 1535 5222 a
1555 5168 1668 5238 reliquis
1678 5168 1775 5223 devote

143 5242 272 5318 visorem,
285 5253 374 5310 eidem
399 5255 460 5310 ioco
477 5254 595 5325 praeiuit,
618 5254 764 5325 locumque
783 5264 811 5310 et
827 5264 934 5327 pentem
986 5253 1145 5324 suscipitur,
1164 5255 1314 5322 orationes,
1330 5257 1545 5322 obsecrationes,
1564 5256 1773 5326 postulationes,

142 5341 272 5411 scienter,
289 5346 450 5410 honorilice,
466 5355 577 5403 strenue
596 5347 767 5418 gubernarit,
782 5348 935 5419 amplilica·
985 5344 1094 5416 i'igliid’‚
1119 5345 1300 5418 eleemosynas
1320 5348 1383 5418 plus
1405 5348 1486 5403 solito
1507 5345 1727 5416 frequentantur,
1746 5358 1775 5404 ii

145 5432 195 5500 rit,
211 5437 323 5503 tutavit,
347 5438 446 5493 mulier
467 5439 591 5508 quadarn
608 5438 737 5494 omnibus
752 5438 809 5495 iere
824 5448 935 5496 saneto·
985 5437 1057 5494 sicut
1069 5434 1196 5493 Ninivitas
1210 5438 1398 5493 clamaverunt
1412 5437 1444 5493 ad
1459 5436 1606 5493 Dominum
1623 5438 1650 5493 iu
1665 5438 1774 5494 iordtu-

143 5539 205 5579 rum
220 5523 371 5594 liminibus,
386 5529 492 5585 scilicet
506 5527 580 5584 Petri
594 5540 621 5585 et
634 5527 710 5584 Pauli
724 5527 828 5596 Roma,
839 5529 933 5588 iacobi
984 5528 1059 5596 dine,
1075 5529 1148 5585 unde
1162 5530 1301 5585 exaudivit
1315 5545 1363 5586 eos
1379 5530 1405 5585 iu
1417 5529 1571 5586 latitudine.
1587 5528 1628 5586 lta
1643 5531 1771 5601 spiritua·

144 5616 173 5671 lu
187 5614 312 5683 Gallicia,
326 5618 439 5692 AEgidii,
457 5620 602 5689 leonardi,
617 5621 715 5677 deiude
728 5621 772 5678 bis
783 5622 830 5693 qui
846 5623 872 5679 in
886 5623 933 5679 iu·
985 5621 1056 5676 libus
1069 5621 1155 5677 armis
1166 5621 1322 5691 premuniti
1335 5622 1470 5677 accedunt
1487 5620 1521 5676 ad
1539 5636 1611 5687 cam,
1625 5634 1707 5694 qnam
1722 5637 1772 5677 an·

144 5706 256 5763 navensi
277 5704 399 5767 Ecclesia
422 5708 470 5768 ilci
492 5710 578 5782 pratia
593 5707 762 5766 nraniiestati
790 5713 932 5786 magnilica
985 5713 1076 5785 tiques
1093 5712 1181 5771 bostis
1194 5714 1320 5779 vorabat,
1335 5722 1363 5778 et
1379 5714 1423 5771 illc
1446 5728 1563 5785 trequaro
1577 5729 1625 5786 per
1644 5715 1771 5771 virtutem
