3892 6067
672 180 827 243 canneru
845 175 1042 242 crevenni
1059 177 1336 240 nncnsnsrene.
1445 133 1448 150 ¹

735 560 1001 655 Psttnttts
1035 558 1281 648 Lxxxtt.

227 931 311 1000 Deus,
324 930 384 1001 gris
398 927 495 985 similis
505 929 556 984 crit
571 926 632 993 tibi,
643 935 696 983 ete.
712 924 763 983 llic
789 927 911 996 psalmus
931 926 987 997 agit
1001 930 1023 987 A
1037 925 1091 982 erit
1104 922 1245 996 injudicio
1263 921 1313 978 tibi
1323 920 1420 978 similis
1430 920 1443 975 l
1454 916 1562 975 Nullus.
1578 916 1629 974 llic
1639 916 1718 974 multi
1731 916 1844 975 vitim-

191 1023 403 1096 deperditione
431 1022 564 1076 hostium.
590 1017 621 1075 ln
651 1019 841 1090 superioribus
870 1019 984 1090 psalmis
1036 1017 1137 1075 turtihi
1152 1015 1330 1075 essesimiles
1345 1028 1393 1086 per
1408 1011 1548 1084 hortator
1568 1011 1680 1081 impune
1701 1019 1841 1082 peceant.

191 1116 296 1174 dietum
310 1111 440 1171 Ecclesia
452 1121 503 1179 est,
513 1111 587 1182 quoti
599 1109 746 1167 baereditas
757 1109 839 1181 {legis
850 1110 886 1167 sit
896 1118 986 1166 vasta·
1037 1109 1090 1167 Sed
1101 1108 1154 1165 erit
1166 1109 1341 1180 quandoque,
1355 1121 1419 1163 curn
1431 1104 1597 1162 videbuntur
1611 1117 1666 1159 nou
1679 1103 1727 1159 tibi
1740 1100 1844 1158 luisse

192 1218 233 1275 tt,
247 1207 361 1265 etvinea
371 1206 432 1276 ejus
444 1203 588 1275 dissipata,
603 1212 630 1257 ει
644 1203 717 1272 ouotl
732 1202 823 1258 dorsuo
834 1203 871 1257 slt
883 1202 907 1256 ei
922 1216 987 1272 pos·
1037 1203 1082 1258 bie
1092 1200 1206 1268 similes,
1221 1215 1285 1257 eom
1297 1198 1430 1257 subibunt
1445 1212 1553 1269 poenas,
1576 1211 1647 1268 quas
1668 1209 1723 1251 nnn
1751 1202 1842 1266 pote·

193 1289 413 1354 sessioot'nnium
432 1295 554 1366 gentium
582 1292 720 1348 restituta.
746 1289 776 1346 lu
803 1292 856 1347 boc
879 1291 987 1362 psalmo
1037 1303 1102 1348 runt
1117 1289 1296 1363 repellerode
1313 1290 1366 1347 boe
1382 1289 1456 1361 quod
1477 1287 1569 1345 seribi
1594 1285 1839 1343 assimilarentur.
1933 1279 1934 1286 ’

194 1394 337 1451 tractatur,
353 1382 400 1454 qul
416 1382 600 1438 hereditatem
611 1389 640 1437 et
654 1380 761 1436 vineam
774 1380 835 1451 ejus
859 1389 987 1436 vastare·
1037 1383 1070 1439 Et
1081 1393 1156 1452 tunc,
1173 1381 1297 1451 Domine,
1313 1397 1346 1437 ne
1368 1390 1457 1437 tactor
1478 1378 1638 1446 avindleta,
1649 1378 1783 1450 qulnunc
1794 1385 1843 1433 ta·

193 1479 258 1543 rint,
267 1475 310 1532 rel
333 1476 413 1531 isram
435 1475 605 1546 impugnent,
626 1480 674 1528 aot
697 1471 806 1543 qualem
833 1471 987 1528 mercedem
1038 1491 1085 1532 ecs
1108 1474 1136 1531 in
1162 1474 1304 1546 patientia,
1317 1491 1331 1527 t
1346 1471 1525 1531 dissimulans
1544 1480 1657 1545 peecata
1685 1469 1840 1527 bominum

194 1567 355 1637 roceperint,
372 1565 415 1620 rel
439 1564 531 1620 adbuc
546 1563 681 1634 recepturi
706 1571 781 1620 sunt.
800 1561 833 1617 bt
863 1562 936 1618 sieut
959 1561 988 1616 in
1039 1564 1349 1637 propterpoenitentiam
1361 1561 1437 1635 (Sap.
1449 1557 1559 1632 sthi).
1578 1560 1725 1628 triadica,
1747 1576 1842 1633 nepae

195 1659 279 1728 priori
303 1657 409 1731 psalmo
432 1656 561 1712 Clrristns
592 1653 666 1712 beas
694 1664 722 1710 ει
746 1655 914 1710 homocum
936 1666 989 1709 suo
1039 1657 1222 1728 compescaris,
1253 1654 1336 1724 Deus,
1362 1655 1519 1712 nvindicta.
1544 1654 1598 1724 Qui
1626 1670 1700 1711 nunc
1727 1654 1841 1725 patien-

195 1765 321 1820 corpore,
349 1749 376 1804 id
401 1757 444 1803 εει
464 1747 559 1803 electis
573 1754 616 1802 est
632 1745 811 1817 descriptus:
831 1745 870 1801 ita
886 1744 915 1799 in
935 1743 990 1800 hoe
1038 1754 1079 1801 ter
1097 1746 1195 1802 tolerat
1216 1744 1394 1816 iniguitatem
1411 1745 1557 1812 malorum,
1579 1752 1645 1801 tuno
1671 1760 1727 1801 non
1754 1759 1840 1799 com·
1933 1765 1934 1826 }

196 1845 302 1909 psalmo
333 1839 517 1895 Antichristus
551 1852 615 1894 euna
647 1851 699 1893 suo
727 1851 864 1909 corpore,
896 1836 921 1891 id
946 1845 990 1893 est
1039 1832 1189 1909 poscetur,'
1207 1837 1235 1892 iil
1266 1846 1309 1894 εει
1339 1853 1395 1894 tton
1429 1835 1615 1893 neirenabitur
1642 1835 1672 1891 in
1697 1844 1838 1891 aeternum

195 1945 258 1983 cum
270 1928 400 1984 omnibus
415 1928 539 1998 reprobis
555 1928 685 1999 tangitur,
702 1926 750 1998 qni
773 1941 869 1984 ornnes
893 1925 990 1983 lisele·
1040 1929 1204 2000 asupplicio
1222 1943 1330 1986 eorum.
1341 1926 1505 2001 Oppooeeis
1529 1928 1678 1999 potentiam
1690 1936 1778 1995 tuam,
1933 1973 1934 1990 ,

196 2023 276 2085 stavit,
302 2019 488 2075 baronitatem
505 2027 532 2075 ει
547 2019 656 2074 vineam
670 2017 775 2075 Christi
799 2018 895 2075 tollere
912 2018 990 2076 labo-
1075 2018 1159 2092 Vens.
1171 2020 1198 2076 5.
1215 2021 1349 2086 Quoniam
1364 2035 1422 2075 cccc
1432 2019 1598 2085 initnicirei,
1611 2017 1708 2085 ludaei,
1721 2016 1837 2088 pagani,
1933 2003 1934 2016 ¹

197 2113 308 2178 tabunt,
320 2126 369 2180 pro
384 2127 436 2182 qua
452 2128 481 2167 re
504 2111 539 2167 ad
550 2096 703 2166 extremum
721 2111 859 2182 peribunt.
1040 2113 1172 2178 haretici,
1185 2111 1247 2169 falsi
1260 2110 1543 2183 clrristian'rmaguurn
1554 2103 1840 2180 erereitnnt'congro
1933 2097 1934 2114 ¹

233 2201 283 2257 llic
292 2203 414 2273 psalmus
428 2210 471 2257 est
490 2202 676 2273 octogesimus
701 2202 849 2268 secundus,
872 2204 919 2274 qui
938 2219 989 2259 nu·
1040 2213 1183 2276 gaverunr,
1196 2204 1261 2261 tuba
1273 2212 1428 2269 renuerunt,
1439 2213 1465 2259 cr
1478 2203 1525 2276 aui
1535 2203 1645 2257 oderam
1658 2212 1693 2264 te,
1708 2200 1741 2258 iti
1750 2209 1794 2256 εει
1808 2200 1837 2255 bi

198 2307 291 2347 uterus
301 2292 328 2346 in
343 2292 523 2363 quadraginta
537 2303 564 2348 et
574 2291 766 2363 quadraginta,
788 2304 816 2348 et
836 2293 863 2347 in
879 2294 934 2348 duo
947 2293 991 2350 εἰ·
1005 2291 1027 2345 Β
1041 2311 1137 2352 omnes
1148 2296 1272 2353 odientes
1288 2306 1325 2363 tr,
1342 2298 1493 2354 extulerant
1508 2305 1598 2366 rapat,
1613 2293 1667 2350 boe
1678 2300 1737 2360 est„
1756 2291 1839 2346 Anti-

198 2387 311 2443 vivlitur.
330 2387 516 2461 Quadraginta
537 2389 741 2465 penitentiam,
762 2389 817 2446 duo
833 2392 991 2463 exprimunt
1043 2385 1177 2443 christum
1189 2386 1216 2441 lo
1231 2402 1322 2459 regom
1337 2388 1506 2454 levaverunt,
1523 2394 1551 2443 0²
1564 2384 1692 2442 urbemn
1703 2383 1844 2440 filimi*

159 2526 163 2536 .
197 2478 381 2534 dilectionem.
398 2477 462 2536 ltleo
476 2480 522 2535 bic
535 2494 667 2540 numerus
681 2480 745 2538 bule
760 2483 866 2552 psalmo
877 2486 993 2556 apponi·
1043 2488 1117 2536 runt.
1134 2477 1245 2534 taranta·
1254 2479 1361 2537 Domini
1372 2493 1549 2548 sonant,eum
1559 2479 1660 2534 malurn
1671 2478 1845 2549 prstsdicanrr¹

198 2578 252 2636 tur,
272 2570 337 2640 quia
354 2579 468 2641 uterque
482 2573 635 2642 populuset
648 2572 791 2640 iudaicus.
819 2584 847 2631 et
870 2576 991 2647 gentilis,
1043 2572 1235 2630 odlcnrcreunt
1250 2583 1333 2646 caput
1347 2574 1492 2643 extollunt,
1505 2571 1571 2629 dnm
1591 2580 1708 2628 mentem
1737 2570 1766 2626 in
1788 2585 1845 2627 su*

197 2659 244 2728 qui
257 2656 417 2726 Ecclesium,
431 2659 616 2717 haereditatem
634 2660 681 2719 Dei
694 2663 845 2739 impugnat,
861 2674 888 2721 et
903 2667 992 2737 poeni-
1043 2663 1167 2735 perbiam
1180 2665 1300 2736 erigunt.

197 2751 311 2805 tentiam
334 2766 414 2820 agere
431 2767 485 2807 non
513 2754 582 2822 vult,
608 2754 798 2824 darnrtabitur;
824 2765 852 2815 et
874 2761 993 2836 populns
1079 2755 1163 2814 Vens.
1174 2758 1202 2813 l.
1213 2758 1242 2814 5.
1276 2756 1497 2829 Superpopalam
1530 2762 1603 2810 tunm
1624 2752 1844 2821 mattaaarmur

197 2837 516 2913 Christianusgennnatn
525 2844 698 2901 dilectionem
714 2846 818 2905 babens
828 2848 992 2907 salvabitur.
1043 2850 1195 2926 consilinm:
1212 2849 1317 2905 inimici
1330 2849 1369 2904 rui
1383 2846 1540 2921 congregati
1552 2846 1676 2902 lecerunt
1686 2844 1837 2915 malignum

198 2928 307 2988 Till¹¹¹¹⁸
317 2933 415 3003 llsalmi
431 2943 491 2991 ests
1044 2941 1189 3000 consiliunt
1205 2957 1284 3011 saper
1294 2938 1420 3013 populant
1440 2946 1516 2993 tuem
1526 2935 1727 2992 Christianum.
1743 2933 1780 2989 Et
1792 2951 1839 2990 co-

323 3023 419 3095 (Vnns.
445 3025 485 3092 l.)
500 3042 635 3086 ctnrreutt
660 3043 755 3088 matut
774 3046 867 3088 astra.
1044 3038 1193 3108 giraverunt
1205 3036 1446 3088 adoarsursanctas
1459 3039 1528 3095 tuor,
1540 3027 1679 3099 quomodo
1702 3040 1751 3082 eos
1772 3041 1837 3097 per·

235 3112 376 3168 Canticum
393 3112 491 3184 psalmi
513 3124 557 3171 est
581 3132 634 3172 una
665 3117 760 3184 dictio,
784 3127 812 3175 ει
831 3132 874 3177 εει
895 3134 994 3179 cantus
1044 3125 1313 3184 derentliiaarunr:
1332 3121 1686 3193 Venite,rllrpcrciataaseos
1701 3117 1734 3175 tic
1751 3126 1836 3189 gertr,

199 3218 282 3274 queat
294 3202 397 3259 eborus
422 3205 557 3275 praectntv,
584 3214 612 3263 ει
637 3222 740 3280 organa
762 3222 926 3281 saguntum,
951 3215 994 3271 vel
1043 3227 1068 3272 rt
1083 3210 1507 3271 nanmcmoretttrocmenlsraal
1518 3211 1602 3278 altra,
1614 3210 1668 3267 hoe
1687 3217 1750 3265 cst:
1764 3209 1838 3280 pari-

200 3298 564 3371 consonantbtstgatbcat
586 3302 708 3360 letitiam
729 3308 828 3363 mentis
840 3323 890 3378 pro
915 3317 993 3365 ator·
1045 3317 1086 3364 ter
1109 3320 1193 3376 super
1220 3303 1395 3361 Christianos
1422 3303 1572 3370 irruamus,
1597 3309 1625 3358 et
1654 3300 1758 3358 eorde
1784 3299 1836 3355 ltu·

202 3389 332 3446 niseum
365 3390 438 3448 bona
471 3394 641 3463 operatione.
678 3393 753 3451 lsturl
790 3399 923 3454 cultricum
951 3406 995 3455 εει
1045 3414 1128 3454 ntano
1151 3411 1251 3468 genere
1271 3395 1412 3462 tollamus,
1438 3405 1545 3450 utnon
1567 3393 1604 3449 sit
1632 3392 1705 3448 ultra
1730 3405 1837 3446 mento·

201 3479 310 3564 Asopis,
337 3481 365 3536 id
388 3491 430 3538 εει
461 3475 549 3540 sstlelis
577 3484 799 3558 congregationis
824 3488 858 3544 de
879 3485 992 3556 ludaeis,
1044 3489 1085 3544 ria
1112 3485 1262 3544 Christiani
1292 3484 1417 3542 nominis
1439 3484 1467 3539 ln
1495 3493 1578 3540 terra.
1602 3481 1689 3538 lsrael
1718 3494 1837 3553 namque

201 3570 274 3641 quor
301 3581 394 3628 cantat
414 3570 470 3628 lico
493 3572 520 3628 in
544 3574 637 3631 laetitia
652 3576 786 3647 spirituali
807 3593 859 3647 pro
872 3578 992 3636 bostium
1047 3590 1112 3638 sunt
1125 3577 1290 3651 lldeles,qui
1307 3585 1477 3634 suntscmen
1499 3575 1627 3633 Abrabae
1650 3572 1757 3631 lieriste
1784 3572 1834 3639 eis,

203 3661 332 3719 Ecclesiae
348 3665 510 3736 dejectione,
523 3667 679 3724 etlldelium
692 3671 921 3728 remuneratione.
1008 3641 1030 3699 c
1081 3672 1164 3729 Vens.
1179 3672 1207 3729 6.
1222 3671 1355 3739 Quoniam
1366 3669 1549 3741 cogitaverant
1560 3666 1733 3733 unanimiter,
1752 3665 1778 3720 itl
1795 3672 1837 3721 est

238 3754 349 3812 Materia
365 3758 461 3829 psalmi
474 3769 539 3815 sunt
551 3762 693 3819 invasores
706 3761 870 3819 baereditatis
881 3763 993 3823 Clu-isti.
1045 3766 1123 3824 multi
1137 3773 1202 3823 sunt
1216 3763 1372 3830 unanimes,
1388 3769 1417 3820 et
1427 3770 1507 3819 eruvrt
1522 3761 1550 3816 in
1567 3757 1732 3834 cogitatione
1742 3764 1835 3813 manua

204 3847 322 3904 intentio
342 3859 384 3906 est
405 3866 456 3908 nos
481 3852 585 3908 ltortari
604 3854 700 3909 talium
727 3854 818 3910 studia
845 3856 994 3926 declinare,
1046 3876 1107 3917 nes.
1125 3859 1211 3916 Shuni
1236 3858 1361 3914 aduersus
1390 3865 1416 3912 te
1435 3861 1621 3910 tentamentum
1639 3851 1834 3922 disposuerunt,

204 3951 235 3997 ut
264 3943 402 4011 possimus
432 3943 460 3998 in
495 3944 654 4001 hereditate
688 3945 796 4002 bomini
831 3949 994 4018 cottvputari.
1047 3954 1100 4009 boc
1112 3959 1165 4018 est,
1177 3960 1286 4023 paetum
1299 3955 1394 4005 contra
1408 3953 1473 4002 tuos
1494 3944 1669 4016 pepigerunt.
1683 3941 1835 4013 obligante·

205 4030 294 4089 Verba
304 4042 450 4090 sumuntur
461 4036 601 4107 pattimtle
612 4036 683 4092 libro
693 4034 831 4108 iudicum,
845 4041 945 4109 partim
962 4041 997 4098 de
1047 4061 1076 4103 se
1086 4043 1269 4117 promissione
1277 4040 1311 4097 acl
1323 4037 1541 4111 persequendum
1555 4044 1628 4092 roos.
1644 4032 1837 4105 thoidiapo·

205 4125 403 4198 tibroilegum,
429 4128 457 4183 in
482 4145 538 4200 quo
559 4130 699 4198 scribitur,
717 4133 790 4203 quotl
818 4133 910 4190 inultm
931 4151 997 4205 gcn·
1047 4137 1179 4193 sacranti
1200 4132 1332 4190 Undeeitn
1353 4140 1448 4203 gentes
1470 4128 1621 4186 Ecclesiam
1637 4127 1690 4183 sub
1713 4123 1834 4182 custodia

206 4226 247 4279 tes
279 4210 456 4276 lleltraeor'um
489 4231 595 4294 gentem
627 4223 809 4294 pervaserint,
848 4234 876 4283 et
905 4235 998 4284 vasta·
1047 4224 1191 4282 duodecim
1214 4221 1403 4294 apostolorum
1427 4220 1630 4293 impugnantes.
1650 4215 1751 4274 Gentes
1776 4215 1836 4272 dieo

206 4312 311 4381 verint,
334 4321 362 4370 et
385 4316 581 4386 oppresserint.
606 4315 640 4371 Et
664 4318 812 4389 signirieat,
845 4319 920 4389 qrtotl
948 4319 998 4376 lu·
1048 4315 1185 4389 gentiliter
1197 4312 1330 4376 viventes,
1344 4310 1451 4367 scilieet

206 4381 269 4470 tlaei,
290 4406 401 4476 pagani,
425 4405 562 4472 ltaeretioi,
588 4406 649 4462 falsi
669 4408 813 4465 christiani
835 4409 997 4481 impugnant
1083 4405 1166 4462 Vens.
1180 4404 1206 4470 7,
1219 4403 1246 4472 8,
1255 4403 1283 4460 9.
1297 4401 1480 4460 Tabernacula
1491 4400 1673 4457 idumaeorum
1683 4408 1707 4455 et
1717 4395 1837 4453 Ismarii·

206 4490 358 4552 Ecclesiam
391 4494 513 4564 Christi,
540 4495 691 4567 dissipant,
725 4499 901 4568 opprimunt,
927 4501 992 4557 ‹liri-
1050 4508 1094 4566 ιο,
1109 4495 1374 4568 Μοιι,ειΛ9ειειιι’,
1393 4492 1647 4558 Gebalrtrlmmort,
1670 4500 1696 4547 ct
1717 4487 1834 4556 barcho,

207 4585 296 4657 piunt.
365 4587 372 4598 ¹
1048 4591 1204 4663 attrabata
1218 4604 1278 4646 eam
1299 4587 1481 4644 habitantibus
1507 4585 1617 4657 Tyrum.
1632 4583 1735 4640 Eunias
1754 4581 1836 4636 Assar

244 4677 273 4734 ln
285 4679 340 4736 tluo
353 4690 473 4738 secatur.
488 4682 578 4739 Prima
590 4699 655 4755 pars
671 4682 830 4751 estzlicus,
842 4683 901 4755 puis
920 4686 999 4740 sinti·
1049 4686 1118 4741 venit
1146 4700 1207 4740 cum
1238 4682 1295 4740 illis
1310 4682 1398 4754 :sacti
1427 4689 1489 4737 svnt
1514 4680 1543 4736 ia
1575 4677 1744 4750 adjutoriam
1772 4675 1835 4751 ῄιὶιι

209 4764 255 4834 lit,
267 4766 295 4821 in
314 4784 368 4838 qua
391 4769 502 4838 dieitur,
528 4773 645 4844 qualiter
658 4770 845 4829 Antichristus
864 4788 927 4828 cunr
947 4789 999 4830 sun
1050 4775 1110 4834 lbi.

210 4870 324 4926 corpore
351 4857 378 4912 in
403 4858 552 4916 Ecclesiam
574 4863 678 4931 saeviat,
704 4863 752 4935 qui
776 4863 884 4919 vitream
918 4863 1000 4920 Cbri·
1085 4868 1132 4925 lim
1152 4876 1247 4940 gentes
1271 4867 1483 4922 devastaverunt
1502 4862 1568 4919 olim
1582 4871 1690 4934 gentem
1716 4859 1837 4918 berrao·

210 4946 246 5005 sti
271 4946 407 5019 dissipare
424 4947 546 5007 festinat.
571 4953 662 5007 Altera
674 4971 681 5008 ε
695 4951 752 5009 Fac
773 4953 816 5009 illi
841 4956 911 5010 sicut
936 4958 998 5012 lla·
1015 4977 1124 5034 prum,
1135 4970 1163 5017 ct
1190 4957 1346 5030 significant
1364 4971 1412 5011 eos
1426 4955 1475 5026 qui
1487 4954 1609 5026 quotidie
1622 4953 1767 5010 devastant
1785 4963 1835 5022 pe·

210 5036 286 5109 alian,
300 5042 327 5097 in
341 5057 396 5112 qua
415 5042 553 5110 scribitur,
569 5044 687 5114 qualiter
699 5062 762 5102 eunt
777 5046 850 5105 [leus
865 5050 999 5107 cuiusuis
1051 5054 1145 5126 pulum
1156 5051 1388 5107 Christianorum.
1400 5046 1449 5104 llis
1459 5046 1582 5104 oeeurrit
1594 5045 1679 5103 David
1691 5060 1753 5102 curn
1764 5057 1836 5098 exer·

211 5134 361 5191 subvertat.
390 5133 448 5191 Vox
476 5133 581 5207 llsapb,
613 5136 640 5192 itl
664 5146 708 5194 est
730 5138 818 5197 ridelis
850 5157 1000 5214 congrega·
1051 5148 1118 5212 cito,
1136 5154 1164 5200 ει
1183 5143 1284 5201 oceidit
1303 5142 1490 5214 septingentos
1507 5147 1645 5197 cttmuset
1659 5137 1834 5210 quadraginta

211 5224 312 5283 ll⁰¹¹l⁸²
1053 5237 1138 5293 millia
1148 5236 1282 5306 enititum,
1294 5243 1322 5290 et
1336 5235 1423 5291 vietor
1437 5233 1517 5289 rediit
1533 5246 1597 5288 cum
1621 5245 1721 5302 magua
1733 5228 1832 5301 praedm

247 5315 331 5374 Vsus.
342 5317 370 5374 2.
384 5319 464 5388 Deus,
476 5321 535 5392 quir
545 5321 641 5379 similis
651 5323 703 5378 erit
722 5323 789 5378 ribi?
815 5323 1001 5383 Antichristus
1053 5328 1117 5399 quia
1129 5325 1257 5382 Christus
1277 5327 1371 5382 hostes
1388 5323 1516 5381 Ecclesia
1540 5323 1569 5378 in
1582 5321 1657 5378 vitiis
1678 5319 1832 5394 prosternit,

211 5422 267 5482 non
282 5409 371 5465 solum
388 5409 855 5481 lieovultessesimilis,sedetiam
870 5413 1002 5470 restolii-
1053 5416 1185 5490 atquetle
1207 5417 1249 5474 eis
1263 5416 1381 5488 praetlatn
1398 5411 1513 5477 rcunctt,
1528 5411 1595 5468 dum
1618 5427 1667 5469 eos
1691 5410 1727 5469 ad
1749 5409 1832 5467 stanit

213 5510 258 5557 tur
272 5518 356 5573 supra
368 5518 450 5562 omne
463 5507 537 5577 quod
549 5507 660 5576 dicitur,
671 5516 719 5564 aut
731 5506 805 5577 quod
815 5506 915 5563 colitur
928 5506 1002 5564 lietrs
1053 5510 1185 5567 virtutum
1210 5495 1354 5567 convectu.
1382 5502 1567 5561 Tabcntacttta
1589 5502 1769 5560 taenearum
1793 5507 1832 5558 εει

216 5590 260 5662 (ll
273 5591 362 5649 Thess.
378 5610 409 5662 tv,
421 5596 459 5667 t).
481 5616 489 5649 t
510 5596 574 5666 Sal,
592 5599 827 5668 oCbristc‚t·crns
845 5599 924 5669 bear,
942 5601 1001 5674 guis
1055 5602 1201 5660 nttrlritutlo
1217 5610 1400 5658 terrenorum.
1415 5595 1488 5656 Esau
1505 5595 1647 5655 dletumt
1661 5590 1834 5652 Etiamzlnrlt
