3892 6067
154 241 221 299 rost
669 238 853 297 expositio
872 240 905 295 th
923 240 1059 297 cubile.
1080 240 1210 297 morsis
1229 242 1262 299 ll.
1710 254 1780 311 tntae

149 354 209 414 cadi
221 356 352 413 smreoris
363 354 552 412 columbarum
565 355 687 428 quinqua
698 358 844 428 argenteis,
858 359 939 416 disit·
955 362 977 418 h
1026 358 1131 413 Aliter:
1146 359 1240 416 Dentes
1253 361 1397 417 tertiarum
1415 363 1557 421 immittam
1575 383 1653 438 saper
1663 387 1705 426 eas
1719 389 1780 428 rum

151 462 203 519 que
223 445 323 502 mulier
345 446 431 502 altem
448 447 482 501 ari
498 447 634 504 alteram:
653 448 691 504 ila
706 450 791 506 lilium
808 460 896 521 tuum,
912 461 941 508 ιιι
992 450 1083 519 furare
1106 452 1267 506 trahentium
1289 470 1368 524 super
1389 466 1486 510 terram
1508 468 1588 529 atque
1607 474 1779 518 sarmatiam.

147 536 325 594 comedamus
349 551 412 593 eum
440 538 542 606 bodie,
567 548 596 595 ct
622 540 709 597 fllium
734 560 824 599 rnenrn
848 561 943 602 ennio.
991 539 1087 617 henas
1099 542 1253 609 bestiarum,
1268 544 1296 600 id
1309 554 1351 602 est
1361 547 1492 603 saevitiam
1502 548 1544 603 rel
1555 565 1631 605 arnna
1642 549 1782 609 hunuano·

147 628 245 684 demus
269 643 342 684 cras.
370 628 504 696 Quando,
529 631 659 703 inquam,
687 634 745 691 hacc
767 646 826 691 aeta
858 648 938 701 sunt,
991 648 1053 687 rum
1067 632 1212 689 immittant
1227 635 1255 689 in
1269 651 1317 691 cos
1333 652 1395 692 cum
1412 637 1505 695 iurare
1521 640 1686 697 trabentium
1698 656 1781 714 super

147 730 214 774 tnnc
226 719 338 790 sagittar
356 734 427 773 nuens
438 720 547 791 quidem
561 721 625 791 ieri,
647 724 694 778 scd
714 740 767 780 non
784 734 855 782 toras
869 743 941 781 cnrrr-
992 734 1103 793 terram,
1120 726 1147 781 id
1162 739 1206 783 cst
1219 728 1324 798 absque
1341 730 1531 787 misericordia
1551 733 1676 790 residuos
1688 734 1717 790 itt
1731 729 1793 792 ca-'

145 810 226 880 pieni.
238 808 307 864 Nam
319 809 389 866 inter
403 810 540 866 inmedirit
551 810 677 869 Eliscus:
691 832 701 865 ι
716 814 817 870 Audite
827 815 939 872 uerbum
992 818 1116 887 ptiritate
1138 819 1295 874 ducentium
1312 820 1338 873 in
1361 835 1470 876 ornnem
1492 830 1591 878 terram
1610 824 1782 898 :dentesque

147 898 280 956 Domini:
301 898 364 955 llmc
383 899 450 957 dicit
464 899 606 957 Dominus.
622 899 651 955 ln
670 910 792 972 tempore
810 905 862 960 hoc
877 920 941 962 cras
990 912 1160 981 serpentium,
1181 911 1207 966 id
1224 919 1266 966 cst
1281 912 1413 968 saeuitiam
1433 915 1614 986 malignorum
1632 918 1779 986 spirituum

146 990 258 1046 modius
269 991 367 1047 simile
382 1007 436 1046 uno
448 999 551 1047 statere
560 991 624 1061 erit,
638 1002 666 1048 et
678 993 734 1049 duo
744 995 829 1050 modii
844 997 939 1053 bordei
990 1018 1040 1075 per
1052 1006 1191 1061 cruciatus
1204 1014 1230 1060 et
1246 1015 1350 1062 mortes
1362 1021 1508 1078 corporum
1524 1010 1658 1078 usquead
1678 1009 1778 1065 iniernl

145 1092 248 1139 statere
269 1098 325 1138 uno
345 1084 469 1154 inportu
488 1083 621 1141 Samariae
640 1083 777 1157 (itum.
797 1103 847 1153 vn,
868 1089 905 1159 i).
926 1107 936 1142 r
990 1097 1139 1152 norissima
1163 1098 1333 1153 trahentium.
1360 1097 1428 1153 barn
1450 1114 1499 1168 prr
1522 1100 1624 1156 bestias
1639 1099 1779 1157 liomanos

144 1173 224 1242 erod
236 1174 374 1230 etinctum
385 1184 436 1231 cst.
450 1173 551 1231 Verum
567 1191 621 1231 aon
633 1176 671 1232 ita
686 1178 749 1246 erit,
762 1193 825 1234 cum
841 1180 938 1236 taciem
990 1184 1075 1242 lantes
1087 1202 1120 1242 ac
1136 1186 1242 1242 icroces
1255 1196 1328 1243 rccte
1342 1187 1455 1258 intelligi
1474 1188 1539 1244 iilud
1560 1205 1610 1260 pro
1622 1190 1779 1247 testimonio

144 1286 236 1326 meam
252 1272 421 1327 abscondero
435 1273 463 1328 in
478 1272 529 1328 cis.
550 1272 603 1328 Sed
617 1274 701 1344 qnid?
988 1279 1031 1334 rel
1047 1281 1172 1350 erenrplo
1185 1289 1237 1341 est,
1250 1279 1323 1351 quod
1336 1278 1481 1335 Psalmista
1494 1297 1557 1337 curn
1568 1284 1692 1338 eamdem
1705 1282 1781 1338 cais·

182 1362 265 1451 l'cns.
281 1363 326 1431 et,
342 1364 388 1419 25.
413 1363 607 1419 consumentur
628 1365 710 1436 fame,
732 1365 757 1420 ct
778 1365 939 1423 denominat
990 1370 1111 1425 mitatem
1127 1371 1273 1440 deplorans
1295 1372 1435 1427 dixisset:
1455 1390 1465 1423 ι
1485 1369 1521 1426 Ut
1540 1372 1605 1443 qnid
1618 1372 1779 1432 destruxisti

142 1472 188 1510 eas
199 1471 259 1511 noes
274 1472 365 1511 morsu
381 1457 560 1511 arrramssimo.
576 1455 673 1512 Dmrter
683 1459 826 1514 bestiarum
836 1459 938 1514 immit·
989 1465 1136 1520 maceriem
1152 1464 1222 1534 eius,
1234 1474 1261 1520 et
1275 1465 1478 1534 diripiunteam
1489 1480 1596 1526 omncs,
1609 1467 1656 1535 qni
1668 1475 1780 1537 prater·

144 1554 201 1601 tara
214 1546 297 1600 ineos
310 1547 471 1617 cumiarore
484 1547 644 1605 trahentium
657 1559 845 1618 superterram
860 1556 939 1620 ntqne
989 1556 1149 1627 gradiuntur
1163 1555 1247 1622 eiam,
1263 1574 1273 1607 s
1291 1556 1424 1610 continuo
1440 1553 1601 1624 subjunxit:
1617 1572 1627 1606 i
1645 1552 1779 1607 Εχιρηῃῑ.

142 1639 314 1708 serpentium.
336 1637 415 1694 i'nris
428 1639 541 1694 custodit
556 1655 600 1694 eos
611 1638 728 1710 pinsitur,
740 1650 766 1695 et
776 1641 939 1711 interponor
989 1646 1065 1703 navit
1076 1662 1137 1702 cam
1152 1662 1218 1717 aper
1239 1648 1273 1702 dc
1303 1646 1383 1713 silua,
1396 1655 1423 1701 et
1437 1645 1585 1715 singularis
1601 1645 1675 1700 irrrns
1695 1646 1780 1714 depa-

137 1729 261 1799 jurenem
284 1729 364 1784 simui
391 1746 423 1784 nc
439 1730 576 1801 uirginem,
592 1732 731 1787 lactentem
752 1748 812 1785 cum
835 1732 938 1788 humine
989 1746 1103 1794 stnsest
1121 1752 1182 1793 eant
1205 1736 1292 1808 (Puni.
1315 1738 1466 1804 examii,
1482 1737 1538 1806 li),
1557 1746 1633 1806 sper
1644 1744 1780 1806 aprumct

143 1841 215 1879 senc.
237 1823 267 1880 ld
290 1825 370 1896 plane
385 1825 437 1880 crit
457 1824 571 1897 sagittas
585 1838 662 1881 taces
683 1826 813 1896 cornpicri
836 1825 864 1881 in
886 1827 936 1882 eis.
988 1845 1036 1900 per
1056 1830 1223 1901 singularem
1241 1828 1329 1884 ieram
1352 1828 1444 1883 Titum
1463 1837 1491 1883 et
1511 1826 1707 1898 Vespasianum
1724 1826 1780 1884 ilo·

143 1913 340 1970 Conmmentur
360 1916 440 1987 santa,
455 1917 581 1972 videlicet
596 1917 623 1971 in
636 1916 681 1972 dic
695 1916 811 1972 solemni
825 1916 938 1974 Paschae
988 1936 1085 1977 marios
1098 1921 1277 1993 imperatores
1290 1921 1458 1994 significans.
1477 1920 1562 1992 igitur
1577 1920 1668 1975 dentes
1679 1921 1778 1977 lestin-

143 2004 323 2080 lerosolymis
338 2008 497 2081 congregati
508 2009 587 2080 ¹uelut
603 2009 705 2065 crinali
718 2009 838 2080 quadam
854 2027 936 2066 manu
988 2030 1048 2067 rum
1068 2023 1261 2083 superterram
1282 2013 1442 2068 trahentium
1457 2026 1533 2067 arma
1553 2020 1618 2067 sunt
1641 2010 1779 2068 liemaro·

143 2108 268 2170 cogente,
283 2116 353 2170 quos
367 2100 461 2157 tricies
475 2110 589 2157 centena
604 2101 691 2157 millia
703 2102 844 2158 hominnm
858 2101 937 2159 losc-
987 2121 1048 2160 rnm
1073 2105 1257 2160 occidentium
1283 2114 1310 2161 et
1334 2106 1362 2160 ia
1390 2103 1574 2174 captiuitatem
1597 2103 1777 2159 tralreutium.

144 2191 217 2262 phos
228 2192 296 2248 dicit
311 2191 407 2262 inisse,
426 2194 532 2250 scilicet
543 2194 736 2266 iustoiudicio
751 2204 873 2266 tempore
885 2196 937 2253 hoc
987 2195 1124 2267 colligens
1136 2210 1255 2267 namque
1267 2211 1350 2266 supra
1365 2196 1456 2251 dictus
1468 2194 1707 2265 historiographus
1718 2210 1779 2250 ons·

144 2283 257 2341 ultionis
269 2284 368 2354 electo,
383 2285 474 2358 utqui
494 2287 522 2343 in
535 2288 632 2344 diebus
645 2287 758 2365 Paschae
773 2289 937 2344 salvatorem
987 2303 1050 2343 nem
1066 2303 1211 2344 nurnerum
1223 2296 1425 2359 peremptorum
1434 2287 1476 2342 riri
1488 2284 1561 2342 ieme
1574 2286 1617 2343 vei
1635 2286 1710 2343 ierro
1724 2302 1778 2341 nn-

144 2392 225 2433 suum
240 2376 388 2435 bominum
403 2380 544 2438 Christum
566 2381 687 2438 cruentis
706 2380 834 2437 manthos
848 2388 876 2436 et
890 2395 935 2436 sa-
987 2377 1079 2434 deeies
1088 2387 1202 2434 centena
1216 2379 1302 2434 millia
1315 2378 1478 2449 designarit,
1490 2387 1603 2434 ceteros
1616 2392 1682 2433 sero
1694 2378 1779 2433 latro·

144 2469 253 2542 crllegis
266 2470 382 2527 rocibus
396 2471 575 2540 violaverant,
588 2473 616 2528 in
629 2472 697 2543 ipsis
710 2471 808 2530 diebus
820 2472 894 2528 reiut
909 2473 935 2527 in
987 2482 1036 2523 nes
1049 2477 1078 2524 et
1100 2469 1216 2525 siunins
1238 2484 1272 2525 ac
1294 2469 1436 2541 predones
1458 2480 1521 2540 poss
1542 2468 1619 2525 urbis
1641 2467 1777 2525 excidium

144 2577 230 2618 rurum
255 2578 395 2619 carcerem
418 2565 509 2622 omnis
533 2565 680 2622 multitudo
699 2566 828 2622 conclusa
845 2565 937 2623 ieralls
988 2565 1091 2620 mutuis
1104 2564 1372 2621 declaratione-iisse
1386 2564 1558 2630 uulneribus,
1570 2562 1673 2618 electos
1685 2571 1778 2617 autem

144 2666 234 2722 pmnae
248 2652 373 2722 exitium,
396 2655 470 2727 quod
492 2655 659 2722 merebatur,
683 2658 831 2728 exciperet.
847 2656 936 2724 Quam
987 2672 1113 2728 quosque
1128 2658 1270 2727 juvenum,
1291 2672 1360 2727 quos
1374 2657 1458 2712 decor
1471 2655 1596 2724 corporis
1609 2662 1637 2709 et
1655 2652 1777 2723 proceri·

146 2743 214 2800 dirae
227 2742 308 2801 iamis
322 2746 406 2802 exitio
421 2748 578 2819 consumpti
592 2749 657 2817 sint,
670 2749 718 2821 qui
733 2749 840 2820 plenius
854 2764 936 2806 nosse
986 2760 1029 2804 tas
1046 2747 1265 2814 commendabat,
1284 2746 1319 2801 ad
1340 2746 1510 2816 triumphum
1526 2743 1593 2801 dicit
1609 2758 1671 2799 esse
1684 2757 1778 2798 serra·

145 2837 230 2908 smpit,
244 2838 629 2912 quintumpraedictiioscpbi
643 2841 820 2897 historiarum
835 2841 934 2896 librum
987 2849 1044 2907 tos;
1062 2837 1184 2908 reliquos
1207 2844 1311 2902 autem,
1337 2835 1385 2906 qni
1406 2850 1489 2903 supra
1511 2833 1605 2889 decem
1627 2842 1656 2888 et
1673 2841 1777 2903 septem

143 2929 226 2999 legat,
239 2943 273 2985 ex
285 2945 342 3001 quo
362 2946 471 2987 omnem
491 2947 587 2988 eorum
609 2933 760 2990 luctuosam
773 2931 934 3003 tragoediam
986 2944 1075 2987 annos
1088 2929 1206 3001 agebant
1219 2927 1318 2993 atatis,
1335 2927 1441 2981 rinctus
1457 2926 1490 2980 ad
1507 2938 1591 2995 opera
1606 2922 1715 2995 AEgypti
1729 2938 1779 2993 per

144 3029 298 3090 pernoscet.
314 3020 343 3078 ln
360 3039 416 3094 quo
428 3023 493 3080 illud
513 3024 682 3096 permaxime
695 3024 861 3080 horrendum
872 3023 933 3091 hrit,
948 3032 969 3090 c
987 3022 1096 3079 metalla
1116 3020 1277 3085 destinatos,
1293 3018 1337 3074 oei
1353 3033 1401 3088 per
1415 3025 1528 3072 emeras
1542 3014 1698 3085 provincias
1717 3027 1778 3068 esse

143 3113 218 3182 quod
235 3114 360 3184 quaedam
375 3115 475 3171 mulier
497 3114 583 3171 liaris
607 3116 719 3173 rronrine
733 3115 854 3172 Eleazari
868 3114 935 3182 iiiia,
987 3117 1137 3187 dispersos,
1149 3113 1195 3168 ali
1210 3111 1333 3183 quidem,
1348 3118 1379 3165 ut
1396 3109 1468 3164 indis
1482 3105 1664 3179 gladiatoriis,
1675 3105 1734 3170 alii,
1749 3115 1779 3159 et

143 3215 244 3274 genere
254 3212 282 3259 ct
297 3204 473 3262 facultatibus
492 3206 603 3275 nobilis,
617 3222 674 3278 prae
692 3205 881 3278 magnitudine
893 3203 935 3259 ia·
987 3209 1021 3266 ad
1034 3206 1137 3264 lrestias
1150 3205 1332 3262 traderentur.
1354 3201 1383 3256 Si
1399 3200 1446 3270 qui
1458 3215 1525 3255 sero
1545 3199 1617 3253 intra
1630 3195 1778 3266 septimum

142 3296 198 3353 mis
210 3299 291 3368 quasi
311 3300 338 3356 in
354 3299 502 3356 amentiam
519 3301 563 3357 rel
579 3299 607 3355 in
629 3300 764 3356 insaniam
781 3313 859 3353 rema
873 3312 937 3368 par·
986 3311 1014 3358 et
1027 3301 1163 3357 decimum
1174 3297 1262 3353 atatis
1277 3293 1377 3365 reperti
1393 3301 1457 3347 sunt
1468 3304 1582 3356 annum,
1594 3302 1643 3359 per
1655 3286 1779 3343 diversas

143 3397 249 3464 nulum,
265 3410 346 3467 quern
369 3394 421 3451 sub
441 3393 572 3450 uberibus
589 3392 717 3460 babebat,
730 3392 815 3447 lilium
829 3391 936 3464 jugulat
986 3394 1141 3466 provincias
1151 3391 1179 3446 in
1191 3389 1350 3447 servitutem
1361 3382 1557 3452 distrahijussi
1569 3389 1642 3435 snnt.
1653 3377 1778 3446 Quorum

144 3489 254 3561 ignique
278 3486 481 3558 superpositum
505 3494 610 3552 torret,
633 3495 660 3540 ct
682 3485 802 3539 medium
825 3484 934 3554 quidem
986 3500 1118 3542 numerus
1132 3495 1221 3553 usqne
1236 3480 1270 3536 ad
1289 3478 1438 3549 nonaginta
1454 3474 1538 3529 millia
1558 3472 1777 3541 perluctusest.

144 3580 292 3649 consumit,
308 3578 427 3635 medium
450 3593 516 3634 reru
541 3584 632 3633 servat
653 3576 803 3642 obertum,
822 3575 936 3631 undeet
984 3578 1014 3635 hl
1028 3579 1107 3651 piane
1124 3575 1176 3631 iuis
1195 3572 1268 3628 tratri
1282 3588 1361 3641 super
1375 3580 1473 3624 terram
1487 3564 1609 3620 dentibus
1621 3563 1776 3628 tertiarum,

144 3690 193 3747 per
208 3673 350 3744 predones
367 3669 512 3727 confestim
531 3669 679 3736 irruentes,
695 3682 765 3739 quas
787 3674 935 3736 conceptus
985 3688 1018 3727 ac
1029 3671 1127 3727 deinde
1141 3667 1248 3723 animas
1261 3664 1324 3720 duci
1337 3661 1372 3718 ad
1387 3660 1501 3725 inieras,
1517 3657 1545 3712 id
1563 3656 1615 3711 luit
1628 3653 1699 3710 trabi
1712 3654 1778 3707 den·

143 3767 249 3823 nbustae
263 3765 355 3821 carnis
376 3761 455 3818 nidor
468 3761 630 3816 inritauerat
642 3760 845 3833 (scrutabantur
860 3757 934 3813 cuim
986 3764 1056 3818 titus
1079 3761 1250 3830 serpentium.
1268 3752 1347 3809 Unde
1368 3751 1507 3821 signanter
1526 3761 1581 3802 noo
1598 3747 1777 3801 dictumest:

143 3859 241 3915 nonius
254 3855 406 3913 esttrientes
420 3861 447 3909 et
467 3850 541 3908 lamo
560 3851 754 3921 insanientum
769 3866 818 3920 prr
829 3849 936 3922 prado·
984 3857 1080 3913 denus
1096 3851 1247 3908 bestiarum
1261 3854 1290 3901 et
1298 3842 1466 3914 serpentium
1479 3855 1542 3895 cnm
1560 3836 1654 3893 lurore
1666 3838 1778 3893 trahert-

144 3966 204 4017 nes,
226 3951 349 4021 inquam,
372 3946 575 4018 deprehensum
599 3943 653 4000 hoc
674 3943 777 3998 malurn
802 3943 935 3998 continuo
983 3949 1052 4006 tiam
1074 3958 1158 4013 super
1180 3949 1297 4005 terram
1319 3932 1367 3992 sed
1390 3930 1560 4001 serpentium,
1582 3927 1775 3984 subauditur<

143 4041 280 4097 ciuitatem
292 4028 453 4094 'universam
477 4034 615 4092 horrendo
637 4033 735 4089 nuntio
759 4032 872 4103 replerit
888 4032 934 4088 illa
984 4041 1079 4097 dentes
1103 4051 1165 4091 cum
1185 4034 1275 4105 {uram
1299 4027 1460 4084 trahentium
1485 4023 1513 4078 iu
1528 4020 1679 4077 infernum.
1692 4016 1777 4072 lislo-

141 4130 297 4204 proierentc
321 4129 395 4200 quod
424 4127 576 4193 obtexerat,
597 4142 630 4183 ac
651 4126 760 4183 dicente
779 4127 844 4198 quia
872 4142 934 4197 par·
984 4148 1045 4188 nnn
1065 4128 1188 4185 oninium
1207 4135 1345 4179 summam
1357 4133 1413 4174 uno
1425 4114 1535 4172 tandem
1550 4108 1688 4169 versiculo
1701 4121 1777 4165 com·

142 4216 196 4280 tem
216 4224 293 4279 robis
308 4223 440 4294 optimam
462 4218 610 4277 roscrrari.
632 4219 721 4290 Igitur
735 4227 931 4284 corisumentur,
983 4227 1079 4297 plexus
1091 4228 1133 4277 est
1148 4239 1156 4276 ι
1175 4216 1255 4272 daris
1270 4210 1386 4270 sustulit
1401 4225 1446 4265 eas
1466 4205 1584 4279 plantus,
1602 4211 1626 4258 et
1638 4202 1713 4256 istus
1726 4214 1778 4269 pa·

143 4314 244 4385 iniquit,
259 4314 340 4385 fame,
353 4312 484 4369 subaudis
499 4320 547 4368 :et
556 4327 610 4367 non
625 4311 807 4382 sepelientur3
823 4309 871 4365 sed
885 4308 933 4363 de·
984 4332 1030 4372 aar
1045 4313 1188 4383 :iuuenem
1203 4305 1284 4364 simui
1297 4320 1329 4359 nc
1343 4302 1480 4373 uirginem,
1493 4298 1633 4351 laetantem
1650 4307 1711 4347 cum
1725 4291 1776 4394 lte-

143 4405 271 4462 norniuat
285 4420 329 4461 eos
344 4422 404 4461 arcs
416 4421 506 4461 morsu
522 4406 702 4461 amarlrsimo.
717 4404 837 4475 Sepelire
852 4418 932 4459 uam-
948 4383 971 4438 D
986 4408 1054 4463 mine
1073 4418 1144 4460 sene.
1163 4399 1243 4456 Foris
1266 4410 1386 4465 namquo
1408 4390 1525 4465 ytatius.
1548 4387 1575 4443 id
1596 4394 1639 4442 0¹⁸
1656 4392 1777 4488 0¹i⁰i¹⁰l

142 4507 197 4570 que
212 4498 345 4554 cidarcra
359 4498 549 4569 proximorum
570 4513 621 4553 nec
634 4497 825 4554 defunctorum
842 4496 936 4553 multl-
985 4512 1131 4571 corporum
1146 4490 1304 4552 omnimoda
1318 4485 1480 4550 calarnitas3
1493 4481 1567 4536 intus
1581 4493 1672 4583 poter,
1694 4474 1721 4529 ¹¹¹
1734 4483 1777 4577 ‘ii

140 4592 209 4650 'tuda
227 4607 280 4649 nec
294 4591 393 4647 sirium
413 4592 540 4648 debilitas
554 4590 735 4661 permittebar.
758 4590 852 4646 Primo
873 4589 934 4662 qui·
985 4602 1063 4649 atros
1085 4584 1265 4651 conscientia,
1279 4581 1344 4656 quia
1357 4576 1507 4637 scientibus
1528 4571 1582 4628 illis
1594 4580 1777 4670 Jamsangms

143 4686 204 4741 dem
218 4682 329 4757 publico
342 4692 452 4754 sumptu
468 4683 576 4754 sepeliri
595 4695 721 4739 mortuos
731 4685 872 4752 jusserant
884 4681 935 4739 toe·
984 4684 1097 4750 christi,
1112 4683 1184 4739 sieut
1202 4678 1254 4736 sihi
1271 4671 1413 4746 imprecati
1430 4669 1548 4730 sacrarit,
1561 4675 1644 4732 street
1658 4671 1735 4729 ῬΜ
1748 4664 1777 4715 θῑ

141 4779 212 4835 toris
225 4778 409 4835 intolerantia.
433 4775 469 4832 llt
491 4792 556 4833 uero
570 4791 679 4831 omnem
696 4785 835 4847 sumptum
851 4775 935 4847 coeplt
985 4793 1067 4849 super
1079 4776 1151 4832 illios
1161 4775 1285 4845 ipsorum
1300 4761 1480 4823 redundabat·

143 4870 253 4927 vincere
268 4870 414 4926 multitudo
436 4868 623 4936 morientium,
648 4870 681 4924 de
702 4884 782 4924 muro
802 4868 934 4924 cadavera
1024 4868 1106 4925 iens.
1118 4867 1163 4922 ee.
1188 4863 1220 4918 b‘t
1233 4860 1311 4916 dini:
1328 4856 1442 4913 lliirram
1455 4849 1538 4906 santi
1549 4844 1660 4903 Cessare
1674 4840 1776 4944 (noim

143 4963 349 5032 precipitabant
367 4969 443 5016 tanta
459 4957 644 5026 multitudine,
660 4969 690 5015 ut
703 4968 875 5014 nrortnorum
889 4973 935 5014 ca·
984 4976 1018 5016 en
1028 4958 1178 5014 hauriretur
1189 4951 1343 5009 memoriam
1357 4961 1458 5003 aarum
1475 4941 1539 4997 ilaec
1561 4948 1589 4996 et
1615 4937 1675 5043 bec
1691 4932 1775 5042 dlxii·

141 5056 289 5112 dareribus
303 5055 365 5111 salii
379 5054 558 5126 replerentur,
570 5062 598 5108 et
610 5052 722 5109 burnani
738 5052 860 5123 corporis
872 5052 935 5108 taho
985 5051 1112 5124 qureJam
1126 5048 1266 5121 praemissa
1280 5051 1354 5100 sunt.
1370 5038 1405 5095 m
1429 5047 1494 5094 tuac
1513 5035 1625 5136 demum
1640 5029 1697 5083 dum
1712 5039 1775 5096 οφ,

143 5148 230 5217 patria
255 5156 326 5203 terra
349 5148 494 5220 rigaretur.
517 5146 602 5220 igitur
622 5146 783 5202 devorabunt
804 5163 848 5201 eor
862 5162 933 5213 anes,
986 5145 1030 5203 cui
1046 5144 1144 5201 iuturus
1154 5144 1214 5198 isan
1224 5137 1406 5202 calamitates,
1420 5133 1476 5188 imo
1488 5141 1515 5186 et
1527 5140 1620 5229 ostrum
1636 5132 1690 5176 tarn
1705 5132 1775 5189 prm·

139 5226 409 5313 'scilicetinsepnltos
424 5257 514 5296 atarsu
533 5239 712 5306 amarissima,
727 5242 791 5310 quia
806 5240 931 5296 videlieet
985 5237 1065 5295 terita
1080 5251 1163 5308 quarn
1187 5233 1278 5290 lutura
1301 5227 1444 5303 prasentia
1469 5229 1548 5279 sunt:
1566 5218 1675 5272 nitram
1689 5211 1776 5319 '‘f'‘.²

143 5331 262 5387 residuis
274 5332 326 5390 hoe
340 5333 527 5405 spectantibus
537 5333 710 5389 amarissima
721 5333 779 5388 lucc
790 5330 843 5387 erit
855 5345 931 5385 ama·
985 5329 1109 5386 videlieet
1129 5327 1193 5399 quia
1214 5325 1374 5382 deiecerunt
1393 5325 1551 5390 pcccatmcs
1563 5328 1579 5366 a
1593 5321 1666 5416 terra
1676 5317 1705 5363 ct
1717 5320 1774 5361 rnr-

143 5423 245 5480 ritudo.
268 5422 322 5481 Nec
342 5427 432 5484 solum
456 5442 515 5482 ausa
531 5425 704 5491 devorabunt,
726 5425 772 5481 sed
792 5436 819 5481 ct
841 5425 931 5480 dantes
985 5426 1044 5498 qui,
1061 5424 1098 5481 ita
1116 5432 1145 5479 ut
1164 5415 1336 5476 nursinum
1351 5429 1391 5470 vm
1410 5411 1474 5476 iilis,
1497 5422 1567 5479 quos
1588 5411 1677 5460 neoth
1701 5398 1774 5453 ⁰²⁰⁸

143 5515 287 5572 bestiarum
308 5519 450 5575 imarittam
468 5520 495 5575 in
513 5535 556 5574 aas
574 5518 734 5573 trahentium
749 5532 797 5575 cos
810 5534 868 5572 cunt
885 5517 930 5584 iu·
986 5520 1094 5575 utineam
1105 5518 1168 5581 sint,
1182 5531 1245 5572 unm
1265 5512 1324 5583 ipse
1347 5505 1483 5566 omnium,
1497 5500 1636 5573 quisunt,
1649 5498 1696 5569 qui
1716 5510 1772 5552 non

142 5620 202 5662 rare
214 5622 401 5686 superterram
417 5612 567 5683 dentesque
583 5611 753 5682 serpentium.
988 5612 1051 5667 unali
1067 5619 1141 5678 sunt,
1157 5612 1231 5667 iocus
1247 5609 1292 5666 sit.
1308 5602 1385 5661 Unde
1395 5599 1461 5657 dicit
1474 5596 1542 5655 lob:
1562 5594 1662 5653 «Sicut
1672 5606 1774 5651 consu·
