3892 6067
159 226 231 283 totu
589 224 653 284 tiu.
676 227 720 282 DE
739 226 868 285 clonia
889 225 933 283 ET
952 226 1095 286 liudonis
1114 226 1192 283 FlLil
1209 227 1361 288 nomimis.
1730 235 1803 297 ¹0⁹0

162 341 201 401 sit
214 335 336 395 Danielis
352 334 433 405 risio,
458 338 507 411 qui
527 337 594 396 uidit
609 340 727 413 lapidem
742 342 776 398 de
793 350 886 398 monte
897 341 958 398 sine
970 352 995 409 Α
1008 341 1082 415 qued
1097 356 1153 397 non
1167 351 1209 398 est
1223 343 1327 398 aniana,
1339 343 1378 399 dc
1391 357 1440 414 per
1449 342 1503 401 hoe
1517 345 1567 401 tn'a
1586 345 1631 403 ilia
1647 362 1701 405 uon
1716 353 1801 411 homo

154 434 285 492 manibus
297 428 453 489 abscissum
468 431 588 490 creuisse
611 433 639 489 in
665 442 787 491 montem
808 449 950 508 maguum,
1003 437 1079 499 sunt,
1095 430 1144 487 sed
1161 430 1282 489 hominis
1303 442 1378 501 sunt,
1395 433 1437 489 rel
1452 434 1480 488 in
1499 435 1611 492 homine
1624 447 1717 496 sunt.»
1734 440 1800 502 litae

153 526 192 582 ita
207 532 238 580 ιιι
251 522 378 594 impleret
402 520 563 578 uniuersum
584 522 719 579 mundum
745 522 827 595 (Dru.
845 540 876 590 n,
891 522 949 595 55).
1002 521 1110 579 dicente
1123 532 1220 580 sancto
1240 524 1406 596 Augustino,
1420 528 1539 583 assertio
1562 539 1656 585 nostra
1675 531 1714 587 iiii
1728 549 1800 590 oon·

154 616 298 675 Sicetiam
314 613 445 686 paruulus
467 612 565 682 David,
591 631 654 671 eum
681 615 780 674 luisset
802 626 903 673 unctus
921 617 951 673 iu
1001 623 1093 684 sonat,
1117 631 1172 687 qua
1194 615 1392 688 distinguimus
1416 619 1615 677 humanitatem
1643 638 1698 695 qua
1714 625 1801 684 home

151 707 358 782 regemcrerit,
375 721 430 762 non
453 705 612 773 instatura,
632 706 723 762 sedin
741 706 951 764 rirtotectior·
1001 715 1060 774 ιιι,
1093 723 1209 779 quaeque
1247 709 1369 768 hominis
1405 719 1447 768 est
1479 720 1508 767 et
1535 711 1595 784 ipsa
1629 715 1713 772 homo
1740 732 1799 775 uon

152 801 280 867 titudine,
295 799 335 855 ita
348 806 379 855 ut
391 813 441 854 ora
452 797 563 853 leonum
576 796 725 871 frangeret,
740 798 853 854 brachia
868 814 951 855 orso·
1001 808 1063 867 est,
1089 799 1124 854 air
1149 798 1323 856 humanitate
1346 817 1409 873 que
1435 803 1521 859 homo
1549 813 1611 873 est,
1637 803 1798 881 quanquam

152 906 215 947 rum
239 889 397 961 dissiparet,
425 887 602 945 metuendum
625 889 734 945 cunctis
758 887 950 947 Philistluemu
1000 892 1029 947 iu
1067 900 1227 950 sanctorum
1266 895 1429 952 tractatibus
1468 910 1569 952 nemen
1613 897 1797 959 immanitatis

152 982 247 1056 gladio
256 996 309 1039 suo
321 981 471 1053 jugularet.
490 978 568 1037 Sicut
580 996 645 1053 ergo
661 982 706 1037 ille
726 990 824 1039 auctus
836 991 879 1039 ιιι
894 998 950 1040 nou
1001 983 1155 1040 inveniatur
1186 984 1223 1041 'in
1260 992 1378 1057 utraque
1414 986 1616 1059 significatione
1662 990 1796 1061 positum.

151 1074 182 1131 iu
195 1083 293 1130 natura
305 1072 550 1143 humanitatisque
561 1072 645 1130 homo
658 1072 720 1141 luit,
734 1089 851 1149 quamque
865 1075 949 1131 homo
1000 1070 1053 1130 out
1077 1073 1151 1130 enim
1180 1073 1346 1145 predicatur
1372 1074 1556 1133 humanitatis
1584 1080 1740 1151 assumptio
1766 1082 1797 1139 in

151 1180 208 1222 uon
227 1164 294 1233 iuit;
312 1164 359 1221 sed
385 1163 414 1220 iu
432 1163 519 1234 gioria
538 1163 635 1236 regali,
660 1162 750 1221 iactos
769 1166 878 1222 taudem
900 1180 949 1221 rex
1000 1163 1099 1233 licum,
1122 1165 1235 1222 nomine
1255 1165 1436 1224 humanitatis
1461 1167 1546 1224 homo
1560 1167 1734 1243 significatur
1755 1172 1799 1230 sic

150 1255 384 1315 iudeorumasie
411 1263 438 1312 et
463 1255 592 1314 Christus
620 1255 707 1314 Filius
724 1257 785 1329 ejus
808 1272 864 1329 praa
890 1256 949 1314 sois
999 1265 1159 1328 assumptus
1172 1254 1280 1324 inliso,
1300 1265 1330 1313 ut
1354 1258 1390 1316 sit
1405 1257 1489 1315 iieus.
1514 1258 1566 1316 unt
1580 1277 1647 1319 uero
1663 1261 1799 1334 praediea·

151 1350 328 1407 consortibus
342 1357 453 1418 unetos,
466 1360 643 1421 permanente
655 1351 683 1406 in
693 1366 727 1407 eo
736 1357 837 1406 natura
850 1349 950 1407 huma·
999 1355 1045 1403 tnr
1057 1347 1128 1402 idem
1140 1347 1224 1404 homo
1232 1347 1430 1419 aequauerant
1443 1350 1596 1406 seeundum
1609 1352 1797 1423 divinitatem,

151 1446 248 1503 utitatis
263 1461 343 1512 rere,
360 1446 512 1503 seeundum
523 1460 607 1516 quam
622 1443 789 1517 praedicatur
805 1444 947 1516 paruulus,
998 1440 1091 1497 minor
1102 1439 1184 1497 Patre
1207 1443 1360 1498 seeundum
1382 1443 1593 1512 humanitatem,
1613 1447 1725 1503 numine
1741 1447 1795 1503 hu·

151 1535 243 1593 iactos
262 1543 305 1592 est
319 1550 367 1591 rex
381 1550 508 1606 magnus,
532 1534 580 1606 qui
611 1542 708 1591 contra
724 1532 816 1591 leones
826 1542 854 1590 et
867 1548 948 1591 ursos
998 1530 1140 1587 munitatis
1154 1540 1252 1587 natura
1263 1531 1385 1590 humana
1398 1549 1454 1605 qua
1469 1534 1552 1591 homo
1562 1543 1605 1592 est
1617 1535 1711 1604 homo,
1720 1554 1797 1610 qnae·

150 1630 276 1700 aliasque
290 1629 393 1686 hestias
410 1627 569 1696 infernales,
581 1638 664 1702 atque
675 1635 770 1685 contra
784 1629 875 1700 ipsum
889 1630 948 1686 dia·
999 1637 1053 1694 (1¹¹0
1067 1623 1188 1679 homiliis
1201 1631 1254 1690 0³1,
1268 1631 1297 1680 ti
1317 1623 1376 1697 ipsa
1389 1642 1444 1682 ¹¹⁰ss
1467 1638 1510 1683 0⁸¹
1524 1627 1619 1695 h⁰¹¹l⁰2
1632 1642 1700 1684 ⁸³⁰²
1715 1628 1797 1685 illiti·

150 1720 245 1777 hoium
262 1720 411 1792 principem
426 1720 636 1786 dementiorem,
655 1720 846 1777 Philisthaeum
861 1721 947 1777 ineir·
961 1712 985 1774 B
999 1713 1104 1786 ligitur.

150 1816 307 1874 ιιιιιιιίιιιιιι
319 1816 376 1886 jam
391 1815 531 1887 triumphu
542 1816 657 1887 potitus,
669 1830 717 1871 ιιι
727 1813 949 1885 estludaeorum,
1309 1828 1426 1885 caput·
1446 1830 1481 1886 v,

150 1908 178 1964 jd
192 1919 235 1965 egr
246 1908 371 1965 omnium
386 1905 578 1964 perimentium
594 1906 669 1978 quod
687 1906 745 1977 ipse
759 1914 804 1964 est
818 1907 846 1962 iu
861 1907 948 1978 gioria
999 1918 1123 1975 Christus
1138 1920 1184 1990 qui
1197 1929 1237 1974 est
1252 1921 1394 1977 diuinitate
1411 1921 1480 1977 Deus
1492 1932 1518 1977 et
1539 1926 1706 1979 nuutunituie
1717 1941 1795 1981 nomo

150 1998 199 2056 nep
212 2000 312 2057 papis,
1034 1999 1084 2055 ιιι,
1102 2005 1155 2043 raon
1173 2001 1258 2060 potest
1273 2009 1332 2047 uero
1349 1993 1485 2047 intellectu
1506 1994 1622 2066 ietteiiipi
1639 1997 1728 2063 leonto,
1743 1996 1796 2051 nisi

187 2090 232 2149 lV.
249 2091 348 2161 llonto,
363 2091 487 2163 iuquam,
505 2099 548 2148 est
561 2090 590 2146 in
602 2090 690 2163 gioria
704 2089 764 2157 liei,
780 2089 846 2164 quia
861 2090 947 2147 homo
1033 2075 1095 2114 Μ
1114 2059 1197 2115 vem
1211 2063 1282 2132 ‘'w“
1298 2079 1361 2173 “ff‘'
1377 2060 1479 2134 imm
1493 2075 1544 2119 ‘⁸¹'

150 2182 197 2239 ilie
211 2182 284 2239 heus
305 2192 358 2252 est,
382 2193 410 2240 et
432 2198 574 2254 nunquam
599 2182 652 2239 luit
679 2183 764 2240 homo
787 2198 841 2239 uon
862 2181 947 2253 Deus,
1034 2175 1304 2246 tessenderlon
1327 2188 1455 2235 naturam
1478 2178 1614 2239 Photinus
1636 2182 1745 2253 putarit
1766 2183 1794 2238 in

148 2273 214 2344 quia
237 2289 272 2331 ιι
293 2290 350 2346 quo
365 2275 448 2345 eoepit
468 2289 531 2332 esse
552 2275 637 2330 homo
652 2273 790 2346 perlectus
804 2289 839 2330 ex
853 2275 947 2332 antima
998 2268 1110 2326 Christo
1137 2271 1236 2339 seiano,
1264 2271 1360 2329 dicem
1382 2272 1460 2328 ilium
1483 2288 1545 2329 esse
1568 2273 1710 2329 huminem
1737 2289 1794 2331 uon

148 2366 279 2421 rationaii
294 2374 323 2422 et
349 2366 471 2423 humana
496 2381 580 2423 carne
598 2365 766 2435 subsistens,
789 2368 947 2425 eratetiant
999 2360 1097 2418 Deum·
1135 2361 1188 2419 Stil
1225 2361 1363 2437 Eutyches
1391 2366 1496 2436 imitavit
1518 2374 1723 2437 consumptam.
1745 2365 1796 2422 1¹0·

148 2458 288 2528 perlectus
304 2457 377 2515 licus
389 2458 417 2514 in
433 2459 525 2531 seipso
537 2458 704 2515 aeternaliter
716 2458 947 2516 existensllomo
999 2469 1067 2510 cens
1090 2469 1124 2510 et
1148 2454 1276 2524 duabus,
1302 2471 1358 2512 nou
1392 2456 1420 2512 iu
1455 2457 1564 2512 duabus
1596 2458 1704 2513 naturis
1728 2471 1797 2513 ron·

149 2550 305 2609 subsistens
317 2567 351 2607 ex
364 2550 595 2622 multisuuaennn
607 2561 673 2607 sunt
687 2554 782 2620 homo,
795 2548 869 2608 Deus
881 2565 948 2607 uero
999 2547 1099 2604 sistere
1126 2546 1278 2605 Cirristunt.
1301 2548 1470 2620 Apollinaris
1497 2565 1563 2617 rero
1592 2552 1717 2607 eamdem
1746 2567 1796 2607 na·

148 2641 273 2698 existens
288 2642 317 2697 iu
330 2643 479 2714 semetipso
493 2643 528 2699 ah
538 2651 652 2700 eterno.
666 2641 839 2710 «Quoniam,
853 2643 948 2701 »sieut
999 2646 1090 2694 terant
1107 2639 1256 2696 humanam
1276 2640 1303 2695 iu
1316 2639 1427 2696 Christo
1440 2641 1480 2698 sic
1502 2642 1649 2709 mutilavit,
1663 2651 1694 2697 ut
1708 2642 1732 2698 ei
1747 2641 1796 2698 de·

149 2732 189 2788 ait
213 2731 334 2800 Boetius,
351 2752 362 2786 ι
378 2735 461 2789 homo
483 2749 538 2789 non
556 2734 660 2807 {integre
677 2735 767 2806 ipsum
783 2734 867 2791 hemo
881 2742 945 2790 est:
999 2729 1119 2785 traheret
1134 2730 1254 2785 amintam
1271 2730 1445 2797 rationalem,
1465 2730 1568 2788 <luscus
1583 2748 1633 2804 pro
1650 2732 1743 2790 antima
1764 2732 1794 2790 itt

147 2824 312 2897 quodenim
332 2834 384 2894 est,
410 2827 473 2883 aliis
490 2827 572 2883 dohet
583 2841 647 2899 qum
660 2841 717 2883 non
731 2826 901 2895 spatiumne,
917 2834 948 2882 ut
998 2820 1108 2877 Christo
1136 2821 1221 2877 luisse
1246 2822 1332 2893 ipsam
1348 2822 1530 2879 divinitatem.
1557 2822 1596 2880 lie
1618 2838 1675 2896 quo
1698 2836 1794 2881 erroro

146 2917 224 2972 ueriti
238 2917 326 2989 gratia
340 2926 432 2988 partes
448 2919 509 2989 ejus
529 2926 578 2974 ant
596 2917 703 2986 immae,
718 2918 751 2975 de
764 2918 867 2989 quihus
879 2934 948 2976 eon·
998 2911 1157 2970 conlutatns
1178 2913 1265 2985 ipsius
1288 2911 1392 2970 Christi
1418 2914 1513 2984 verbo,
1539 2915 1677 2971 dicentis:
1692 2913 1793 2971 Tristia

147 3007 221 3064 sistit
235 3008 329 3074 homo,
342 3024 460 3080 quarum
482 3018 575 3065 tamen
598 3009 674 3065 nulla
686 3017 729 3065 ιιι
755 3010 849 3067 homo.
873 3008 946 3067 lieus
997 3013 1037 3060 eti
1051 3005 1142 3059 aalma
1156 3020 1215 3059 men
1231 3021 1312 3076 utute
1324 3005 1359 3059 td
1374 3014 1484 3060 moriem
1508 3004 1618 3079 (harro.
1646 3022 1722 3074 xxti,
1734 3008 1793 3079 38).

146 3114 214 3155 uero
229 3117 238 3150 ι
253 3096 292 3153 ait
304 3099 375 3154 idem
388 3111 503 3166 auctor,
519 3119 528 3152 ι
545 3100 598 3157 hoc
615 3101 705 3172 ipsum
718 3100 792 3158 iieus
802 3111 855 3159 est.
870 3102 945 3159 Nihil
996 3095 1133 3153 concessit
1145 3096 1223 3152 illurn
1245 3096 1379 3153 habuisse
1393 3097 1514 3153 animam
1536 3113 1598 3169 quae
1610 3113 1712 3172 corpus
1723 3098 1795 3155 uiri·

146 3188 354 3247 enimaiiudest
366 3191 418 3247 nisi
431 3193 662 3263 quindestmeper
672 3191 725 3250 hoc
737 3194 828 3265 ipsum
842 3193 942 3252 heus.»
995 3187 1100 3255 liceret,
1126 3190 1176 3245 sed
1196 3189 1384 3246 rationalitate
1406 3189 1528 3248 humana
1544 3201 1652 3247 careret
1667 3191 1792 3262 eoquod

147 3283 337 3355 Cottgruitque
351 3284 390 3339 iili
406 3285 458 3340 soli
471 3286 588 3357 septima
605 3287 700 3358 regula
717 3286 745 3342 itt
761 3285 868 3355 Boario,
883 3302 945 3359 (μη
995 3279 1041 3335 iiia
1055 3295 1109 3335 nott
1125 3280 1269 3351 indigeret,
1282 3282 1347 3353 quia
1360 3281 1531 3339 divinitatem
1550 3298 1601 3355 pro
1614 3283 1723 3339 ratione
1743 3283 1794 3339 lta-

147 3375 215 3432 dicit
229 3393 236 3430 ε
251 3376 358 3432 ιΟιιιιιι
370 3376 485 3448 simplex
500 3386 542 3434 est
552 3393 614 3434 esse
624 3394 719 3447 strum,
731 3387 759 3436 et
774 3380 800 3436 id
814 3380 889 3452 qum
903 3388 946 3438 est
994 3374 1080 3432 heret.
1093 3372 1181 3429 Porro
1188 3372 1333 3433 Nestorius
1347 3375 1481 3449 integram
1494 3377 1630 3432 conlitens
1642 3374 1669 3432 tn
1680 3374 1795 3433 Christe

147 3483 234 3523 ιιιιιιιιι
250 3468 342 3523 hahet.
356 3487 365 3520 ι
383 3467 462 3535 Quod
472 3483 540 3525 uero
554 3468 583 3524 in
598 3480 694 3526 octaua
707 3471 800 3543 regula
821 3469 943 3529 dicitur:
994 3467 1204 3535 inhumanitatem,
1219 3466 1260 3524 sic
1275 3483 1335 3524 eam
1347 3468 1442 3524 diuisit
1456 3484 1473 3524 a
1494 3467 1648 3534 divinitate,
1668 3476 1698 3523 ut
1708 3468 1792 3531 aliam

151 3557 253 3614 rilntni
276 3558 430 3630 composito
452 3559 527 3615 aliud
541 3568 583 3615 ιιι
602 3576 674 3628 ιιιι,
686 3562 760 3619 aliud
772 3562 863 3634 ipsum
876 3572 942 3620 ιιιι
994 3556 1042 3615 liei
1056 3567 1083 3615 et
1095 3558 1177 3615 uliam
1192 3557 1296 3617 laceret
1314 3560 1436 3616 hominis
1451 3575 1609 3631 personam,
1625 3557 1725 3615 Filium
1742 3557 1792 3615 liei

147 3648 254 3705 homini
271 3649 395 3721 coaptari
409 3657 510 3721 potest,
526 3650 571 3705 cui
592 3649 666 3706 aliud
681 3659 800 3707 estesse
815 3668 872 3724 quo
889 3661 943 3720 est,
994 3651 1143 3722 prohibens
1164 3651 1218 3707 diei
1242 3651 1328 3707 illium
1354 3652 1487 3720 hominis,
1505 3667 1561 3708 non
1583 3653 1740 3708 concedens
1755 3664 1791 3711 cx

147 3741 223 3798 aliod
239 3742 308 3813 ipse,
324 3742 390 3812 quia
404 3741 627 3813 humanitasque
641 3752 684 3799 est
705 3744 799 3810 homo,
813 3744 872 3815 ipsa
889 3759 944 3801 non
995 3742 1107 3799 humine
1125 3741 1211 3797 Detun
1227 3744 1350 3813 potuisse
1365 3742 1501 3812 generari.
1518 3739 1597 3797 Uinde
1614 3741 1718 3799 Christi
1732 3756 1792 3797 ma-⁴

147 3846 190 3894 est
203 3838 285 3893 homo
297 3855 304 3893 :
317 3837 391 3893 sicut
407 3837 490 3893 etiam
511 3837 694 3907 corporeitas,
709 3850 764 3907 qua
779 3846 943 3911 estcorpus,
995 3842 1065 3890 trem
1091 3835 1175 3890 vetnit
1196 3830 1333 3890 untrainaui
1359 3834 1516 3902 theotocon,
1539 3834 1566 3889 id
1588 3841 1630 3890 est
1649 3832 1698 3891 liei
1713 3833 1792 3906 geni«

147 3930 206 4003 ipsa
217 3946 272 3986 non
282 3940 325 3987 cst
336 3944 449 4001 corpus,
460 3937 595 3986 ctoetem
609 3928 636 3983 in
651 3928 726 3986 hunc
739 3930 850 3986 modum
866 3931 944 4001 plura
994 3925 1100 3983 tricem.

147 4021 325 4078 inveniuntur
341 4022 369 4076 in
385 4021 498 4076 homine
515 4035 577 4091 qnae
599 4029 665 4077 sunt
687 4019 821 4087 hominis,
842 4022 944 4093 etipsa
1031 4016 1063 4072 ti.
1073 4016 1218 4089 interque
1230 4025 1354 4075 monstra
1364 4017 1536 4075 diversarum
1547 4019 1682 4076 haeresum
1693 4026 1791 4083 saneta

146 4127 203 4167 nou
218 4120 282 4168 sunt
296 4113 390 4179 homo,
404 4111 479 4166 rerhi
493 4111 590 4183 gratia,
605 4110 750 4174 memoria,
764 4126 853 4179 mens,
866 4112 945 4168 intel·
994 4109 1129 4165 eatinoliea
1144 4107 1266 4165 Ecclesia
1287 4111 1375 4166 tenuit
1394 4126 1426 4165 ae
1439 4118 1514 4166 tenet
1529 4110 1650 4166 medium
1665 4111 1790 4169 ueritatis

144 4202 269 4276 ligentiu,
292 4204 430 4260 uoluntas.
454 4200 529 4258 Nihil
550 4211 643 4259 autem
666 4202 808 4258 invenitor
832 4203 860 4258 in
886 4202 943 4261 lieo
995 4202 1057 4268 iter,
1073 4217 1131 4259 non
1145 4202 1288 4258 declinans
1301 4203 1335 4258 ad
1357 4202 1500 4259 dexteram
1515 4202 1558 4258 tol
1579 4203 1613 4258 ad
1633 4202 1789 4272 sinistram,

146 4295 221 4369 quoti
238 4311 294 4351 non
316 4296 353 4352 sit
377 4294 461 4362 Deus,
478 4295 543 4367 quia
568 4294 616 4352 liei
640 4294 769 4351 uoluntas
793 4292 867 4351 Deus
890 4304 943 4365 ιιι,
994 4294 1187 4366 distinguendo
1198 4295 1227 4351 in
1237 4293 1349 4352 Christo
1358 4304 1486 4350 naturam
1498 4293 1789 4358 diuinitatisanatma

145 4385 263 4458 ipsaque
280 4386 368 4458 ipsius
379 4385 510 4443 diviuitas
521 4384 595 4442 Deus
604 4393 657 4444 est.
673 4383 839 4444 donantem
860 4385 902 4443 sie
913 4385 942 4442 iu
957 4420 981 4475 Β
995 4388 1186 4455 humanitatis,
1200 4388 1227 4443 in
1247 4404 1282 4446 eo
1296 4387 1371 4461 quod
1384 4403 1475 4460 oeque
1486 4386 1618 4445 diuinitas
1629 4397 1672 4444 est
1684 4386 1787 4444 huma«

145 4477 271 4546 homine,
282 4478 363 4549 cujus
377 4476 566 4534 necvoiuntas
580 4477 665 4533 homo
677 4486 731 4544 est,
748 4492 800 4535 neo
814 4476 943 4534 humani·
994 4478 1079 4545 nitas,
1105 4495 1194 4553 neque
1216 4480 1375 4537 humanitas
1389 4480 1520 4536 diuinitas
1541 4499 1548 4539 a
1569 4490 1597 4535 ιι
1615 4487 1708 4536 tameo
1726 4493 1791 4538 cres

145 4579 190 4629 tat
205 4572 289 4629 homo
299 4580 352 4639 ιιι,
363 4570 428 4643 quia
446 4569 510 4626 talia
529 4569 558 4626 in
573 4569 685 4628 homine
697 4586 753 4627 nen
766 4580 832 4629 sunt
846 4571 941 4642 horno,
993 4573 1083 4631 dendo
1092 4574 1166 4648 qttod
1181 4590 1254 4632 unus
1265 4574 1393 4645 idemque
1404 4573 1453 4629 liei
1464 4581 1491 4630 ιι
1500 4572 1623 4628 hominis
1636 4572 1710 4630 iilius
1720 4586 1790 4637 tera

145 4662 195 4722 ret
207 4673 273 4720 sunt
285 4661 416 4720 hominis.
434 4658 513 4719 liudo
523 4661 694 4733 Augustinus
707 4662 735 4718 in
747 4661 819 4720 iiltro
834 4663 943 4721 meiano
992 4673 1020 4721 et
1036 4663 1141 4737 iutegra
1161 4663 1335 4723 humanitate
1354 4665 1439 4722 humo
1452 4672 1506 4732 est,
1522 4671 1550 4721 et
1570 4663 1648 4722 omui
1663 4662 1787 4735 plenitu-

145 4756 244 4829 quinto
257 4750 513 4812 ile'lrinitateait:
527 4770 537 4806 t
550 4751 709 4811 luucuimus
728 4764 756 4811 et
778 4752 807 4811 iu
829 4754 942 4814 homine
992 4756 1057 4815 (line
1070 4756 1224 4814 diuinitatis
1245 4755 1318 4814 Deus
1337 4764 1390 4823 est,
1406 4755 1498 4812 minor
1510 4753 1621 4827 quidem
1636 4753 1720 4813 Patre
1742 4770 1789 4814 se·

145 4848 310 4916 trinitatem,
321 4847 348 4904 ld
361 4855 405 4903 est
418 4854 538 4903 mentem
550 4854 578 4903 et
589 4844 715 4902 notitiam
730 4860 785 4918 qua
805 4862 836 4904 ιι
854 4848 941 4915 novit,
992 4849 1114 4907 eundum
1138 4849 1339 4907 humanitatem
1353 4863 1409 4921 qua
1433 4849 1518 4907 homo
1531 4856 1585 4918 ιιι,
1607 4848 1655 4909 sed
1669 4848 1789 4922 equalis

144 4949 174 4997 et
186 4940 427 5011 dilectionemque
441 4952 471 4996 se
488 4938 587 5011 diligit.
607 4935 681 4995 Sane
696 4939 754 4995 haee
767 4938 819 4995 tria
830 4949 896 4997 sunt
911 4941 940 4999 ln
991 4939 1065 5001 Patri
1078 4940 1230 4999 secundum
1246 4939 1417 4998 diuittitatem
1429 4958 1485 5015 qua
1497 4940 1572 5000 ileos
1581 4952 1633 4999 est.
1648 4939 1682 4999 lit
1695 4951 1789 5014 potest

145 5032 269 5102 homine,
289 5042 321 5090 ut
344 5048 398 5089 nou
411 5032 470 5104 ipsa
491 5032 549 5089 siut
564 5030 660 5088 homo.
683 5028 772 5088 llomo
791 5039 834 5089 est
854 5033 939 5105 enim,
990 5033 1101 5107 quidem
1114 5030 1789 5105 utcunquedirinitasinteiligisinehumtuitate,

146 5124 525 5192 sicotvrteresdiillnicruot,
540 5123 644 5180 artimai
655 5122 801 5194 rationale,
813 5126 938 5186 mortale.
991 5126 1034 5186 ret
1047 5127 1108 5185 sine
1118 5126 1262 5186 diuinitate
1282 5126 1453 5197 humanitas,
1475 5135 1506 5184 ut
1524 5141 1588 5183 eum
1603 5125 1638 5181 de
1649 5123 1699 5185 itin
1718 5126 1788 5184 diei-

147 5213 195 5272 lila
212 5232 278 5289 ergo
290 5217 430 5275 excellunt
441 5214 602 5283 iniromine,
616 5229 670 5270 non
688 5212 747 5287 ipsa
762 5226 827 5274 suunt
839 5218 939 5288 trorum
990 5234 1054 5276 mus
1068 5218 1144 5291 quod
1158 5228 1235 5277 caret
1246 5218 1335 5288 initio,
1350 5220 1385 5287 de
1395 5220 1448 5277 ista
1469 5218 1543 5291 qued
1566 5217 1651 5278 inaltet
1665 5219 1784 5277 initium.

146 5316 174 5363 et
187 5322 241 5362 uria
254 5322 384 5378 persona,
399 5308 481 5366 idest
496 5308 624 5381 singulus
637 5310 722 5367 homo
735 5308 874 5367 irahctilla
886 5309 939 5366 tria
991 5312 1045 5370 sm
1056 5314 1114 5386 ipse
1127 5310 1266 5378 christus,
1281 5315 1327 5385 qui
1344 5322 1373 5370 et
1389 5313 1534 5370 divinitate
1549 5310 1626 5369 oeus
1642 5322 1671 5370 et
1686 5314 1787 5370 huma·

147 5400 175 5458 in
192 5411 293 5457 mente.
303 5392 382 5471 Qutod
404 5401 428 5458 si
447 5402 530 5458 etiam
545 5402 585 5458 sic
599 5402 766 5460 diiilniamus
787 5403 938 5473 hominem,
989 5408 1075 5464 nitate
1087 5407 1171 5462 homo
1183 5415 1236 5475 est,
1253 5420 1309 5461 non
1324 5412 1415 5477 potest
1427 5419 1495 5460 vero
1508 5393 1651 5463 intellectu
1669 5401 1785 5476 intelligi

145 5504 176 5550 ut
186 5492 424 5551 dicamusrilomo
434 5502 477 5552 ιιι
488 5494 642 5552 substantia
654 5494 939 5553 rationaiisconstans
990 5499 1084 5568 inemo,
1100 5496 1153 5554 nisi
1166 5512 1230 5555 eum
1244 5494 1335 5553 Verho
1349 5494 1424 5570 quod
1447 5509 1513 5553 earo
1526 5492 1632 5554 lactum
1647 5505 1701 5565 est,
1719 5494 1785 5569 quia

142 5605 309 5663 excerpere
330 5599 357 5647 et
379 5588 482 5660 aninrn,
508 5605 562 5647 nou
586 5598 629 5646 est
655 5590 769 5647 dnhium
796 5590 936 5647 homiuem
989 5589 1109 5647 lenitum
1135 5587 1210 5647 Deus
1230 5588 1314 5661 lartius
1337 5588 1401 5645 uoti
1428 5586 1550 5645 hominis
1577 5597 1661 5663 caput
1676 5586 1784 5660 :Caput

142 5684 248 5759 'hahere
262 5684 381 5743 aniruam
397 5696 526 5761 qtioettou
541 5693 582 5745 ιιι
597 5699 708 5761 eorpus,
721 5684 821 5742 hahere
836 5699 937 5761 eorpus
989 5683 1057 5743 euim
1076 5681 1176 5743 christi
1202 5680 1270 5741 Deua
1294 5680 1320 5753 {l
1337 5681 1399 5739 Cor.
1424 5696 1463 5750 ιι,
1487 5680 1527 5753 «ii,
1553 5682 1594 5746 'ait
1621 5679 1783 5758 Apostolum
