3892 6067
88 224 158 281 '12⁹
415 227 693 290 Cotlttntlanliltt
713 229 746 288 ld
763 227 933 290 astutius.
952 262 989 276 -
1008 231 1100 289 tatas
1121 232 1154 289 Χ.
1173 263 1210 275 -
1227 232 1326 291 esst.
1345 232 1460 291 extiti.
1693 236 1746 294 730

89 335 235 401 sarran,
249 346 279 392 ut
292 354 335 394 me
350 354 414 396 erttn
429 340 531 398 sanetis
544 341 598 397 tuis
615 342 642 398 in
656 342 760 400 eoelesti
791 341 903 401 Jerusa-
917 356 940 414 Α
954 346 1020 432 taini
1031 345 1073 401 bis
1088 345 1196 416 positus
1208 346 1335 418 designat
1352 323 1487 419 duplicem
1504 331 1630 419 gloriam,
1645 350 1744 408 atrimae

89 427 156 487 lem
170 431 308 490 sociares.
323 432 386 490 ldeu
398 451 494 491 omres
503 435 582 508 insti.
720 456 744 472 ·«
953 447 981 493 et
994 437 1131 508 eorporis.

133 564 234 624 Vens.
247 569 293 625 ld.
310 570 479 641 caliginum·
495 570 608 625 batarino
636 572 662 629 id
675 585 717 630 est
729 573 837 632 landate
850 575 902 631 ilo·
989 527 1144 585 mmmm„
1161 529 1233 600 qum!
1249 530 1376 601 primitus
1397 540 1452 587 Μ
1467 532 1563 602 'muni
1575 547 1623 604 W
1636 533 1745 591 anduh
1763 591 1771 606 ³

611 613 620 640 '
954 621 1214 692 lntitulaotttr,quia
1229 631 1284 677 tres
1297 622 1408 679 ordines
1429 621 1557 680 Eeeiesire
1582 625 1609 678 in
1639 623 1758 681 risione

89 663 215 720 minum
230 677 294 718 ⁰⁰⁰¹
307 663 421 734 'qumis’
435 665 559 736 ‘mnium
576 669 653 724 ⁵⁰¹¹*
667 678 709 724 ⁰⁵²
724 668 817 734 ΜΨ
836 683 902 737 ‘'m''
953 711 1096 770 Trinitatis
1108 712 1245 769 laetantur.
1264 712 1365 770 Dreirrde
1377 726 1440 770 octo
1453 715 1535 771 simui
1564 731 1612 786 per
1634 716 1744 773 alleluia

89 753 179 808 trium
192 754 219 808 in
231 754 359 832 secudum
374 755 554 814 nriterirorriiu
564 759 633 829 ejas,
645 759 678 815 de
690 759 770 828 errius
782 758 903 814 bonitate
954 804 961 818 .

89 856 124 902 et
143 845 339 903 misericordia
352 847 396 904 mc
420 849 566 922 sommi„
583 851 682 926 gaudio
696 859 724 909 el
741 851 833 908 mma
845 851 901 907 eri·
954 804 1153 872 inscribuntur,
1180 805 1244 874 qnia
1269 804 1361 862 beleles
1396 807 1423 861 in
1448 816 1511 863 oeto
1530 808 1746 866 beatitudinibus

91 953 179 994 mm·
952 897 1165 969 aternogaudio
1180 898 1320 953 lrnuntnr.
1334 897 1431 954 Postea
1445 900 1501 954 duo
1523 900 1619 970 psalnri
1637 902 1663 955 ia
1679 903 1746 958 litu·

953 991 988 1047 lis
1004 991 1105 1047 babent
1118 991 1244 1056 Alleluia,
1256 992 1321 1062 qnia
1334 992 1362 1047 in
1375 1002 1534 1062 grerpetnum
1549 993 1706 1064 gaudebunt
1716 995 1743 1050 in

134 1068 192 1128 ilie
205 1071 329 1142 psaltrms
342 1087 358 1127 a
374 1072 452 1129 laude
464 1073 569 1146 incipit,
581 1082 608 1131 et
633 1074 661 1131 in
686 1074 765 1130 latnie
789 1074 908 1158 desinit,
932 1125 935 1130 <
952 1083 1043 1139 aniana
1056 1095 1082 1139 et
1093 1099 1218 1154 errrpore.
1233 1085 1272 1137 ad
1285 1085 1411 1139 nltinrnrn
1424 1094 1526 1156 septem
1538 1086 1620 1140 sinrni
1630 1086 1745 1144 Alleluia

91 1162 167 1235 quia
185 1175 212 1219 et
228 1163 273 1220 bie
287 1164 368 1220 debet
382 1165 438 1237 rita
458 1178 553 1223 aristen
581 1165 666 1223 ileum
688 1167 810 1234 latrdare,
824 1178 849 1223 ot
872 1166 899 1223 in
952 1173 1104 1245 possident,
1116 1173 1181 1245 qnia
1195 1176 1280 1231 sager]
1294 1175 1320 1230 t„
1335 1175 1488 1246 septiformi
1516 1175 1619 1247 spiriru
1647 1193 1745 1248 peren.

93 1259 202 1315 tnrnrn
215 1259 456 1330 pernrneattetnia
477 1277 539 1315 rtttn
567 1260 670 1317 sanetis
690 1260 815 1332 jubilare.
833 1256 900 1315 Ver·
953 1281 1016 1322 nem
1036 1267 1157 1337 requiem
1186 1268 1321 1335 obtinent,
1338 1251 1385 1337 qtti
1402 1284 1499 1324 traines
1520 1268 1602 1324 simul
1625 1271 1746 1325 liuntvi·

92 1350 318 1421 strsconp'trior
341 1354 389 1407 tibi
409 1368 537 1424 sitiremus
555 1354 901 1426 positnssignilieatmar·
952 1356 1021 1428 giuti
1046 1371 1177 1427 quinque.
1206 1355 1278 1413 Perre
1302 1374 1399 1415 omnes
1426 1373 1471 1429 per
1491 1358 1672 1428 Corrfitearini,
1703 1362 1744 1416 ret

94 1452 196 1513 tprrrnt
214 1441 416 1500 turriessionem
433 1446 459 1500 in
475 1460 622 1517 passione:
647 1450 769 1503 seeundo
794 1445 900 1516 positus
952 1446 1043 1517 primo
1056 1444 1178 1502 madore
1193 1449 1400 1515 continuantur,
1415 1449 1479 1520 qnia
1495 1463 1592 1505 ornrres
1620 1450 1653 1506 ad
1679 1468 1743 1509 eorr-

95 1532 245 1603 signifieat
259 1534 367 1591 laudem
382 1550 478 1593 eorum
493 1537 519 1591 in
534 1539 765 1594 remuneratione.
780 1534 899 1607 Confite-
952 1534 1101 1595 sessionem
1116 1547 1225 1596 aeternae
1235 1540 1324 1595 laudis
1336 1540 1490 1597 bor-tantur.

99 1721 1745 1776 mmmmm·

683 1919 860 2036 unns
904 1919 1198 2070 osterna.

627 2249 630 2254 ¹
682 2312 948 2405 psallitis
984 2241 1204 2404 exvnr.

854 2631 1009 2698 Alleluia.

189 2875 196 2884 η
457 2816 552 2858 atera.
917 2807 1062 2865 usitatus,
1077 2807 1105 2856 et
1125 2800 1269 2859 nobiseum
1290 2803 1360 2858 bene
1373 2794 1480 2872 agitur,
1488 2804 1511 2859 si
1526 2806 1568 2860 vel
1583 2808 1672 2876 prima
1688 2808 1750 2880 ejus

142 2899 219 2958 Beati
235 2894 403 2952 irrrarocalrtti
414 2895 441 2949 br
455 2894 507 2949 ria.
521 2891 649 2948 Psalrnus
663 2889 715 2946 iste
727 2889 822 2962 viginti
834 2890 903 2945 dno·
953 2891 1089 2948 eiemenla
1105 2906 1318 2963 consequamur.
1344 2911 1354 2945 r
1381 2892 1513 2950 Videmus
1542 2915 1551 2949 r
1568 2898 1642 2954 euim
1667 2917 1677 2952 r
1699 2916 1749 2970 per

108 2994 159 3050 ints
173 2989 303 3062 capitulis
326 2984 486 3058 dispertitus
507 2993 560 3049 est,
584 2996 633 3052 per
654 2975 761 3052 singula
782 2971 902 3052 capituli
953 2985 1096 3057 speculum
1110 2993 1138 3042 et
1151 2985 1179 3042 in
1195 2985 1338 3058 aenigmate
1352 2985 1380 3060 (l
1396 2987 1458 3044 Car.
1479 3006 1539 3057 trra,
1562 2991 1619 3061 le),
1636 3012 1645 3046 r
1661 2992 1750 3064 inquit

13 3139 15 3142 ,
109 3082 233 3138 uersibus
256 3077 366 3135 octonis
386 3076 550 3146 supputatis.
572 3073 684 3145 Singula
703 3088 813 3145 qnoque
827 3072 902 3144 eapi·
952 3076 1112 3148 Apostolus.
1131 3077 1249 3133 Proinde
1273 3078 1397 3150 psalmus
1417 3080 1463 3137 bie
1478 3092 1584 3152 quartae
1606 3084 1749 3141 oerioelreo

13 3147 15 3164 Ι
109 3171 163 3230 tulit
182 3171 292 3243 singula
317 3186 366 3240 pro
389 3169 476 3224 titulis
498 3167 599 3224 babent
617 3166 751 3222 elenrenta
766 3164 902 3236 alpbabeti
953 3167 1025 3225 idem
1040 3169 1120 3225 uobis
1134 3169 1300 3241 principium
1315 3170 1431 3242 deisque
1443 3173 1488 3229 sit.

108 3265 245 3322 liubanici.
272 3261 305 3319 Et
329 3260 481 3333 qnaerimus
505 3258 571 3331 quid
600 3257 757 3329 bujusnrodi
785 3257 903 3314 titulatio
990 3260 1174 3334 distinguitur
1197 3270 1300 3329 autern,
1325 3273 1355 3318 ut
1373 3264 1430 3334 jain
1451 3265 1555 3320 dietum
1577 3276 1630 3333 est,
1652 3266 1749 3339 uiginti

107 3358 253 3433 signisseet.
265 3353 423 3411 brtenimns
434 3362 525 3409 numni
536 3352 610 3423 quod
622 3352 741 3407 manime
751 3353 901 3409 notandum
952 3351 1062 3410 duobus
1073 3353 1211 3426 capitulis.
1225 3351 1276 3410 llio
1290 3369 1423 3411 numerus
1434 3356 1522 3412 tribus
1536 3368 1644 3414 tuirstat
1655 3359 1751 3428 bepta·

107 3461 150 3507 est
172 3449 308 3522 psalmum
335 3447 409 3503 itane
432 3453 519 3501 toturn
542 3445 567 3501 in
591 3445 736 3515 superlicio
759 3444 903 3515 splendere
952 3444 1034 3501 dibus
1056 3462 1111 3500 uno
1133 3455 1369 3517 supercrescente.
1392 3462 1448 3517 quo
1473 3448 1508 3503 tle
1533 3449 1611 3503 nertin
1635 3449 1751 3519 beptado

13 3563 14 3576 ¹
107 3543 268 3600 coelestibus
289 3538 455 3609 rnargaritis,
476 3544 574 3602 toturn,
593 3536 716 3608 inquam,
741 3531 901 3593 contextum
953 3549 1048 3596 octoas
1068 3539 1218 3611 perfruitur,
1243 3548 1326 3610 atque
1346 3555 1395 3611 per
1415 3539 1469 3595 boe
1492 3541 1669 3612 intelligimus
1685 3541 1750 3612 quia

107 3650 168 3690 evase
179 3631 339 3688 nominibus
350 3629 432 3686 Verbi
449 3628 495 3684 Dei
507 3628 582 3685 velut
594 3627 763 3698 fulgentibus
774 3627 900 3699 gemmis.
952 3640 1050 3686 oetam
1065 3631 1160 3686 mundi
1182 3639 1262 3686 aetale
1288 3632 1428 3703 sapientire
1450 3631 1508 3696 Dei,
1528 3649 1591 3703 qnae
1607 3633 1663 3703 jam
1684 3633 1750 3689 dieti

107 3723 176 3794 Quis
195 3725 270 3779 enim
292 3721 447 3780 versiculus
464 3731 507 3777 est
529 3721 556 3775 in
576 3730 633 3776 toto
648 3727 703 3775 mur
717 3720 823 3790 prolixo
846 3729 903 3775 tra·
953 3722 1036 3791 bujns
1051 3723 1150 3794 psalmi
1169 3722 1284 3779 vocibus
1304 3724 1491 3795 significatur,
1510 3723 1652 3794 plenitudo
1670 3725 1750 3780 nobis

108 3826 183 3874 etatn
199 3814 282 3886 bujus
296 3815 404 3885 psalmi,
423 3814 451 3869 in
466 3829 521 3884 quo
539 3827 593 3866 nnn
613 3819 723 3866 resonet
738 3811 902 3867 uocabulum
953 3814 1105 3884 pet-dcitur,
1120 3815 1220 3886 lietqtre
1233 3814 1305 3883 quod
1318 3815 1357 3868 ait
1367 3814 1534 3885 Apostolus:
1550 3834 1560 3866 r
1574 3815 1644 3870 Cum
1658 3825 1752 3871 aurem

109 3908 230 3980 aliquod,
255 3906 329 3978 qrmd
353 3915 426 3962 reete
444 3903 607 3977 praerlieetur
628 3901 662 3959 de
682 3899 772 3958 Verbo
792 3901 850 3967 liei,
869 3904 903 3959 de
952 3906 1058 3961 uerterit
1076 3905 1151 3976 quod
1171 3903 1321 3976 perieulum
1343 3912 1402 3970 est,
1424 3906 1602 3962 evacuabitur
1628 3905 1701 3976 quod
1715 3920 1750 3961 ex

24 4030 31 4042 ·
109 4003 244 4074 sapientia
259 4000 318 4068 Dei,
330 3999 363 4055 de
377 3997 447 4054 Filio
462 3996 528 4053 [leil
545 3993 624 4054 Verbi
638 3995 726 4066 gratia
738 4013 745 4049 a
759 3994 837 4049 Beati
851 3994 904 4048 im·
952 4005 1031 4067 parte
1046 4005 1089 4052 est
1103 3994 1131 4064 (l
1145 3995 1208 4052 Cor.
1232 4012 1292 4060 arar,
1309 3995 1365 4066 lbi.
1387 4014 1397 4048 r
1413 3993 1535 4052 Oetonos
1557 3997 1640 4067 igitur
1654 3997 1751 4068 singu-

110 4092 239 4149 nurralati
261 4092 289 4146 in
312 4092 365 4146 rio.
386 4087 534 4145 Plattoria
557 4094 652 4142 nostra
677 4085 723 4142 Dei
747 4082 835 4139 Filius
849 4093 901 4140 est.
955 4089 1044 4142 lorum
1059 4087 1242 4157 capitulorum
1262 4102 1360 4142 versus
1380 4085 1507 4142 infantuli
1519 4087 1635 4141 lideliter
1648 4086 1751 4143 deean·

111 4184 182 4241 llicit
203 4183 277 4240 enim
292 4200 299 4238 :
316 4200 327 4235 r
343 4179 401 4252 Ego
425 4195 487 4236 sum
504 4178 547 4233 ria
563 4177 655 4249 (laura.
677 4191 733 4243 arv,
758 4174 797 4246 d).
822 4153 938 4239 ›Qttic
955 4186 1056 4246 temus,
1077 4178 1166 4234 donee
1186 4178 1220 4233 ad
1244 4187 1309 4234 oeto
1330 4176 1468 4249 Evangelii
1490 4176 1674 4232 beatitudines
1691 4177 1754 4247 ipso

112 4274 248 4334 nroaaluat
269 4275 298 4329 in
319 4273 375 4345 lege
396 4271 514 4327 donnini.
537 4269 571 4326 [it
583 4268 649 4341 quid
666 4277 709 4324 est
722 4267 766 4323 lea
784 4264 903 4333 Domini,
954 4272 1075 4330 donante
1096 4270 1299 4341 perveniamus,
1320 4268 1401 4325 Nunc
1422 4269 1582 4325 eorumdem
1602 4268 1752 4323 demeum.

113 4369 163 4428 nisi
178 4367 294 4424 Verbum
311 4365 436 4422 bontini?
450 4363 540 4428 Beati,
551 4364 597 4434 qai
613 4369 769 4416 scrutantur
784 4360 904 4415 testimo-
955 4380 1016 4421 rum
1032 4359 1282 4436 interpretationem
1304 4371 1386 4435 atque
1402 4361 1609 4429 intelligentiam
1631 4360 1753 4417 sumpsi.

115 4465 158 4516 alo
167 4461 234 4531 ajat.
246 4456 318 4527 Quid
334 4455 409 4512 aliud
421 4454 578 4511 testimonia
592 4467 675 4525 quarn
690 4451 784 4517 verba,
798 4449 905 4522 etquid
954 4456 1065 4513 bannus,

115 4554 198 4611 mulli
220 4549 267 4606 ὓθί
292 4548 387 4615 Velim·
404 4546 457 4602 '¹5⁵3
472 4561 557 4601 ”¹¹⁰¹st
570 4542 702 4610 Verbum,
717 4558 772 4599 uua
793 4543 840 4598 Dei
860 4558 908 4599 sn·
990 4544 1082 4604 dunen
1104 4547 1236 4618 doctrina,
1251 4562 1321 4604 noan
1344 4547 1452 4611 domas,
1478 4561 1578 4602 entant
1598 4543 1751 4617 plenitudo,

114 4647 230 4721 pientia?
251 4643 383 4701 Similiter
404 4653 432 4699 et
448 4641 476 4697 in
496 4638 614 4696 catoris.
629 4637 722 4710 Neque
738 4638 811 4694 enirn
825 4636 906 4693 iacile
954 4654 1062 4694 oannrn
1077 4637 1245 4708 tabularum,
1261 4655 1295 4695 ns
1310 4640 1380 4706 istu,
1396 4654 1450 4693 unu
1463 4646 1489 4692 et
1503 4653 1545 4692 zat
1562 4637 1658 4710 [arrigo
1677 4632 1752 4706 zara]

115 4742 176 4814 quis
192 4742 346 4796 versiculus
366 4736 514 4801 trivenitur,
533 4734 561 4788 in
582 4747 637 4802 quo
656 4747 711 4788 non
734 4739 783 4786 aul
796 4730 906 4796 veritur,
955 4731 1021 4796 bne,
1041 4747 1112 4787 nsru
1132 4731 1198 4796 uita,
1221 4746 1293 4786 nera
1314 4730 1420 4794 bonurn,
1435 4744 1481 4813 ron
1500 4728 1672 4810 principiam,
1687 4742 1754 4784 carn
1778 4793 1785 4802 .

115 4843 161 4891 ant
183 4841 322 4892 mndata.
343 4843 392 4886 aut
410 4827 629 4899 justificationes,
652 4835 698 4881 ant
718 4822 835 4896 judicia,
859 4831 908 4878 aut
956 4839 1186 4888 mandatumst
1208 4821 1297 4893 [ottho
1319 4818 1418 4893 tanen]
1436 4820 1535 4884 cordis,
1552 4837 1606 4875 ass
1628 4836 1661 4875 ex
1677 4820 1754 4892 ipris,

115 4942 255 4992 sermonen,
278 4929 327 4979 aut
350 4920 455 4987 eloquin
477 4920 584 4975 Donrini
603 4917 716 4982 babeas,
734 4925 782 4972 aut
802 4913 907 4984 aliquid
955 4930 1008 4971 atra
1024 4922 1162 4981 oeternum,
1174 4927 1284 4968 sermm
1303 4911 1478 4981 adjutorium,
1499 4912 1754 4981 trasumenus,

117 5020 169 5076 talo
191 5019 265 5091 quod
298 5017 505 5088 aequipollenter
527 5015 625 5070 valeat.
650 5010 723 5080 Quid
746 5011 830 5082 igitur
852 5008 907 5064 hoe
957 5022 1025 5064 sane
1034 5006 1162 5075 justitie,
1175 5018 1242 5060 corn
1257 5004 1371 5069 vocatio,
1384 5020 1435 5060 nus
1449 5006 1556 5074 rapitis,
1570 5020 1611 5060 stu
1625 5004 1754 5067 dentiam,

117 5117 167 5175 sibi
191 5117 250 5172 tttlt
269 5115 354 5185 quod,
378 5128 441 5170 enm
466 5110 528 5167 talis
552 5111 688 5180 psalmus,
704 5100 822 5179 ’sirtgula
845 5105 906 5176 ejus
957 5114 1012 5156 ato
1026 5099 1113 5168 signa.
1134 5096 1261 5152 Doctrina
1276 5096 1370 5151 domas
1386 5094 1558 5158 betuniam,
1574 5093 1756 5163 rtestpteni·

118 5209 232 5278 rapitula
260 5207 377 5279 singulis
406 5203 543 5276 alphabeti
574 5201 717 5258 elementis
745 5199 908 5256 titulantur?
958 5193 1021 5246 tardo
1036 5187 1200 5254 tabularum,
1213 5188 1240 5243 id
1254 5197 1296 5245 est
1309 5187 1377 5259 legis
1394 5203 1456 5258 quae
1469 5187 1604 5257 descripta
1616 5193 1659 5240 est
1672 5186 1700 5240 in
1714 5194 1756 5240 ln·

119 5299 185 5356 b'un
206 5309 268 5371 post
284 5309 324 5355 tot
339 5300 459 5370 psalmos
475 5296 560 5351 voluit
574 5309 625 5350 nos
639 5277 780 5363 Prophetae
794 5292 908 5363 spiritus
958 5283 1039 5338 italis.
1055 5279 1117 5337 liare
1126 5281 1263 5352 pigritudo
1278 5283 1346 5353 legis
1359 5281 1479 5338 alteritas
1495 5287 1547 5335 est.
1561 5276 1620 5332 lato
1632 5273 1755 5332 doctrina

121 5392 199 5450 verbi
212 5392 260 5451 bel
273 5391 365 5450 faeere
378 5386 573 5446 abecedarios?
587 5383 671 5442 Plane
685 5385 737 5442 boe
751 5384 852 5440 utiliter
863 5383 907 5438 in·
959 5371 987 5432 et
1006 5375 1073 5443 berc,
1088 5374 1114 5429 id
1137 5382 1180 5428 est
1200 5373 1263 5428 talis
1287 5373 1340 5427 ritu
1368 5369 1509 5428 bominum
1534 5367 1694 5438 principiam
1713 5375 1757 5422 est

121 5485 273 5558 lulligines,
290 5493 319 5540 et
332 5482 465 5539 veraciter
484 5477 649 5536 eotrlitentur
670 5476 733 5547 qnia
757 5483 902 5546 agitantum·
923 5496 946 5552 D
960 5485 1056 5524 oranter
1070 5477 1096 5524 et
1107 5465 1206 5530 cordia,
1217 5464 1243 5519 id
1253 5472 1296 5530 est
1308 5463 1383 5520 borae
1395 5459 1555 5516 intentionis
1565 5470 1592 5516 et
1605 5460 1679 5516 trau
1688 5472 1756 5530 ope·

122 5595 222 5653 nonque
233 5578 384 5649 sapiamus,
402 5569 522 5646 qnandiu
540 5573 567 5628 in
580 5583 696 5641 corpore
712 5581 810 5624 sntrnts
823 5565 856 5620 ad
870 5564 905 5620 il·
961 5560 1086 5616 rationis.
1102 5558 1143 5613 Ea
1159 5557 1224 5627 ipsis
1239 5555 1312 5611 enim
1327 5553 1355 5609 iri
1369 5562 1496 5609 retentum
1511 5550 1756 5622 adjutoriumque

121 5673 168 5730 itta
190 5671 237 5727 Dei
260 5669 422 5744 sapientiam
446 5666 587 5722 infantulis
612 5660 781 5721 abecedariis
803 5657 905 5715 similes
961 5653 1124 5725 adjurantur
1140 5651 1172 5707 ad
1193 5660 1319 5705 ntrrrtnnr
1340 5647 1430 5706 ritant.
1455 5642 1487 5699 i'r
1505 5642 1549 5700 bie
1570 5651 1610 5700 est
1626 5641 1684 5716 {ont
1701 5641 1756 5697 oris
