3892 6067
259 305 326 366 itui
765 297 917 356 ctortulis
936 295 1128 354 i‘llAEiOSlTi
1147 295 1418 357 tutellensrizttc.
1811 298 1879 354 tant

293 422 345 489 Qni
359 435 423 490 ergo
436 415 477 473 rei
491 413 616 472 absolute
636 414 753 472 ordinati
768 418 809 473 rel
831 414 953 486 acephali
968 416 1079 471 sanaed
1129 411 1191 467 ideo
1211 412 1297 468 sancti
1317 419 1344 466 et
1352 407 1429 466 eiecti
1444 408 1527 465 duces
1539 406 1622 464 lsrael
1646 423 1661 462 a
1678 405 1825 480 Baityloma
1837 424 1881 464 re·

260 509 438 566 admonitioni
460 507 564 563 noiIent
577 507 764 577 acquiescere,
777 510 830 565 etsi
851 506 1042 564 encornmuni-
1094 504 1177 571 versi,
1190 518 1245 557 non
1259 510 1324 559 sunt
1343 501 1465 557 contenti
1489 499 1655 556 reaedilicare
1679 510 1787 569 portam
1813 509 1881 559 ster·

257 613 322 653 core
337 607 377 654 tot
391 609 419 654 ct
432 608 523 656 tantos
538 601 675 656 rideretur
690 598 798 655 dillicile
808 615 840 655 ae
857 600 948 654 minus
965 598 1042 664 utile,
1093 601 1221 671 qrrilinii3
1238 599 1286 656 sed
1302 599 1368 655 lruic
1383 597 1547 654 addiderunt
1568 604 1675 667 portam
1691 594 1787 653 lentis.
1803 596 1881 655 Elee-

257 696 370 758 possent
382 690 499 759 qrradam
520 691 698 756 coercitione,
713 690 785 746 volnt
800 689 903 746 salubri
920 689 1042 759 potione,
1095 706 1207 763 nrospna
1222 690 1295 747 eninr
1308 690 1342 745 de
1358 703 1514 746 mammona
1528 687 1692 764 miquitatis,
1706 687 1783 743 reiut
1805 702 1881 759 quae-

257 780 348 835 cnrari
359 800 366 847 ;
379 781 402 836 si
416 781 605 839 tantummodo
616 783 701 853 gratia
715 781 760 838 [ici
773 790 935 851 cooperante
945 782 978 836 nd
990 780 1043 836 hoc
1093 782 1156 839 dam
1169 781 1305 853 pinguedo
1316 780 1456 848 stercoris,
1468 788 1548 836 curat
1565 778 1681 834 divitum
1698 779 1880 847 sterilitatem,

258 872 433 943 invigilarent
445 874 577 945 episcopi.
1094 874 1249 946 adjurando
1260 887 1412 944 pauperum
1426 871 1597 938 ariditatem
1609 878 1637 925 et
1651 870 1679 925 in
1694 869 1812 940 spiritali
1836 867 1883 926 le·

293 962 372 1020 Turne
384 980 433 1035 per
447 965 571 1036 singulas
586 963 763 1035 baptismales
774 965 908 1023 Ecclesiae
925 968 1044 1024 aoruca·
1095 965 1213 1021 rusaiem
1236 972 1343 1034 portam
1368 962 1534 1033 sterquilinii
1559 968 1747 1031 representat,
1767 960 1816 1031 qui
1834 974 1883 1030 per
1927 998 1936 1016 ,

200 1099 205 1106 .
258 1063 335 1111 rctnr
348 1064 426 1126 porta
439 1053 567 1121 lentium,
581 1055 646 1126 quio
662 1071 712 1127 pro
728 1056 858 1113 facultate
874 1057 1043 1115 decimarum
1095 1057 1167 1111 lianc
1178 1055 1255 1111 diues
1267 1053 1473 1124 acpuiriicanus
1485 1066 1549 1107 eum
1561 1049 1676 1106 taenaro
1689 1050 1774 1106 divite
1785 1063 1819 1104 ac
1832 1063 1886 1118 pu·

259 1143 356 1202 flerent
369 1146 540 1217 receptacula
551 1160 713 1217 pauperum,
725 1156 753 1204 et
767 1147 885 1203 maxime
900 1148 1044 1205 viduarum
1095 1150 1216 1209 blicano.
1232 1145 1313 1219 quasi
1325 1143 1450 1202 camelos
1474 1158 1523 1216 per
1545 1141 1670 1198 loremen
1682 1156 1760 1208 aeus,
1783 1141 1888 1198 tranen

259 1234 294 1291 de
303 1242 400 1307 alnaria
412 1235 537 1307 portione
551 1236 742 1294 decimationis
754 1237 963 1308 pascendarum.
983 1237 1046 1295 liaec
1096 1241 1124 1296 in
1136 1248 1260 1296 sanctam
1285 1247 1444 1294 sanctorum
1469 1236 1608 1294 ciuitatem
1619 1252 1627 1301 ;
1640 1234 1665 1292 si
1677 1242 1768 1294 tanam
1784 1234 1824 1290 ita
1834 1250 1888 1290 sua

259 1326 577 1397 receptaculaqnondnm
586 1328 934 1395 xenodochiadiceimniur,
944 1329 1046 1401 quibus
1096 1333 1210 1400 tribnat,
1227 1339 1258 1388 ut
1270 1331 1358 1386 aliena
1370 1329 1476 1385 reddat.

259 1416 452 1487 dispensandis
463 1417 571 1474 diaconi
582 1426 609 1474 et
620 1418 807 1476 archidiaconi
817 1419 1045 1490 praetendantur,
1132 1423 1229 1480 Aliena
1243 1437 1298 1479 non
1313 1430 1377 1478 sunt
1387 1420 1487 1488 danda,
1497 1419 1544 1476 sed
1555 1418 1705 1476 reddenda.
1718 1416 1817 1485 Quasi
1830 1432 1888 1473 aon

260 1506 444 1580 persingulas
460 1509 697 1582 annosepiscopis
719 1512 753 1567 de
774 1527 824 1568 sua
841 1511 1047 1582 dispensatione
1097 1524 1213 1589 possunt
1238 1513 1314 1570 reddi
1339 1513 1368 1568 in
1396 1511 1594 1584 quadruplum,
1616 1509 1766 1566 reddantur
1787 1508 1888 1564 saltem

260 1598 396 1654 rationem
411 1598 554 1654 reddituri.
577 1597 642 1656 inde
652 1609 694 1657 est
704 1601 777 1671 quod
790 1601 886 1658 beatum
897 1601 1047 1674 Gregorius
1098 1606 1235 1678 usquead
1258 1603 1399 1673 simplum.
1425 1601 1553 1671 Quamdiu
1579 1600 1653 1656 enim
1681 1599 1800 1656 scienter
1820 1598 1889 1670 quis

261 1686 289 1741 in
302 1686 361 1744 suis
372 1688 490 1746 decretis
504 1690 612 1760 proprie
626 1689 660 1745 ad
681 1693 854 1764 presbyteros
875 1692 1047 1764 praedieatio-
1062 1734 1086 1790 B
1099 1707 1214 1769 usurpat
1227 1697 1358 1765 alienum,
1375 1696 1401 1752 id
1415 1696 1516 1767 ipsum,
1527 1692 1602 1767 qnod
1616 1693 1658 1747 rel
1668 1694 1703 1748 de
1715 1707 1767 1747 suo
1780 1691 1888 1757 labore,

260 1791 335 1843 nem,
348 1777 382 1833 ad
402 1777 533 1835 diaconos
549 1794 613 1835 uero
628 1780 864 1853 eleemosynarum
878 1782 1048 1838 distributio·
1099 1792 1141 1848 vel
1158 1796 1348 1862 exponentem
1373 1785 1560 1852 successione,
1578 1781 1659 1855 quasi
1678 1781 1752 1852 iuslc
1777 1781 1890 1837 ridetur

261 1879 322 1926 nem
346 1869 482 1937 pertinere
505 1869 658 1940 signidem
687 1870 766 1941 juxta
792 1871 910 1927 laurum
943 1872 1049 1930 scilieet
1098 1882 1210 1949 nouere,
1225 1879 1277 1937 siut
1292 1880 1478 1936 stationum.
1492 1874 1775 1946 scriptumestemn
1793 1892 1800 1929 ι
1815 1872 1845 1928 st
1859 1875 1889 1928 rr

261 1971 345 2027 quam
372 1959 399 2013 in
423 1958 539 2018 Actibus
563 1963 750 2032 apostolorum
768 1974 903 2021 serratam
927 1975 1047 2035 constat,
1098 1974 1185 2028 aliena
1199 1972 1290 2042 fideles
1305 1967 1549 2039 nonluiatimood
1564 1967 1678 2022 oestrum
1695 1974 1746 2033 ert,
1763 1966 1824 2036 guia
1840 1965 1888 2018 da·

261 2044 309 2100 ubi
322 2044 419 2103 Polme
436 2064 498 2104 cum
516 2050 628 2120 reliquis
643 2053 775 2122 apostolis
789 2054 874 2110 verim
887 2064 915 2110 et
927 2056 1048 2112 orationi
1099 2066 1137 2118 lit
1149 2064 1222 2117 nolis
1235 2063 1248 2117 l
1259 2059 1336 2132 (Luc.
1349 2075 1405 2127 ιιι,
1418 2059 1475 2129 te.)

260 2137 388 2205 uacarit3
413 2136 568 2208 Stephanus
591 2155 654 2196 curn
673 2142 788 2214 reliquis
812 2144 936 2202 diaconis
959 2146 988 2200 in
1007 2147 1048 2201 ri-
1133 2153 1192 2208 Non
1205 2151 1385 2224 ergoaiiquid
1405 2150 1481 2221 juste
1496 2149 1618 2220 possidet
1631 2154 1728 2219 raptor
1743 2145 1890 2203 etalieno·

260 2227 378 2283 datarum
390 2244 425 2285 ae
439 2245 590 2300 pauperum
609 2234 802 2302 procuratione
817 2234 993 2293 ministrarit.
1098 2263 1160 2302 rum
1185 2252 1315 2311 retentor,
1339 2243 1417 2313 quia,
1442 2240 1494 2298 etsi
1521 2239 1621 2296 noblis
1640 2238 1762 2306 meatur,
1783 2251 1836 2294 nec
1861 2251 1890 2293 se

296 2317 366 2376 ilinc
378 2329 421 2376 est
435 2321 508 2391 qnod
525 2321 553 2377 in
568 2323 655 2380 sacris
667 2326 821 2383 canonibus
833 2327 1003 2412 precipitur,
1017 2336 1049 2384 ut
1099 2338 1189 2409 ipsum
1211 2335 1343 2406 possidet,
1368 2349 1432 2390 eum
1459 2333 1496 2389 sit
1521 2346 1618 2388 serrem
1637 2337 1680 2385 tot
1712 2327 1890 2385 dominorum

261 2426 433 2482 unaquaeqne
455 2412 626 2483 baptismalis
651 2415 767 2472 ccclesia
791 2433 933 2488 nunqnam
951 2418 990 2473 ita
1012 2420 1049 2474 sit
1099 2435 1167 2501 quot
1187 2427 1327 2483 vitiorum.
1347 2424 1400 2492 Qui
1425 2424 1449 2480 si
1467 2423 1514 2478 uni
1536 2421 1652 2477 Domino
1669 2420 1799 2487 11111111,
1823 2435 1892 2488 lii&

261 2501 368 2559 clericis
383 2504 535 2560 destituta:
551 2505 618 2577 quin
631 2507 666 2562 ad
682 2508 775 2565 minus
793 2509 983 2582 presbyterum
999 2510 1049 2566 lra-
1099 2529 1176 2591 cepta
1192 2518 1265 2574 titius
1290 2527 1354 2572 ante
1383 2515 1476 2571 omnia
1495 2512 1640 2580 servando,
1653 2511 1763 2568 etiamsi
1791 2525 1891 2567 servet

265 2592 329 2648 '³⁰²¹
349 2601 377 2650 0¹
390 2595 548 2664 dl²⁰⁰¹¹¹¹¹¹¹2
565 2596 692 2654 Vidine&
712 2609 822 2670 propter
846 2601 1048 2671 diffidillliffllis
1099 2609 1327 2679 diceretrrr,'‚iiircr
1342 2604 1517 2664 essendone
1531 2613 1621 2661 aretem
1636 2617 1699 2659 eum
1726 2601 1813 2659 serris
1828 2615 1892 2658 ma·

260 2693 289 2739 et
313 2684 526 2755 dispensationis
552 2687 692 2758 geminum
715 2689 845 2748 odicium.
878 2692 959 2761 Quia,
978 2695 1049 2752 siout
1099 2699 1235 2772 lignorum
1251 2696 1397 2767 spirituum
1410 2693 1554 2764 multiplici
1575 2690 1698 2747 dominio
1719 2689 1891 2755 eommunis,

261 2775 418 2845 predicatio
428 2778 536 2849 publica
548 2796 603 2836 non
614 2784 781 2852 permittitur
801 2786 844 2841 iris
862 2786 909 2858 qui
925 2799 990 2844 stant
1007 2789 1049 2844 in·
1100 2791 1214 2849 omnlino
1226 2797 1269 2846 est
1283 2787 1451 2843 immundus.
1467 2784 1496 2840 in
1507 2784 1566 2855 iege
1577 2782 1650 2839 enim
1661 2794 1743 2836 omne
1763 2780 1891 2835 immam-

261 2865 303 2923 ira
318 2869 545 2941 presbyteratum,
559 2872 596 2928 ita
616 2872 864 2931 ecclesiasticarum
884 2891 975 2932 rerum
990 2878 1049 2937 dis·
1099 2885 1164 2940 dnm
1179 2877 1446 2943 communedieitur,
1460 2876 1525 2947 quia
1549 2872 1681 2945 quidquid
1703 2872 1749 2926 utri
1773 2870 1894 2927 domino

261 2956 376 3014 irilrutio
400 2975 542 3032 nunquam
572 2972 647 3020 recte
665 2965 835 3035 permittitur
850 2965 893 3023 iris
908 2968 963 3038 oui
984 2978 1050 3025 sunt
1100 2969 1371 3037 nonserrit,multis
1388 2968 1571 3039 malignorum
1598 2963 1742 3036 spirituum
1760 2960 1895 3016 domina·

261 3051 335 3110 inira
346 3053 532 3113 diaconatum.
550 3057 669 3131 ideoque
680 3059 732 3116 soli
745 3060 854 3116 diaconi
874 3068 921 3117 ant
936 3063 1084 3135 presby-C
1101 3066 1223 3122 tionibus
1247 3063 1402 3131 subactum,
1422 3063 1463 3118 sic
1481 3077 1499 3118 a
1515 3059 1656 3120 munditie
1682 3067 1794 3114 auctore
1821 3055 1895 3113 alic·

260 3142 313 3198 teri
332 3157 427 3200 curam
442 3135 543 3203 debent
563 3148 665 3206 habere
680 3148 826 3207 uiduarum
846 3152 931 3224 gratis
946 3153 982 3209 alr
996 3151 1049 3211 Ec·
1099 3172 1194 3215 nattum
1208 3154 1371 3228 permultos
1390 3152 1518 3210 dominos
1533 3158 1647 3207 uexatur
1661 3157 1712 3204 aut
1735 3156 1808 3204 recte
1838 3147 1895 3202 suir

260 3232 344 3288 clesia
359 3234 412 3290 snlr
429 3238 584 3294 communis
607 3238 670 3296 rite
691 3242 786 3314 regula
800 3241 834 3298 de
853 3253 950 3314 quarta
970 3253 1049 3315 parte
1098 3250 1194 3306 eadem
1210 3246 1410 3319 significatione
1425 3244 1599 3300 immundum
1621 3250 1649 3298 et
1676 3253 1824 3297 commone
1848 3240 1895 3295 di·

261 3322 431 3380 decimarum
453 3328 494 3383 sir.
509 3330 729 3398 pascendarum
749 3340 789 3398 ut,
804 3334 877 3404 quand
901 3334 992 3391 uiduis
1013 3336 1049 3392 ot
1100 3349 1188 3395 catnr.

261 3415 347 3471 solam
371 3430 558 3490 paupertatem
581 3432 609 3478 et
629 3423 732 3478 bonum
763 3425 948 3482 testimonium
970 3428 1047 3499 juxta
1136 3428 1276 3500 Sed,quia
1288 3440 1340 3482 ros
1352 3423 1472 3481 coelestis
1482 3421 1563 3479 Petro
1575 3419 1704 3492 precepit
1727 3433 1897 3475 accomma-

260 3503 339 3561 Pauli
351 3506 502 3563 doctrinam
516 3508 649 3579 eligendis
668 3513 769 3580 poterit
789 3528 944 3583 superesse,
956 3517 1049 3587 pnpii·
1100 3523 1145 3576 iiia
1158 3519 1198 3575 nel
1221 3517 1358 3574 tornando
1380 3516 1454 3571 dicat
1468 3515 1539 3584 (Act.
1552 3528 1580 3579 x,
1602 3510 1660 3579 28),
1678 3525 1741 3582 quae
1762 3507 1839 3567 Deus
1860 3510 1894 3566 ad

261 3596 297 3654 lis
308 3607 336 3653 et
348 3597 454 3655 caeteris
464 3599 658 3656 necessitatem
675 3602 853 3672 patientibus,
864 3613 891 3661 et
903 3605 937 3660 nia
953 3605 1048 3664 Eccle·
1100 3627 1178 3669 snam
1190 3609 1349 3666 servitutem
1366 3604 1499 3680 vocando,
1514 3612 1542 3660 ct
1560 3601 1739 3658 amuitorum
1763 3614 1894 3658 marma·

261 3690 314 3757 sia,
331 3697 462 3760 unquam
481 3706 497 3746 a
519 3699 618 3761 matre,
637 3707 716 3763 opem
734 3695 910 3763 poscentibus
933 3696 1049 3754 ddelitcr
1100 3703 1176 3759 nium
1191 3699 1314 3757 dominio
1327 3697 1471 3753 liberando
1490 3695 1618 3767 puriiicat
1640 3700 1668 3750 et
1687 3692 1818 3760 mundam
1837 3707 1891 3749 nun

260 3782 313 3838 oui)
328 3782 486 3838 testimonio
497 3781 638 3841 Christiet
649 3782 778 3842 Ecclesiae
792 3783 950 3843 conletatur
961 3807 967 3844 :
980 3804 1048 3859 qua·
1101 3799 1143 3848 est
1154 3786 1353 3853 contemnenda
1363 3794 1443 3857 porta
1455 3784 1631 3855 sterquilinii,
1646 3783 1712 3856 quia
1723 3782 1751 3838 in
1769 3798 1802 3840 ea
1821 3782 1893 3839 dunt

261 3881 341 3930 tenus
355 3875 546 3948 unusquisque
556 3891 660 3948 pauper
680 3878 752 3949 apud
763 3894 841 3936 suam
854 3888 968 3936 matrem
985 3896 1050 3952 por·
1100 3893 1234 3950 pauperes
1246 3875 1327 3931 amici
1349 3874 1464 3930 divitum
1487 3872 1522 3931 de
1542 3887 1700 3930 mammona
1724 3872 1892 3943 iniquitatis,

261 3970 316 4018 tam
343 3962 428 4020 lontis
452 3965 589 4035 inueniam
614 3968 662 4024 ubi
686 3969 720 4026 de
747 3971 849 4027 mnrrda
875 3972 1048 4046 eleemosyna
1101 3969 1335 4038 ntrcciiiitlllllios
1361 3965 1388 4020 3¹¹
1410 3974 1512 4021 &iiim
1534 3963 1730 4031 “hermelin
1745 3964 1771 4021 Si
1796 3972 1892 4022 lmen

260 4069 342 4113 suum
357 4053 494 4112 delectum
514 4057 630 4127 reliciat,
646 4060 757 4131 quando
781 4062 858 4118 iilum
880 4073 957 4134 porta
978 4073 1049 4122 sior·
1099 4058 1335 4117 diritcsdonando
1347 4071 1407 4121 sua,
1427 4071 1482 4111 non
1494 4055 1615 4112 retinent
1624 4054 1725 4112 aliena.
1740 4053 1801 4126 ipsa
1815 4055 1892 4113 enim

260 4146 370 4219 qrriiinii
384 4161 440 4204 non
454 4148 617 4221 impinguat.
1100 4152 1209 4225 propria
1222 4151 1340 4221 legitime
1354 4146 1489 4219 acquisita
1503 4145 1633 4202 dicuutur
1655 4159 1817 4202 mammona
1840 4147 1892 4203 ini·

296 4237 354 4295 lloe
377 4238 451 4295 enim
474 4239 558 4297 distat
583 4240 654 4298 inter
675 4243 926 4318 eleemosynatores
958 4249 1049 4308 adhuc
1100 4242 1224 4317 qrritatis,
1240 4240 1305 4312 qnia
1319 4241 1363 4296 rix
1376 4238 1554 4310 possidentur
1566 4237 1626 4294 sinc
1640 4235 1769 4309 contagio
1787 4238 1892 4310 iniqui-

260 4329 370 4405 propria
383 4331 542 4400 retinentes,
557 4341 586 4389 et
597 4349 696 4406 magna
713 4350 746 4391 ex
771 4345 848 4408 parte
862 4338 966 4395 mundo
990 4355 1049 4397 ser·
1101 4337 1175 4392 tatis.
1187 4335 1281 4390 Aliena
1293 4347 1358 4388 uero
1373 4346 1427 4387 non
1438 4331 1571 4388 dicuntur
1582 4345 1739 4386 mammona
1757 4331 1892 4402 iniquita·

260 4411 383 4493 rientes3
397 4431 480 4496 atque
493 4423 555 4480 illos
571 4424 776 4496 dispensatores
794 4425 932 4485 facultatis
961 4432 1049 4487 ecclc·
1064 4396 1087 4451 Β
1102 4429 1147 4496 tis,
1160 4427 1208 4484 sed
1222 4426 1335 4483 omnino
1345 4423 1436 4481 scelus
1452 4422 1615 4496 iniquitatis.
1628 4420 1718 4491 Unde,
1730 4438 1793 4479 cnm
1809 4439 1892 4480 sacra

260 4515 389 4586 siastieae,
403 4531 474 4588 qnos
487 4514 555 4572 nihii
568 4531 651 4573 suum
663 4517 804 4586 habentes,
820 4520 894 4575 nulla
914 4537 963 4578 sua
975 4540 1050 4595 qna:-
1100 4518 1241 4590 Scriptura
1256 4517 1334 4588 quasi
1348 4530 1459 4572 causam
1476 4513 1602 4594 redderet
1629 4528 1716 4585 quare
1738 4514 1890 4585 impiorum

260 4614 365 4676 rentes,
375 4607 658 4680 proridctcpiscopus
670 4609 697 4665 in
712 4610 828 4683 singolis
840 4612 1050 4683 baptismalibus
1099 4613 1279 4681 eleemosynae
1294 4607 1349 4664 ilco
1367 4624 1421 4666 non
1433 4607 1588 4679 placerent,
1617 4604 1720 4662 ideirco
1746 4619 1793 4661 ees
1815 4605 1893 4686 ¹dixit

260 4699 390 4757 Ecclesiis
406 4717 415 4756 a
430 4708 469 4768 ut,
484 4699 557 4758 sicut
572 4702 673 4757 munda
689 4710 730 4758 est
744 4718 814 4774 aqna
830 4703 912 4761 sontis
929 4705 956 4761 in
969 4722 1049 4763 com·
1100 4700 1155 4756 Deo
1174 4713 1227 4754 11011
1246 4698 1363 4769 placere.
1383 4697 1449 4769 quia
1467 4695 1619 4752 offeruntur
1642 4709 1676 4751 11
1698 4694 1815 4760 soelelet
1833 4711 1892 4751 1111·

260 4791 403 4863 paratione
418 4793 557 4862 stercoris,
570 4793 611 4851 sic
622 4794 725 4851 munda
750 4796 787 4852 sit
806 4779 979 4871 eleemosyna
995 4798 1049 4856 Ee·
1101 4795 1174 4850 xime
1191 4793 1214 4848 si
1230 4791 1348 4848 offeretis
1362 4798 1405 4845 esi
1417 4788 1551 4846 1111111111
1564 4784 1652 4859 lidius
1666 4786 1778 4843 ⁸0⁶¹&ss
1789 4803 1891 4860 adlim-

260 4880 350 4939 oste
364 4883 450 4955 gratis
461 4884 631 4955 accipientis,
642 4887 727 4958 gratis
738 4887 839 4953 dantis,
851 4889 878 4944 in
890 4874 963 4946 iilius
976 4891 1049 4946 elce·
1100 4889 1208 4950 batione
1218 4903 1266 4943 sen
1277 4885 1435 4944 defensione
1447 4883 1532 4957 (lou).

260 4963 610 5048 mosyne‘comparatione,
625 4993 707 5049 qoam
724 4980 870 5036 saculares
892 4979 997 5037 iaciunt
1015 4981 1048 5038 de
1136 4981 1249 5038 Sienim
1265 4980 1427 5037 offerrentur
1443 4980 1477 5036 de
1494 4993 1650 5035 mammona
1670 4979 1835 5050 iniqnitatis,
1865 4980 1891 5035 id
1944 4971 1945 5040 l

260 5065 346 5127 lucris
358 5068 446 5140 iniqui
459 5084 634 5126 mammonae.
905 5149 915 5160 „
1099 5085 1187 5131 estex
1205 5073 1324 5146 propriis
1346 5072 1465 5142 legitime
1489 5070 1638 5142 possessis,
1661 5086 1716 5127 non
1740 5079 1889 5143 propterea

296 5226 371 5299 (tud)
385 5227 535 5300 Gregorius
552 5228 667 5301 Syagrio
682 5231 941 5302 augustudunensi:
962 5230 1049 5285 ‹0m-
1099 5226 1285 5299 rnrurpotius
1309 5241 1391 5297 quam
1418 5225 1540 5296 juratur.
1573 5223 1750 5297 Eleemosyna
1780 5224 1888 5306 illare-

261 5298 398 5370 ninoergo
414 5298 557 5357 metuenda
571 5300 603 5356 et·
609 5302 728 5358 mrenda
741 5308 783 5358 cst
789 5302 993 5367 inanimantia,
1004 5317 1047 5366 rao,
1099 5298 1250 5370 demptoris
1264 5297 1362 5362 nostri,
1380 5295 1424 5350 illa
1436 5298 1533 5366 piacet,
1549 5310 1610 5366 quae
1622 5309 1676 5350 non
1696 5295 1731 5349 de
1745 5294 1884 5350 illiciuset

260 5383 332 5437 onos
359 5380 454 5438 aperta
470 5371 566 5441 nequit
584 5372 735 5428 tentatione
755 5372 922 5438 subvertere,
947 5372 1049 5426 latente
1100 5370 1244 5439 iniquitate
1271 5366 1441 5438 congenitum
1457 5367 1504 5420 sed
1525 5366 1559 5420 de
1581 5365 1664 5420 rebus
1690 5363 1830 5422 concessis
1857 5369 1884 5414 et

262 5439 317 5493 trrlo
332 5438 433 5495 serius
447 5441 537 5497 valeat
559 5442 707 5499 trucidare.
728 5440 821 5512 Neque
842 5442 914 5496 enim
929 5440 1048 5497 eleemo·
1100 5441 1169 5496 ircnc
1194 5436 1335 5505 acquisitis
1362 5435 1537 5506 impenditur.
1559 5430 1637 5490 Unde
1650 5436 1732 5489 etiam
1749 5433 1883 5490 ilindeer·

262 5521 330 5577 syna
359 5510 510 5579 reputanda
537 5521 597 5578 est,
624 5511 648 5568 si
680 5512 846 5583 pauperibus
875 5510 1049 5580 dispensetur
1100 5520 1157 5565 tum
1176 5519 1220 5565 est
1232 5508 1308 5632 auia,
1322 5506 1373 5563 etsi
1392 5505 1558 5562 monasteria
1574 5515 1622 5559 aut
1644 5503 1813 5560 sorrodoeuta
1841 5499 1882 5553 rei

263 5576 337 5644 duod
353 5593 388 5632 ex
404 5578 508 5636 illicitis
522 5582 605 5639 rebus
618 5583 765 5652 accipitur,
777 5583 842 5652 quia
859 5584 906 5650 orti
934 5581 985 5636 lrac
1009 5580 1050 5634 in·
1099 5580 1164 5652 quid
1176 5578 1230 5633 alin
1263 5583 1450 5640 corastruatnr,
1467 5575 1585 5631 mercedi
1602 5589 1656 5628 rrnn
1681 5573 1797 5645 proiicit,
1810 5585 1882 5642 quo

265 5645 385 5703 tentione
397 5649 467 5707 maie
479 5651 589 5722 accipit,
601 5661 631 5708 ut
642 5652 722 5723 quasi
739 5652 807 5709 irone
824 5651 973 5724 dispenset,
989 5666 1048 5723 gra·
1101 5650 1173 5706 niam
1187 5649 1263 5720 plura
1284 5648 1355 5703 male
1372 5646 1524 5703 ordinando
1536 5645 1661 5713 destruit,
1676 5658 1759 5715 apuam
1775 5642 1817 5698 iile
1832 5655 1883 5713 po-
