3892 6067
190 227 243 285 ιιι
661 219 814 279 ῦῖιιιιθιιι
831 220 1027 277 semiustus
1047 220 1319 282 nutcttuusrunu.

169 392 174 403 ,
191 342 262 398 libus
275 340 377 398 dicitur
394 357 400 394 :
415 356 425 391 s
443 337 498 394 i'os
519 353 552 393 ex
567 346 644 407 patre
666 336 776 393 diaholo
800 338 867 396 estis
886 314 1018 409 (ioanni
1069 336 1149 395 i'rns.
1166 340 1208 394 ll.
1223 338 1304 409 Eripe
1324 355 1374 394 me.
1391 338 1442 407 Tu,
1462 356 1559 412 magne
1574 340 1670 408 dissid,
1688 342 1735 411 qui
1750 343 1780 399 iu
1795 352 1824 401 te

191 452 250 501 rut,
265 435 322 504 ιι).
344 451 354 485 ι
1030 428 1090 498 ipsu
1103 427 1278 500 Redemptor,
1293 440 1318 485 et
1331 430 1358 484 in
1379 444 1495 500 corpore
1509 439 1567 497 tuo,
1579 432 1651 500 quod
1668 437 1710 487 est
1728 431 1825 488 Eccle-

228 524 311 581 Vens.
321 525 348 580 8.
360 522 479 590 Quorum
492 537 522 576 us
532 521 649 576 locutum
662 528 701 576 est
713 522 868 588 uanitatem,
879 530 903 575 st
914 520 980 575 des·
1030 520 1082 584 sia,
1103 521 1270 592 redemptus,
1286 536 1331 578 me
1351 523 1496 592 parvulum
1524 521 1611 578 Dauid
1631 523 1825 595 qtralccunque

192 628 350 673 terreorum
365 614 473 668 dextero
487 614 649 685 iniquitatis.
669 611 747 668 Unde
759 628 813 668 rron
841 613 930 669 solum
946 628 980 668 ex
1030 612 1185 666 membrum
1202 612 1241 666 tui
1258 614 1391 684 eorporis,
1406 614 1477 684 eripe
1495 631 1535 668 ms
1548 631 1582 669 ss
1599 616 1690 687 gladio
1704 619 1824 689 maligno

191 708 282 767 verbis
295 707 375 762 ranis
385 706 438 776 ipsi
454 705 528 771 rani,
543 704 591 760 sed
604 705 687 759 etiarn
699 705 822 769 dextera,
837 703 863 758 id
878 712 920 759 est
933 703 979 759 illa
1030 704 1221 772 persuasionis
1242 704 1412 776 loquentium
1434 707 1588 762 uanitatem.
1610 707 1645 761 Et
1659 724 1721 762 erue
1736 725 1778 763 mc
1791 710 1824 763 ds

190 815 286 856 eorum
300 813 392 869 opera,
411 812 472 866 quos
485 796 647 851 sideomtnr
670 796 752 861 hona,
764 803 792 850 et
815 796 842 849 in
870 795 972 865 quihus
1031 811 1123 862 manu,
1136 804 1164 851 et
1177 797 1210 852 de
1223 806 1357 866 potestate
1368 797 1484 868 filiorum
1495 797 1653 865 alienorum,
1667 814 1781 870 quorsus
1794 815 1824 855 os

190 894 352 950 ridebantur
367 892 453 961 qnaeri
472 891 531 946 sola
551 899 664 953 aterna,
683 903 744 957 ottae
765 894 830 943 sunt
854 902 918 941 vers
932 903 940 954 ;
952 895 982 940 et
1032 882 1148 940 locutum
1161 896 1199 941 est
1213 889 1368 955 acuitatem,
1382 896 1407 942 et
1421 888 1528 942 deutero
1538 905 1628 943 eorum
1644 890 1756 945 dextero
1771 891 1826 944 ini·

191 987 299 1041 deutero
313 984 395 1048 hona,
413 981 735 1053 dsstsruestiniquitotis
749 996 758 1044 ‚·
772 980 836 1050 qtria
864 994 920 1035 non
942 979 980 1033 ita
1032 978 1153 1047 quitatis,
1179 987 1306 1048 utsupra
1333 986 1375 1034 est
1392 979 1558 1049 expositum,
1581 989 1608 1036 et
1629 996 1702 1037 nunc
1725 981 1826 1037 iterato

192 1076 401 1162 operatnripsa
417 1074 590 1139 desierunt,
616 1072 690 1142 quod
712 1071 795 1126 iaciat
816 1072 922 1126 nesciat
946 1070 983 1126 si·
1031 1058 1243 1138 est'repetltum,
1262 1079 1292 1123 ιι
1304 1084 1338 1125 ex
1353 1069 1410 1140 ipsa
1427 1070 1587 1140 repetitione
1602 1071 1689 1143 magis
1704 1073 1827 1128 detesta-

192 1170 289 1223 nistrs.
305 1165 382 1223 Unde
396 1176 468 1221 recte
482 1166 582 1221 dicitur
600 1208 606 1220 .
623 1164 738 1219 Dextera
756 1180 858 1228 sorsrs,
871 1165 982 1219 dextera
1033 1158 1102 1213 biles
1115 1158 1296 1214 ostendantur
1310 1160 1355 1216 isti
1370 1160 1463 1227 oiisui,
1475 1161 1527 1231 filii
1543 1162 1635 1225 alieni,
1658 1162 1691 1220 de
1704 1178 1825 1233 quorum

192 1257 353 1328 iniquitatis.
371 1254 407 1311 Os
421 1254 531 1325 quidem
558 1269 653 1308 eorum
681 1255 803 1325 ioqrritur
826 1254 981 1320 uanitatem,
1033 1249 1124 1319 gladio
1137 1258 1165 1305 et
1185 1266 1267 1306 manu
1283 1251 1391 1306 liberari
1420 1260 1484 1323 opto
1503 1268 1553 1325 ego
1574 1252 1658 1309 David
1681 1254 1825 1324 parrulos,

194 1351 241 1404 sed
253 1364 304 1418 ego
318 1364 334 1402 e
348 1356 444 1404 contra
460 1347 560 1417 loquor
570 1347 725 1412 ueritatem,
747 1350 807 1417 qua
835 1362 898 1401 cnm
926 1361 982 1401 non
1034 1339 1117 1396 lunda
1130 1349 1158 1395 et
1171 1342 1261 1412 lupide
1280 1342 1411 1399 orationis
1426 1354 1560 1411 armatus,
1575 1354 1603 1401 et
1615 1346 1713 1402 haculo
1723 1354 1827 1402 sanetae

195 1436 598 1507 audituraehornitrihus,q11i
614 1451 630 1492 a
645 1437 755 1491 ueritate
775 1437 880 1507 guidem
905 1437 984 1492 audi·
1035 1432 1126 1488 erucis
1140 1434 1273 1491 munitus.
1296 1434 1325 1489 ln
1341 1452 1395 1507 qua
1415 1436 1480 1490 dum
1495 1439 1561 1506 quin
1571 1452 1617 1506 pue
1631 1436 1744 1493 vulnera
1760 1453 1826 1493 cor·

195 1542 251 1586 tum
278 1538 406 1595 avertent,
432 1528 468 1582 od
484 1527 590 1598 {udaias
605 1536 693 1582 autem
714 1539 907 1594 conuerteretur,
923 1528 984 1598 plus
1034 1523 1110 1592 poris
1135 1521 1271 1580 D0mlsslcl
1295 1525 1513 1593 nicomachus
1537 1526 1565 1581 itt
1588 1527 1667 1582 thece
1685 1528 1827 1583 memoriis

194 1620 321 1676 delectati
335 1618 431 1689 spiritu
448 1633 582 1689 aquarum
597 1618 744 1673 multarum
760 1634 843 1689 quarn
858 1620 983 1675 doctrina
1037 1622 1166 1684 unquam
1178 1614 1206 1670 in
1215 1617 1343 1685 pastorali
1356 1631 1421 1688 pers
1433 1626 1523 1688 potio,
1536 1632 1590 1672 ¹¹⁰n
1604 1617 1717 1674 inermis
1729 1628 1826 1675 0⁰¹¹¹r²

194 1710 329 1775 ueritatis,
345 1724 396 1781 ego
410 1709 445 1764 ah
467 1709 625 1765 ltonrinilms
638 1710 739 1765 talihus
762 1726 884 1778 auersus,
899 1719 927 1766 et
949 1712 984 1766 ad
1036 1702 1140 1758 Goliam
1156 1704 1260 1774 lnoedo,
1276 1707 1340 1777 quia
1355 1708 1390 1764 de
1401 1723 1457 1762 uno
1469 1708 1559 1777 lapide
1572 1707 1617 1763 ille
1632 1708 1825 1778 prosternitur,

195 1812 223 1861 te
236 1801 321 1858 Deum
337 1817 430 1858 meum
444 1815 605 1857 conuersus.
1034 1797 1100 1853 dum
1115 1808 1288 1854 sacramento
1306 1815 1385 1870 aqum
1399 1808 1426 1854 et
1438 1799 1581 1870 sanguinis
1594 1799 1629 1855 de
1644 1815 1699 1854 uno
1714 1800 1827 1856 vulnere

231 1914 314 1972 pm·
329 1915 356 1970 9⁸
374 1914 630 1979 c„„,·„m„0„m‚
659 1914 771 1969 „mago
784 1914 843 1980 „gis
868 1914 985 1974 laudm
1035 1889 1138 1945 Christi
1162 1890 1298 1945 manentis
1319 1891 1434 1946 sistere
1448 1890 1554 1957 dextro,
1573 1890 1619 1946 ille
1640 1891 1777 1961 superbus
1799 1892 1827 1946 in

196 2016 368 2062 menorans
379 2020 460 2075 opo„
474 2014 501 2060 e,
522 2016 693 2063 sacramen„
718 2006 785 2063 No„
805 2006 984 2077 Tesmmenfi,
1037 1981 1127 2039 leonte
1142 1984 1320 2055 percutietur,
1336 1982 1381 2039 uhi
1397 1983 1419 2038 si
1443 1983 1534 2039 erucis
1555 1981 1704 2039 Dominime
1716 1983 1828 2054 signum

1766 230 1822 288 ,w
1928 256 1929 259 γ

196 2107 279 2167 atque
289 2098 317 2150 in
327 2097 455 2167 psalterio
467 2098 630 2153 decachordo
642 2100 758 2170 prolium
783 2102 832 2156 tihi
845 2104 984 2172 operando

197 2204 311 2245 sert-ans
324 2189 417 2245 decern
434 2200 634 2261 preceptorum
648 2193 807 2264 demtogum
835 2208 868 2250 es
894 2193 986 2251 Veteri

196 2279 372 2336 Testamenta
390 2281 425 2336 ad
438 2281 570 2337 honorem
585 2284 704 2340 nominis
722 2287 771 2341 tui.

232 2391 315 2449 Vens.
330 2393 373 2448 th.
389 2394 441 2461 Qui
453 2395 502 2450 dns
517 2396 630 2452 salutem
646 2399 760 2469 rugitus,
774 2399 831 2470 jann
847 2400 985 2473 lumignn-

196 2482 270 2539 tibus
282 2485 431 2551 nrontihns,
448 2487 484 2540 ita
499 2496 529 2541 ut
548 2488 599 2557 ipsi
616 2501 734 2555 nrontcs,
747 2490 797 2560 ipsi
808 2507 884 2562 reges
895 2491 986 2563 adepti

198 2574 316 2629 salutem
351 2584 464 2631 cantem
493 2578 627 2632 canticum
652 2596 757 2647 nouum,
786 2581 932 2651 psallentes
957 2585 986 2639 in

197 2663 328 2732 psalterio
346 2665 520 2722 decachordo
547 2683 596 2738 per
612 2669 815 2726 observantiam
831 2674 984 2730 eharitatis.

197 2756 256 2823 Qua
271 2756 318 2827 qui
335 2766 419 2822 caret,
435 2767 525 2829 potest
538 2768 646 2831 portare
669 2763 827 2836 psalterium
841 2783 848 2832 ;
869 2765 986 2821 sednon

198 2857 288 2921 potest
306 2850 423 2920 psallere
435 2852 476 2906 rel
489 2867 589 2908 currere
608 2856 743 2911 canticum
755 2872 868 2914 novom.
882 2858 935 2925 Qui
946 2876 987 2913 re—

196 2940 303 2994 demisti
313 2938 400 2997 Dusid
410 2959 512 2997 smoum
529 2954 605 3000 tuum
616 2960 664 3016 per
674 2946 809 3003 inellahile
821 2949 987 3020 redemptio·

198 3031 241 3090 nis
254 3035 382 3105 pretium,
395 3035 486 3103 Pater,
502 3054 558 3109 quo
575 3048 603 3093 nt
625 3054 733 3095 sertum
750 3042 909 3107 redimeres,
940 3042 987 3099 Fi·

197 3122 265 3179 lium
277 3125 423 3193 tradidisti,
438 3136 468 3184 tu
485 3128 616 3199 depludio
640 3147 735 3201 mopso
757 3133 832 3203 eripe
854 3150 922 3201 me;
954 3134 987 3188 ds

198 3213 289 3284 gladio
305 3215 366 3272 dico
385 3217 512 3287 rnolipno,
530 3219 595 3288 quia
608 3229 650 3274 est
663 3227 699 3273 et
722 3220 856 3291 benignus
880 3222 988 3292 gladius

199 3304 234 3361 de
247 3320 303 3376 quo
313 3307 434 3362 dicitur:
454 3327 463 3359 t
485 3306 543 3364 Non
559 3311 620 3366 neni
632 3326 726 3380 pacem
742 3312 850 3368 mittere
865 3313 912 3367 sed
927 3313 988 3384 gla-

199 3396 276 3453 dium
298 3396 407 3469 (diuitis.
422 3415 449 3468 x,
466 3400 523 3471 δι).
541 3421 551 3453 ι
570 3400 783 3473 Benignusergo
796 3415 838 3459 est
852 3404 904 3460 iste
928 3411 986 3476 glu-

200 3488 274 3555 dius,
287 3487 427 3559 quoDeus
441 3490 565 3560 loquitur
591 3492 744 3548 veritatem
769 3492 823 3550 Sed
845 3503 889 3550 est
908 3495 989 3550 mali-

201 3593 272 3650 gnus
297 3578 414 3649 gladius,
433 3596 489 3651 quo
517 3582 580 3637 rani
603 3581 753 3652 loquuntur
777 3586 934 3640 sanitatem.

239 3686 327 3759 Super
341 3690 414 3745 himo
425 3690 515 3745 locum
532 3691 599 3747 dicit
627 3692 724 3748 heatus
744 3692 891 3766 Gregorius
916 3694 988 3759 (Lib.

1037 2081 1151 2139 teneret,
1165 2087 1219 2127 non
1236 2081 1434 2145 percuteretur,
1452 2073 1499 2129 scd
1520 2072 1672 2128 salvaretur
1685 2088 1733 2144 per
1754 2073 1827 2129 istud

1037 2166 1149 2220 unicum
1172 2165 1313 2237 sanguinis
1333 2163 1437 2221 Christi
1455 2172 1658 2221 sacramentum
1675 2163 1755 2233 quasi
1780 2179 1829 2234 per

1037 2256 1258 2325 limpidissimum
1274 2255 1403 2325 lapidem,
1417 2269 1472 2325 quo
1487 2262 1515 2310 et
1527 2253 1603 2310 lrous
1617 2252 1711 2318 Galim,
1723 2255 1771 2325 ιιι
1786 2264 1829 2310 est

1036 2357 1162 2418 caputet
1186 2364 1232 2403 rex
1256 2347 1379 2402 omnium
1405 2347 1586 2418 superborum
1608 2346 1773 2417 percutitur,
1800 2353 1829 2401 et

1038 2438 1116 2496 irons
1139 2440 1283 2497 humilium
1299 2441 1434 2511 signatur,
1456 2448 1483 2495 et
1505 2439 1560 2495 hoc
1573 2448 1670 2495 saneto
1685 2438 1828 2510 signaculo

1037 2532 1240 2603 distinguantur
1255 2532 1290 2588 ah
1304 2532 1539 2602 alienissimum
1553 2546 1582 2586 os
1594 2529 1713 2586 locutum
1727 2540 1767 2586 est
1783 2547 1828 2585 oo·

1038 2626 1160 2691 nitatem,
1171 2633 1197 2678 st
1208 2623 1419 2678 destitutorum
1431 2622 1541 2677 dextero
1554 2621 1705 2692 iniquitatis

1075 2714 1158 2772 Vens.
1174 2716 1217 2771 ιι.
1235 2714 1353 2781 Quorum
1367 2713 1418 2785 stit
1437 2714 1506 2768 siout
1517 2713 1626 2770 ussello
1636 2713 1827 2784 plantationes,

1038 2806 1103 2877 quia
1122 2822 1208 2878 prauo
1226 2806 1354 2877 dogmate
1366 2805 1497 2876 generati,
1512 2817 1567 2859 non
1588 2805 1710 2875 antiquis
1730 2804 1829 2861 ritihus

1039 2896 1152 2954 Patrem
1168 2898 1327 2970 riguerunt;
1344 2895 1391 2952 sed
1414 2897 1494 2951 noris
1512 2894 1652 2951 erroribus
1664 2896 1829 2966 pullulantes

1000 3027 1021 3084 c
1038 2989 1178 3046 virescunt
1189 2988 1267 3061 quasi
1279 2987 1387 3043 sanetis
1396 2986 1573 3058 plantationes
1584 2988 1611 3040 in
1617 2987 1756 3057 juventute
1766 3003 1827 3053 suo,

1039 3096 1122 3152 quam
1137 3080 1272 3150 deponere
1290 3079 1398 3143 nolunt,
1411 3077 1477 3148 quia
1496 3092 1603 3148 semper
1618 3076 1761 3132 stultizare
1776 3092 1827 3129 ro-

1039 3172 1110 3237 lunt,
1124 3171 1206 3226 alieni
1219 3170 1255 3226 ah
1269 3170 1315 3225 ills
1333 3177 1482 3236 senectute,
1497 3168 1531 3224 de
1545 3183 1599 3239 qna
1613 3168 1734 3224 dicitur:
1750 3188 1760 3220 ι
1778 3166 1828 3223 Se·

1038 3270 1137 3317 nectus
1150 3261 1312 3318 venerahilis
1326 3261 1379 3316 rita
1395 3260 1567 3316 immaculata
1584 3258 1661 3332 (sip.
1677 3276 1712 3319 tr.
1725 3259 1754 3323 ιι,
1769 3259 1825 3331 lii.»

1039 3350 1097 3407 lioc
1111 3352 1214 3406 dictum
1229 3361 1272 3409 est
1288 3352 1322 3408 de
1337 3352 1446 3407 illorum
1462 3352 1527 3422 filiis
1538 3359 1668 3421 tanquam
1681 3352 1717 3408 de
1731 3351 1830 3407 lortio·

1039 3445 1117 3500 rihus
1127 3460 1161 3501 es
1176 3444 1241 3500 illis.
1253 3443 1291 3500 ua
1302 3444 1498 3505 infirmioribus
1512 3460 1576 3501 sero
1588 3444 1654 3500 illud
1664 3445 1743 3501 dico:
1755 3446 1829 3515 quod

1039 3536 1105 3607 filios
1118 3552 1209 3590 eoram
1219 3543 1284 3590 sunt
1298 3538 1459 3606 compositis,
1477 3537 1680 3592 circumornatus
1691 3546 1721 3591 st
1731 3535 1829 3592 siusili·

1040 3627 1103 3682 tudo
1115 3626 1214 3696 tempii.
1223 3624 1390 3696 Composito,
1408 3640 1462 3680 non
1477 3633 1575 3681 natura
1590 3626 1721 3697 pulchre,
1735 3626 1783 3682 sed
1795 3624 1829 3681 ah

1039 3717 1198 3773 hominibus
1211 3719 1371 3787 compositu.
1384 3714 1430 3771 ιιι
1443 3727 1508 3772 sunt
1519 3733 1609 3787 pravas
1620 3717 1729 3773 illorum
1748 3727 1829 3773 sectos

202 3795 298 3848 ’Μ’
315 3779 412 3836 Mil·
428 3783 551 3854 0³9·⁸l²
568 3785 990 3861 Quidl⁰⁶l⁰⁶⁰lielmlllii¹⁸m
1040 3812 1119 3866 ranis
1143 3809 1390 3866 consuetudinibus
1415 3809 1618 3865 circumornatis
1649 3809 1676 3865 in
1710 3809 1828 3866 circuitu

202 3871 332 3974 gladium,
346 3873 399 3975 llil:
409 3891 450 3928 ’Μ
470 3875 510 3929 ”il
522 3878 660 3945 W⁸¹¹⁶⁸l⁰
680 3880 790 3951 mallim
802 3879 886 3935 l⁰⁸⁸l⁸
900 3880 991 3951 ‘iifl‘
1041 3900 1205 3965 lorinsecus,
1220 3915 1276 3955 non
1287 3900 1462 3967 intrinsecus,
1477 3898 1561 3955 utillo
1577 3899 1641 3965 lilia,
1654 3899 1734 3970 culos
1751 3914 1830 3956 tom·

203 3971 286 4016 atrtsr
306 3977 315 4015 :
333 3961 465 4034 Bertsgnus
494 3967 589 4036 suippe
607 3978 707 4025 snrrctoe
724 3970 922 4041 predicatiorsis
951 3979 990 4027 est
1042 3993 1085 4049 ,ὼ
1104 3993 1215 4065 Βιοήῃ,
1238 4002 1310 4048 352,
1337 3991 1496 4058 ,pin1u3,‚
1515 4005 1578 4046 cum
1600 3991 1683 4045 eriam
1706 3988 1743 4045 sit
1760 3987 1829 4044 loris

203 4054 321 4157 gladius,
336 4070 387 4125 quo
401 4059 614 4126 sternumentis
632 4061 742 4134 sculpo
755 4065 912 4120 moriamur.
930 4064 991 4120 lits·
1044 4103 1054 4136 ,
1073 4084 1278 4140 circumamicta
1304 4081 1436 4137 varietate
1459 4080 1545 4154 (psal.
1568 4094 1643 4150 retr,
1665 4080 1709 4145 lt,
1734 4080 1792 4151 ts),
1816 4097 1826 4131 r

204 4145 291 4216 lignus
301 4160 362 4216 ergo
376 4145 515 4204 statutos
525 4152 707 4220 persuasionis
717 4163 756 4208 est
780 4155 899 4225 gladius,
930 4172 991 4211 essm
1041 4177 1222 4247 „smpsimus
1241 4184 1267 4232 et
1290 4174 1496 4244 lorispnlchra,
1512 4181 1614 4230 etrere
1634 4173 1765 4244 templum
1781 4171 1829 4228 lici

203 4237 393 4310 rnalsouisqus
407 4242 633 4311 perstitimus
652 4247 695 4300 ris
711 4246 876 4303 rectitudinis
891 4249 992 4304 exstin-
1042 4268 1217 4325 nominanda,
1245 4266 1297 4322 Sep
1320 4267 1379 4321 131ae
1400 4265 1476 4335 pipp,
1500 4266 1559 4321 istm
1576 4275 1658 4321 seerae
1677 4265 1830 4335 compositu

202 4340 309 4399 illiti·
322 4330 399 4397 01*θᾶ
411 4335 557 4403 periculum
571 4337 719 4394 ’imiimi‘
732 4340 889 4410 “mim''lll'
903 4341 988 4395 ''laxi'‘
1007 4354 1028 4409 D
1041 4360 1206 4425 lorinsecus,
1218 4368 1246 4414 et
1268 4359 1481 4424 circumornatus,
1496 4356 1571 4414 intus
1590 4356 1670 4412 toedae
1690 4371 1722 4413 ac
1733 4364 1830 4426 turpes

202 4420 529 4496 eminentissimorum
542 4429 799 4498 nomqushostisest
822 4430 929 4501 gladius
944 4430 990 4485 itte
1040 4466 1095 4506 „on
1115 4450 1248 4520 effugium
1262 4449 1407 4520 myricam
1422 4447 1666 4504 sugganmfionem
1680 4447 1782 4503 021,qu
1794 4448 1830 4504 d„

203 4514 418 4570 tunrdanmotus
437 4517 514 4572 lrcmo
540 4519 567 4572 in
598 4535 676 4574 usum
699 4521 838 4576 nrirristerii
864 4521 921 4591 ejus
945 4537 991 4576 os·
1041 4540 1289 4597 paphusgpoemp„

201 4613 332 4671 sumptus.
351 4602 441 4676 ipsunt
452 4608 546 4677 quippe
557 4623 604 4677 per
617 4607 750 4663 melitium
764 4610 868 4679 [randis
883 4612 990 4666 assuit

244 4693 250 4705 ,
1128 4629 1280 4686 introrsum
1303 4640 1391 4701 turpes
1410 4631 1520 4702 speciosi
1543 4630 1609 4701 pello
1631 4630 1738 4685 decoro.

202 4703 226 4746 st
240 4695 406 4765 infirmiorum
421 4698 501 4753 cordo
519 4701 661 4771 trurufigit.

1075 4721 1192 4777 Proinde
1206 4732 1449 4793 quantumcunque
1461 4737 1491 4779 se
1501 4721 1655 4779 lorinsecus
1666 4731 1766 4776 ornent
1773 4720 1831 4776 illa

240 4803 303 4860 liaeo
323 4806 430 4863 dicente
451 4820 548 4868 sancto
566 4811 698 4884 Gregorio
723 4814 757 4868 dc
781 4814 878 4870 ultimo
900 4814 988 4882 dolio,
1040 4824 1121 4872 secte
1133 4814 1304 4885 perditionis,
1313 4827 1376 4883 ιιι
1388 4790 1518 4882 tanqudm
1529 4812 1637 4867 essetis
1648 4811 1828 4882 plantationis

204 4897 252 4965 qui
270 4895 455 4955 Antichristus
469 4902 581 4971 dicitur,
605 4920 656 4960 nos
681 4906 839 4962 imminente
850 4907 907 4977 iarn
922 4918 990 4963 tem·

204 5002 270 5056 pire
283 4988 436 5058 periculoso
448 4992 579 5051 hahemus
593 4998 777 5054 necessarium
795 5000 910 5068 psallere
923 5015 990 5056 con·

205 5089 246 5135 tra
268 5081 414 5154 malignum
436 5084 520 5141 istum
544 5087 674 5158 gladium,
695 5091 743 5161 qui
767 5107 841 5148 nunc
858 5092 990 5148 adsersus

204 5171 346 5229 toritatem
367 5177 520 5244 exacuitur,
533 5178 598 5233 durn
619 5177 725 5237 falsitas
740 5181 786 5243 ‚rel
809 5183 935 5238 hurctica
948 5181 989 5238 ιιι

205 5263 380 5321 schismatica
397 5266 491 5322 subtili
514 5268 692 5338 persuasione
715 5270 934 5342 detrusumque
956 5286 991 5325 ne

204 5356 267 5427 quis
284 5358 403 5415 hilelium
417 5361 500 5430 quasi
512 5360 603 5431 gladio
614 5361 734 5432 maligno
745 5361 933 5428 interliciatur,
949 5361 992 5417 di·

204 5455 249 5502 cst
264 5447 381 5520 ortisque
392 5452 522 5521 parvulus
535 5468 597 5507 eunt
608 5453 721 5522 paruulo
731 5452 816 5508 Dauid
831 5468 929 5524 nrsgno
939 5452 990 5507 ad·

204 5541 287 5607 jutori
300 5540 354 5595 hen
362 5554 455 5600 nostro
468 5563 475 5599 ι
487 5544 540 5611 Qui
550 5545 682 5601 redcnristi
695 5544 778 5601 aaut
789 5561 892 5602 serrum
904 5555 988 5610 tuum,

206 5632 238 5682 ric
251 5634 339 5699 pludio
355 5638 468 5705 rnuligno

1040 4909 1183 4979 antiquum
1195 4916 1370 4978 paternarum
1386 4904 1564 4961 traditionum
1580 4920 1634 4960 non
1648 4904 1750 4960 habent
1764 4903 1829 4960 isto·

1040 4999 1209 5065 dementum,
1217 5014 1270 5054 non
1279 4994 1517 5052 merenturrocari
1528 4998 1654 5065 temptum
1661 5005 1692 5049 ut
1700 4994 1750 5062 illi,
1761 4995 1828 5065 qui·

1040 5091 1092 5148 hus
1105 5090 1227 5147 dicitur:
1251 5108 1261 5141 ι
1280 5088 1335 5145 Vos
1347 5086 1413 5144 estis
1427 5087 1558 5157 templum
1573 5085 1621 5143 het
1636 5085 1690 5141 viui
1702 5083 1748 5154 (ιι
1762 5083 1826 5141 Cor.

1040 5199 1078 5248 ut,
1097 5182 1151 5252 16).
1170 5201 1180 5235 ι
1197 5181 1250 5237 Et:
1279 5200 1288 5233 ι
1307 5179 1426 5251 Spiritus
1444 5184 1556 5235 sanctus
1580 5176 1685 5232 habitat
1707 5176 1736 5231 in
1749 5175 1829 5233 rolris

1041 5274 1067 5348 (l
1081 5275 1144 5332 Cor.
1158 5290 1199 5341 nt,
1216 5274 1269 5344 to).
1286 5291 1297 5323 ι
1550 5286 1564 5295 ‘

1075 5367 1202 5422 Attamen
1217 5366 1258 5420 sie
1271 5366 1476 5419 circumornatis
1488 5368 1562 5427 sunt,
1576 5367 1611 5414 ut·
1619 5354 1826 5413 habeantsiuri·

1041 5457 1180 5513 titudinem
1194 5453 1295 5524 tmrpli,
1309 5452 1387 5521 cujus
1402 5466 1456 5506 non
1472 5450 1575 5505 hahent
1592 5447 1743 5511 veritatem,
1760 5442 1824 5514 quia

1042 5562 1096 5602 non
1111 5554 1176 5601 sunt
1191 5542 1322 5608 Ecclesia,
1346 5555 1407 5610 quse
1423 5546 1466 5594 est
1486 5535 1660 5609 congregatio
1674 5536 1823 5606 justorum,

1042 5639 1087 5694 scd
1103 5644 1167 5693 sunt
1178 5650 1313 5708 synagoga
1330 5632 1447 5697 Sntanae,
1464 5645 1524 5704 que
1535 5637 1576 5685 est
1588 5625 1761 5697 congregatio
1772 5623 1824 5678 ini·
