3892 6067
206 319 256 382 ὅθι
680 315 835 372 abnuunt
853 311 1046 371 ennrosnl
1065 310 1339 369 sentehcnsrund.
1393 342 1399 352 ·
1780 301 1838 367 551

206 439 346 503 adoratur,
371 432 451 505 cajus
468 431 496 487 ln
516 447 570 488 uns
596 446 722 503 persona,
748 446 811 502 nure
834 430 921 485 Filius
944 440 996 494 εει,
1013 428 1140 491 {epatris
1158 430 1256 494 restri;
1279 425 1505 497 respondebimus
1529 424 1594 480 illud
1622 425 1839 497 Apostolieum:

206 529 288 583 etiam
303 533 400 581 natura
411 524 532 579 humana
547 524 575 579 in
587 525 676 594 ipsum
692 532 832 594 assumpta
849 531 923 579 recte
933 524 998 576 ado-
1053 542 1063 574 r
1079 522 1138 578 Etsi
1153 522 1293 578 Christum
1312 518 1460 591 aliquando
1473 518 1550 589 jusu
1576 533 1687 574 earnem
1710 520 1843 591 connati·

206 628 294 672 ratur.
307 616 401 688 Neque
414 627 506 672 tamen
533 616 583 672 bac
606 616 766 672 adoratione
782 617 818 671 ab
835 616 881 670 illa
905 616 998 686 regula
1048 631 1122 683 mus,
1138 615 1184 670 sed
1201 630 1274 669 nunc
1286 615 1343 683 jam
1360 628 1415 668 non
1439 613 1576 667 nouimus.
1593 631 1603 665 r
1623 609 1745 683 lienique
1768 612 1840 668 idem

205 708 406 779 herinannus
418 707 519 764 dicitur
535 726 542 762 :
557 726 567 759 r
585 705 732 763 hominum
743 707 829 763 licum
844 716 921 763 tuum
933 707 999 762 ado·

204 800 280 858 rabis
294 808 321 856 et
338 801 378 855 illi
393 801 444 856 soli
456 801 559 857 seruies
579 798 671 868 (Dent.
684 800 792 871 virli).
808 819 818 852 r

242 892 356 961 Quodsi
370 892 438 947 mihi
456 891 589 947 Photinus
600 891 704 962 objicit,
718 908 804 963 genus
827 907 889 948 esse
911 892 999 948 idolo-

205 984 292 1039 latriae
304 992 458 1039 ereaturam
475 983 546 1038 ειιιι
560 981 644 1037 berum
653 982 778 1049 odorare,
787 983 851 1053 quia
866 983 911 1038 ille
921 983 1001 1039 Chri-

206 1083 279 1131 stum
291 1089 347 1129 non
359 1072 484 1130 concedit
496 1073 675 1140 adorandum,
688 1087 769 1143 quem
781 1081 860 1143 putat
875 1089 937 1129 esse
948 1091 999 1145 pu-

204 1178 267 1221 rum
283 1164 438 1232 hominem,
464 1163 537 1218 nulla
555 1163 654 1218 melius
668 1164 832 1219 auctor-itate
846 1180 891 1218 me
905 1163 999 1220 delen-

205 1257 325 1315 dendum
347 1264 426 1327 puto,
454 1269 536 1326 quam
560 1269 603 1321 ea,
631 1269 692 1325 quse
716 1254 784 1309 mihi
809 1264 852 1311 εει
871 1254 906 1310 ab
927 1256 998 1326 lpsn.

205 1347 319 1419 Nempe,
332 1362 396 1402 cum
412 1347 502 1401 adhuc
512 1345 637 1401 mortalis
653 1345 725 1401 inter
744 1345 873 1402 mortales
884 1346 998 1413 viveret,

206 1457 222 1497 a
241 1439 405 1497 mortalibus
422 1438 472 1494 luit
485 1438 625 1505 adoratur,
640 1447 668 1493 et
690 1453 744 1494 non
768 1439 874 1505 abnuit,
898 1438 953 1493 imo
969 1453 999 1494 se

204 1532 387 1589 adorantibus
402 1530 517 1600 largitus
538 1537 581 1585 εει
598 1530 724 1599 gratiam,
741 1529 816 1584 verbi
829 1529 927 1600 gratia,
940 1531 1000 1584 cui·

205 1625 268 1679 darn
283 1624 393 1693 leproso
411 1622 502 1692 ipsum
515 1620 642 1675 adoranti
661 1630 689 1675 ει
706 1621 825 1677 dicenti:
844 1639 853 1672 r
872 1620 997 1689 Domine,

205 1717 228 1772 si
244 1716 295 1783 ris,
308 1723 386 1785 potes
398 1728 442 1768 me
460 1704 595 1768 mundare
613 1711 723 1782 (llatth.
736 1728 795 1780 ιιιι,
808 1713 864 1783 ihr
879 1713 994 1785 largitus

1048 708 1197 778 Apostolus
1212 707 1239 761 in
1251 705 1387 776 principio
1400 703 1528 775 Epistulae
1536 719 1594 759 suae
1605 703 1700 759 scribit
1713 704 1748 759 ad
1762 702 1844 760 Gala·

1049 807 1091 852 tas
1108 815 1114 850 :
1138 795 1264 851 ‹Paulus
1277 794 1419 865 apostolus
1434 808 1488 847 non
1511 792 1545 846 ab
1569 791 1738 858 bominibus,
1751 803 1843 861 nequa

1050 904 1098 959 per
1123 887 1273 951 hominem,
1298 885 1345 940 sed
1374 900 1422 955 per
1434 881 1529 938 Jesum
1544 882 1696 950 Christum,
1713 882 1840 939 etheum

1049 979 1170 1045 Patrem,
1179 978 1225 1047 qui
1238 976 1382 1032 suscitavit
1392 991 1455 1031 eum
1467 989 1482 1028 a
1494 975 1621 1039 mortuis,
1628 984 1655 1029 et
1669 975 1716 1045 qui
1731 989 1840 1031 mecum

1049 1079 1113 1127 sunt
1131 1086 1228 1126 omncs
1240 1070 1349 1127 iratres·
1364 1088 1374 1118 s
1394 1067 1423 1124 st
1437 1068 1510 1123 enim
1528 1082 1602 1124 mors
1614 1067 1742 1137 absorpta
1755 1078 1797 1124 est
1811 1067 1841 1123 in

1049 1163 1175 1229 uictoria,
1194 1177 1279 1232 quare
1301 1176 1354 1216 non
1376 1160 1468 1216 corruis
1485 1160 1637 1227 humilitas,
1655 1169 1841 1231 quapropter

1050 1254 1198 1308 humanam
1210 1255 1326 1309 salutem
1336 1263 1474 1322 assumpta
1483 1264 1535 1315 εει,
1547 1254 1574 1307 in
1588 1252 1843 1308 Dirinitatistmns·

1050 1345 1112 1400 ierit
1124 1345 1309 1415 majestatem,
1324 1353 1355 1400 ut
1365 1344 1459 1399 lecerit
1474 1353 1622 1415 utrumque
1634 1360 1736 1410 unum,
1748 1354 1774 1399 ει
1784 1359 1842 1399 ιιι

1050 1438 1197 1493 ιιιιιειιιε
1223 1447 1389 1504 ereaturam,
1402 1437 1449 1492 sed
1463 1437 1632 1504 Creatorem,
1643 1436 1690 1509 qul
1705 1446 1747 1492 εει
1759 1437 1843 1493 bene·

1049 1528 1140 1584 dietus
1161 1530 1187 1583 in
1207 1528 1348 1584 sacrrlals

1086 1620 1149 1677 llaec
1158 1622 1266 1676 dicente
1277 1619 1375 1675 illustri
1387 1619 1621 1691 rirollicronymo
1632 1629 1726 1675 nostra
1739 1619 1777 1675 illi
1791 1634 1843 1690 por

1050 1714 1143 1770 omnia
1157 1721 1293 1769 consonat
1306 1713 1434 1777 assertio,
1452 1728 1506 1782 qua
1518 1710 1762 1768 flauminum-Deum
1776 1712 1843 1768 sim·

205 1818 248 1865 est
272 1807 446 1874 munditiam,
475 1821 559 1876 qnam
589 1805 748 1874 postularit.
771 1802 837 1859 ltem
864 1815 942 1875 reges
963 1803 999 1859 ab
1014 1774 1035 1830 B
1051 1804 1114 1874 plici
1129 1805 1290 1860 adoratione
1299 1802 1467 1857 adorandam
1484 1802 1603 1859 letemur
1611 1803 1690 1873 juxta
1705 1803 1770 1858 illud
1783 1821 1790 1859 ε
1805 1802 1842 1858 Et

205 1899 467 1970 ιιιειιεξιειιειιεε,
476 1897 540 1952 ιιιει
551 1897 578 1950 ιι
590 1895 823 1965 ounlsjacentctn,
836 1902 927 1950 tamen
938 1910 1000 1966 pro=
1050 1896 1199 1950 adorabant
1213 1896 1245 1951 de
1259 1897 1316 1966 ipso
1334 1912 1451 1966 semper,·
1466 1894 1623 1965 Adorabunt
1646 1895 1734 1965 ipsum
1746 1905 1774 1950 et
1787 1897 1842 1951 boc

209 2011 219 2043 r
236 1991 356 2048 ridentes
369 1990 626 2044 adoraverunteum
643 1986 752 2057 (blatan.
770 2003 801 2055 n,
817 1988 874 2057 ll),
889 2007 899 2040 ι
916 2003 998 2059 qutun
1050 1986 1151 2041 habent
1165 1986 1197 2040 de
1213 1988 1281 2057 ipsa,
1295 1988 1359 2057 quia
1378 1986 1483 2057 palmes
1498 1999 1553 2040 non
1575 1984 1658 2040 habet
1678 1985 1764 2038 vitam
1786 1984 1842 2040 nisi

205 2081 302 2135 etsuis
316 2078 477 2133 muneribus
492 2077 636 2132 contestati
650 2085 716 2132 sunt
727 2075 998 2147 hominemhegem,
1049 2078 1083 2135 de
1107 2080 1173 2147 nite,
1198 2094 1287 2150 nenne
1305 2080 1459 2135 membrum
1482 2076 1549 2132 uiuit
1570 2076 1631 2132 sine
1647 2077 1844 2148 capitumque

206 2167 304 2236 heum,
318 2185 351 2225 ac
367 2168 482 2239 proinde
497 2176 572 2224 recte
584 2168 764 2235 adorandum·
781 2185 832 2224 nec
851 2170 877 2223 in
898 2169 999 2224 adora-
1050 2170 1122 2237 ideo,
1146 2169 1219 2239 quod
1243 2169 1366 2224 membro
1383 2177 1466 2239 eaput
1479 2166 1639 2233 adorabunt,
1653 2166 1685 2221 de
1698 2167 1755 2236 ipro
1766 2180 1841 2223 εειι·

205 2260 281 2316 tione
291 2259 395 2316 Christi
410 2259 452 2314 vel
468 2258 607 2314 hominem
631 2258 726 2323 abeo,
742 2259 784 2314 uel
798 2261 882 2313 lleum
901 2259 936 2314 ab
948 2258 1000 2312 ho·
1051 2274 1100 2329 per
1115 2259 1263 2329 acciplunt,
1289 2259 1317 2314 in
1338 2272 1393 2330 quo
1408 2273 1516 2328 semper
1526 2258 1622 2312 ιιιιιι
1651 2263 1679 2312 et
1699 2257 1760 2312 sine
1785 2270 1843 2328 quo

206 2355 281 2410 miae
296 2353 535 2423 sequestrandum.
553 2350 640 2420 Unde,
655 2361 686 2407 ut
698 2353 777 2423 longe
796 2368 879 2422 supra
898 2353 925 2406 in
945 2353 1000 2407 alio
1050 2352 1118 2406 nibil
1144 2359 1271 2422 possunt.
1296 2352 1336 2406 De
1360 2353 1418 2422 ipsa
1443 2351 1581 2422 accipiunt
1598 2350 1726 2407 uirtutem
1741 2365 1844 2421 serrrper

173 2494 177 2501 .
206 2447 313 2518 psalmo
337 2445 598 2512 demonstravimus,
620 2456 693 2502 recte
717 2445 837 2517 synodus
861 2444 999 2515 Ephesina
1049 2450 1077 2497 ει
1095 2442 1198 2513 jugiter
1225 2443 1323 2498 orandi
1337 2450 1364 2497 ει
1377 2442 1518 2496 adorandi.
1533 2439 1651 2512 Semper,
1663 2440 1690 2497 id
1702 2451 1745 2498 est
1765 2442 1843 2498 omni

207 2541 260 2595 sub
273 2539 447 2593 anathemate
465 2537 606 2593 damnarit
627 2551 684 2591 nou
699 2538 859 2604 salamnus,
879 2538 926 2607 nui
946 2537 999 2591 ho·
1049 2543 1181 2604 tempore,
1206 2534 1265 2590 sine
1286 2534 1491 2590 intermissione
1512 2533 1668 2591 orabuntet
1680 2534 1842 2592 adorabunt.

205 2631 308 2690 minem
325 2628 444 2685 aVerbo
459 2627 508 2684 Dei
529 2635 701 2698 assumptum
716 2628 851 2683 docebant
864 2642 919 2682 ιιι
934 2629 1001 2682 ada·
1049 2624 1141 2680 Finito
1160 2640 1226 2681 nero
1242 2626 1451 2698 temporalitatis
1469 2641 1551 2682 cursu
1567 2626 1595 2681 in
1612 2626 1771 2683 aetermtatls
1784 2636 1844 2682 tato

206 2720 332 2787 randum,
348 2719 394 2775 sed
413 2720 497 2774 etiam
516 2733 575 2785 εοε,
591 2719 638 2788 qui
655 2718 796 2773 huminem
818 2717 908 2773 Verbo
922 2734 1001 2775 asse·
1049 2718 1256 2773 diebeuedr'eent
1271 2721 1307 2773 ei.
1369 2769 1372 2775 .

205 2813 304 2869 rebant
327 2811 537 2878 coadorandam,
563 2811 628 2882 quia
658 2826 711 2866 una
739 2810 853 2881 simplex
877 2812 1001 2868 adoratio
1085 2810 1137 2865 hltt
1159 2811 1269 2866 codices
1289 2810 1391 2868 habent
1407 2831 1415 2867 :
1431 2812 1588 2868 Adorabunt
1609 2828 1657 2883 pro
1676 2813 1744 2883 ipso.
1770 2810 1844 2880 Quid

206 2905 321 2961 debetur
339 2901 450 2959 Homini
463 2902 529 2970 beo,
543 2903 608 2973 quia
624 2900 743 2957 Verbum
757 2918 822 2958 earn
835 2901 938 2960 lactum
953 2905 1001 2960 de-
1050 2911 1092 2958 est
1105 2917 1186 2958 orare
1201 2920 1249 2973 pro
1263 2905 1320 2974 r'psa
1333 2905 1389 2961 nisi
1402 2906 1444 2960 rel
1456 2923 1504 2976 pro
1515 2906 1572 2976 ipsa
1587 2904 1788 2976 eoumquendo,
1798 2906 1843 2962 rel

206 2997 247 3052 dit
264 3010 320 3051 suae
339 2997 417 3051 carni
436 3010 493 3049 ιιι
508 2993 677 3049 adorationis
690 2994 868 3051 indiscretum
886 3011 1000 3051 consor·
1050 3014 1098 3068 pra
1116 2999 1173 3068 ipsa
1195 2997 1223 3053 in
1242 3000 1301 3054 suis
1320 3000 1451 3055 membris
1466 2999 1674 3069 multiplicando
1692 3007 1720 3053 et
1737 2999 1843 3069 urspri-

206 3088 286 3145 tium.
310 3084 389 3140 Unde
404 3084 501 3139 Patres
515 3084 647 3154 Ephesini
663 3084 785 3152 concilii,
807 3087 852 3141 cui
870 3087 998 3157 presedit
1012 3124 1032 3181 c
1051 3090 1175 3144 beando?
1187 3088 1236 3144 Vel
1251 3091 1291 3146 sic
1306 3091 1443 3164 distingue
1459 3108 1466 3144 ε
1480 3091 1562 3162 Rupes
1578 3091 1686 3145 Tharria
1700 3099 1726 3145 et
1746 3089 1844 3148 insulsa

150 3188 154 3195 ’
206 3175 327 3247 cyrillus
341 3172 545 3229 Alexandrinus
558 3173 724 3243 patriarcba,
739 3174 834 3229 dicunt
854 3176 924 3230 inter
945 3190 998 3231 ει·
1051 3196 1162 3235 rnunera
1173 3182 1282 3251 efferaret
1295 3198 1305 3238 .·
1317 3201 1388 3256 repes
1402 3186 1521 3239 Arabum
1537 3195 1561 3240 et
1576 3184 1649 3242 Saba
1670 3185 1740 3242 dana
1755 3186 1844 3242 addu-

207 3275 264 3319 tera
278 3281 285 3317 ε
307 3283 316 3314 r
336 3262 365 3318 Si
378 3263 441 3333 quis
460 3260 543 3317 audet
555 3262 655 3328 dicere,
676 3275 846 3333 assumptum
859 3263 999 3321 bominem
1050 3281 1107 3326 rent
1121 3281 1147 3327 et
1167 3273 1326 3339 adorabunt,
1339 3284 1366 3330 et
1375 3285 1468 3347 postea
1481 3277 1635 3350 subjunge:
1651 3280 1690 3334 De
1704 3281 1760 3351 ipso
1773 3295 1843 3334 ιειι-

208 3355 329 3411 aVerbo
341 3354 482 3410 coadorari
501 3369 564 3409 cnm
579 3353 634 3408 beo
650 3353 739 3411 Verbo
752 3365 780 3411 ει
800 3356 1000 3427 corrglorillcari
1050 3377 1095 3430 per
1112 3371 1168 3416 tata
1190 3364 1234 3418 die
1254 3364 1405 3422 berredirent
1427 3368 1462 3424 εἰ.
1486 3367 1545 3426 lloc
1558 3378 1600 3425 est
1616 3389 1624 3424 :
1640 3368 1669 3425 ln
1686 3371 1843 3441 semetipsis

207 3458 234 3502 ει
248 3446 456 3515 connuncupari
469 3444 554 3500 lienm
569 3455 700 3516 tanquam
716 3446 834 3502 alterurn
847 3447 924 3503 alteri
939 3447 1000 3519 (ad-

204 3538 288 3608 jectio
302 3537 376 3592 enlm
391 3536 473 3591 unius
489 3535 610 3607 syllabae,
626 3537 654 3591 id
674 3545 716 3593 est
737 3554 777 3605 ea,
801 3538 854 3594 hoc
868 3540 940 3611 cogit
955 3539 999 3593 in·

207 3629 317 3701 telligi),
329 3637 356 3685 et
370 3643 424 3683 non
438 3627 525 3699 magis
540 3643 594 3683 uno
606 3629 758 3684 reuerentia
771 3641 915 3686 veneretur
936 3628 1001 3685 Em·

1050 3454 1257 3513 habenteausas
1271 3460 1447 3515 cimeterium
1466 3462 1524 3517 sine
1538 3463 1635 3520 orandi
1649 3464 1706 3521 sire
1715 3465 1842 3534 plorandi

1051 3562 1143 3603 coram
1160 3549 1219 3619 ipsa
1230 3567 1347 3621 sennem
1362 3552 1409 3607 scd
1425 3554 1460 3609 de
1477 3555 1536 3624 ipso
1557 3557 1691 3627 accipient
1703 3573 1800 3614 causas
1814 3568 1844 3615 et

1051 3647 1286 3712 nratcriam,unde
1300 3650 1412 3704 tutudit
1427 3650 1583 3707 benedicant
1592 3654 1626 3707 ei.
1641 3652 1781 3711 Laudandi
1791 3669 1842 3710 scu

208 3721 329 3786 manuel,
355 3735 492 3790 unamque
518 3719 723 3776 uenerationem
751 3722 929 3792 dependerit,
954 3739 1000 3779 εε-

209 3813 329 3869 carnelum
344 3813 418 3884 quod
432 3811 554 3869 Verbum
578 3828 643 3869 cara
666 3812 837 3884 factumest,
854 3816 1000 3873 anathema

210 3905 255 3962 sit.
274 3924 284 3958 ι
1088 3919 1170 3976 Vens.
1197 3922 1241 3978 lt.
1267 3891 1327 3980 Erit
1352 3928 1549 3997 firmamentum
1561 3931 1589 3985 in
1606 3940 1676 3985 terra
1690 3931 1718 3984 in
1730 3931 1844 3985 sanantis

244 3995 329 4069 Igitur
341 3997 415 4069 quod
430 3998 533 4054 dictum
550 4007 592 4057 est
608 4020 614 4057 :
631 4001 786 4057 Adorabunt
805 4001 838 4057 de
859 4004 916 4074 ipsa
931 4020 1000 4059 sent·
1051 4008 1196 4073 morutium·
1216 4012 1286 4080 quad
1310 4013 1531 4083 superealoiietur
1545 4031 1623 4085 saper
1636 4016 1765 4070 libanum
1783 4014 1844 4088 fra:

208 4106 265 4161 per,
282 4089 375 4170 siccet
389 4091 589 4162 accipiendum,
605 4102 636 4148 ut
650 4092 750 4166 Regem
763 4093 929 4150 Salomonem
944 4111 999 4152 non
1051 4109 1107 4154 etus
1121 4100 1188 4170 ejus,
1201 4110 1226 4155 et
1238 4101 1370 4171 florebunt
1387 4105 1420 4159 de
1437 4105 1543 4161 ciuitate
1558 4108 1627 4161 sicut
1642 4106 1730 4176 tenant
1754 4115 1842 4161 terrra.

208 4178 300 4234 solum
321 4179 351 4234 in
378 4178 534 4248 Divinitate,
551 4183 598 4238 sed
618 4185 701 4238 ctiam
724 4185 752 4239 in
768 4185 936 4241 humanitate
949 4201 1000 4242 sua
1087 4188 1215 4260 Legimus
1227 4192 1422 4260 firmamentum
1437 4194 1538 4250 lactum
1555 4196 1582 4251 in
1596 4196 1842 4267 mediaequarnm,

207 4269 353 4325 credamus
366 4269 582 4327 eteoullteamnr
594 4272 762 4328 adorandam
778 4291 832 4329 una
848 4291 961 4345 prorsus
973 4284 1001 4332 et
1051 4296 1113 4336 cnm
1141 4281 1231 4335 adhuc
1260 4291 1332 4337 terra
1361 4287 1539 4342 essetinanis
1557 4287 1766 4344 etracua.lloc
1783 4298 1845 4344 erat

208 4359 365 4416 indissimili
377 4362 537 4418 adoratione
547 4378 579 4419 aa
589 4366 936 4435 ueneratione3quoniam,
948 4369 1000 4423 etsi
1051 4384 1120 4439 opus
1147 4370 1286 4439 primariae
1315 4373 1473 4432 creationis.
1504 4375 1635 4434 Videmus
1662 4378 1716 4434 hoc
1740 4379 1843 4435 coelum

208 4465 243 4507 ea
256 4451 365 4507 duabus
384 4453 454 4507 etin
477 4453 584 4509 duabus
601 4455 708 4511 naturis
734 4455 862 4512 Christus
887 4459 1137 4530 existat,1)stellis
1160 4462 1343 4532 adornatum,
1371 4466 1516 4535 pulchrum
1542 4482 1612 4537 opus
1631 4476 1659 4523 et
1678 4468 1841 4535 mirificum,

208 4557 264 4598 una
275 4552 376 4611 tannem
388 4544 463 4599 salva
472 4555 631 4600 naturarum
641 4547 839 4615 permanentia,
848 4549 1000 4605 estutrius·
1051 4554 1124 4624 quod
1148 4552 1251 4610 iactum
1267 4565 1312 4610 εει
1332 4572 1381 4627 per
1391 4556 1510 4614 Verbum
1526 4560 1643 4615 necdum
1656 4560 1842 4616 incarnatum.

209 4650 264 4705 nuc
285 4644 392 4691 nature
410 4637 531 4704 claritas,
553 4637 580 4691 in
607 4651 662 4708 qua
691 4636 763 4717 lacta
795 4648 860 4694 sunt
885 4652 1001 4713 utraque
1052 4643 1105 4701 Sed
1133 4644 1215 4715 longe
1234 4646 1390 4704 mirabilius
1403 4658 1430 4704 et
1448 4649 1632 4707 venerabilius
1648 4660 1701 4718 est,
1714 4651 1787 4722 quod
1801 4653 1845 4723 ip·

209 4741 306 4780 unum.
323 4725 393 4781 ilinc
407 4725 589 4800 Hieronymus
603 4743 686 4798 super
704 4728 850 4785 ieremiam
874 4732 951 4804 (narr,
971 4734 1000 4806 5)
1051 4749 1112 4791 sum
1126 4732 1247 4792 Verbum
1263 4737 1436 4795 incarnatum
1450 4751 1493 4796 est
1506 4750 1531 4794 et
1544 4743 1595 4796 erit
1606 4743 1802 4812 finnantentant
1815 4744 1844 4799 in

210 4830 351 4885 aspernens
368 4817 434 4872 illud
452 4838 458 4872 :
477 4838 487 4871 r
504 4819 662 4878 Maledictus
675 4822 768 4890 homo,
783 4823 832 4893 qui
849 4825 961 4881 conlidit
972 4828 1001 4883 ln
1052 4838 1124 4882 terra
1147 4829 1223 4898 prius
1247 4830 1369 4888 inaniet
1389 4848 1486 4889 vacua.
1506 4832 1567 4887 Erit
1591 4835 1789 4905 firmamentum
1814 4839 1844 4893 ln

210 4906 332 4973 bomine,
356 4926 366 4959 r
389 4907 456 4964 dicit
475 4911 546 4966 inter
563 4922 684 4971 arcura:
708 4935 719 4968 r
736 4914 765 4971 st
783 4916 944 4975 maledictus
959 4929 1003 4976 εει
1053 4931 1136 4989 terra,
1149 4921 1212 4992 quia
1225 4936 1324 4993 panem
1343 4926 1503 4995 angelorum
1520 4926 1696 4985 manducarit
1709 4930 1803 4996 bonno,
1815 4938 1845 4985 et

210 4998 408 5067 omnishomo,
422 5001 596 5071 qnieonbdlt
620 5006 649 5059 in
664 5005 898 5074 hominml’aulu‘s
910 5020 1002 5066 autem
1053 5010 1099 5067 bic
1110 5012 1188 5082 panis
1202 5028 1252 5069 cor
1263 5014 1384 5072 hominis
1399 5017 1567 5076 confirmans
1579 5021 1630 5074 erit
1645 5021 1845 5089 pernumeratum

212 5087 421 5158 samosatenus,
442 5099 470 5147 ει
494 5090 644 5161 Photinus,
667 5100 795 5165 quamtis
820 5110 945 5157 sanetum
975 5109 1003 5158 et
1054 5104 1170 5160 interra
1190 5115 1268 5162 tanto
1285 5108 1428 5178 pulchrius
1457 5112 1503 5168 illo
1534 5114 1639 5170 ειειεειι
1656 5114 1844 5182 armamento,

211 5181 320 5238 cuneus
340 5182 481 5237 excelsum
502 5183 650 5240 virtutibus
664 5187 810 5255 predicent
822 5188 1001 5259 saluatorem,
1054 5206 1160 5266 quanto
1169 5197 1339 5257 differentius
1353 5216 1410 5272 pra
1424 5204 1471 5261 illo
1484 5219 1584 5261 nomen
1597 5203 1778 5261 ιιειειιιιιιιιιὲ
1790 5203 1845 5274 Qui

211 5279 303 5328 umen
317 5280 424 5329 tanturn
438 5272 579 5330 hominem
593 5274 766 5332 cantitentur.
778 5276 850 5349 Ergo
865 5279 1003 5337 maledieti
1054 5288 1128 5342 enim
1143 5289 1244 5345 eoelum
1262 5290 1329 5348 illud
1348 5295 1497 5352 ethereum
1513 5295 1622 5352 vocarit
1634 5296 1845 5367 limatensem,

211 5373 293 5419 erunt
306 5380 381 5436 spem
397 5364 530 5422 babentes
544 5365 571 5421 in
588 5367 709 5424 homine.
729 5369 845 5436 Quodsi
860 5372 940 5429 nobis
953 5387 1004 5443 op·
1053 5393 1088 5434 eo
1105 5379 1178 5450 quod
1198 5380 1279 5438 brana
1294 5384 1472 5442 distinetione
1486 5388 1590 5445 diuidat
1602 5402 1689 5459 aquas
1701 5387 1737 5445 ab
1753 5388 1845 5459 annis,

212 5456 332 5526 positum
347 5456 526 5530 luerit,quod
546 5469 574 5514 et
600 5474 651 5518 nos
674 5462 942 5530 eredamasineam,
955 5464 1002 5536 qui
1054 5471 1113 5542 ipse
1133 5474 1447 5546 porrenspirnarnenturn
1466 5479 1496 5533 in
1517 5488 1590 5536 terro
1604 5481 1680 5537 dedit
1693 5481 1719 5537 ei
1733 5494 1846 5547 nomen,

212 5547 279 5602 dicit
288 5566 296 5601 ι
305 5546 383 5605 Νιιε
393 5557 485 5605 ιιιειι
494 5551 618 5627 queritis
628 5568 674 5608 me
687 5552 840 5611 intertlcere
851 5556 1001 5628 bominem,
1053 5563 1129 5635 quod
1144 5573 1279 5637 estsuper
1293 5583 1375 5624 amne
1394 5582 1506 5639 alumen,
1519 5580 1548 5628 et
1559 5580 1722 5644 potestatem
1732 5572 1810 5630 dedit
1819 5573 1847 5628 cl

213 5637 260 5704 oni
278 5639 420 5695 ueritatem
436 5640 544 5698 locutus
569 5658 631 5699 sum
657 5644 748 5711 robis,
769 5662 852 5717 quam
872 5650 964 5705 audiri
986 5665 1002 5706 a
1053 5662 1081 5709 et
1099 5653 1234 5723 judicium
1255 5654 1356 5720 lacere,
1371 5667 1401 5713 ut
1414 5659 1518 5717 diridet
1540 5677 1627 5733 equas
1641 5663 1781 5734 ιιιιιιιιε,
1794 5675 1847 5732 po·

214 5725 272 5784 beo
288 5747 295 5784 r
312 5729 364 5788 hoo
386 5731 524 5791 numnam
549 5748 604 5793 non
629 5733 702 5805 lec-it,
728 5752 776 5795 ros
800 5738 890 5799 iacitis
919 5756 1001 5812 opera
1052 5745 1242 5817 pnlnmsuura
1257 5763 1274 5803 a
1286 5750 1527 5820 populonensno.
1545 5751 1638 5811 Nam«
1658 5770 1739 5827 aquae
1754 5754 1847 5812 mult}

1051 3733 1228 3792 benedicendi
1259 3754 1321 3794 eum
1347 3754 1439 3797 causa
1460 3757 1515 3798 non
1537 3732 1663 3800 'minime
1686 3752 1751 3801 sunt
1773 3744 1842 3813 hee,

1052 3828 1126 3899 qnod
