3892 6067
174 175 243 241 tt'tt

827 190 929 246 18:th
947 191 992 246 ult
1012 190 1146 246 stulta

173 301 265 364 rirnm¹
289 312 317 360 ct
332 305 474 361 mulierem
496 316 593 364 notum
611 306 687 365 istud
708 325 740 364 ac
763 308 894 364 usitatum
920 316 999 371 esth
1015 307 1163 363 Zacharias
1183 314 1211 362 ct
1233 303 1370 360 Elisabeth
1386 303 1465 374 nibil,
1477 304 1559 361 etiam
1570 304 1687 361 multum
1695 278 1822 371 eonati,

173 395 400 465 matrimonium,
414 398 485 455 inter
496 416 607 456 carnem
617 410 645 456 et
655 416 780 466 cartrern,
795 399 870 470 quod
891 398 962 455 uthil

172 494 285 554 gcncrat
308 501 391 556 super
407 504 535 546 carnem:
551 492 592 547 sie
615 491 732 546 interius
749 491 776 545 in
796 489 908 545 bomine
929 506 962 545 ac

172 575 289 630 anullare
301 577 377 634 aliud
391 591 482 636 exstat
496 581 568 637 inter
581 599 691 639 carnem
707 598 739 638 ac
762 582 900 652 spiritum,
916 597 963 648 ge·

171 682 274 722 ueraus
292 667 320 722 in
337 686 420 726 carue
435 687 484 742 per
499 674 637 742 spiritum.
658 674 879 743 ddhucquoque
898 672 963 727 iuti·

172 756 245 813 nrius
268 760 378 816 tertium
395 762 422 818 in
443 765 514 837 ipsa,
527 766 648 822 hominis
670 780 703 822 ae
725 765 849 820 mulieris
869 765 962 819 anima

172 847 301 903 rationali
316 849 466 920 invenitur,
483 862 570 908 totuur
586 854 613 910 iu
628 855 726 925 spiritu
738 896 746 922 ,
759 854 831 925 quod
845 854 962 909 liberum

172 938 318 995 arbitrium
336 941 454 998 dieitur:
478 944 524 999 ubi
546 944 617 1001 ratio
633 954 675 1001 est
692 944 840 1002 Zacharias
853 986 861 1013 ,
874 944 963 1000 Elisa-

172 1029 237 1087 betlr
251 1031 390 1089 voluntas.
407 1033 538 1090 liberum
556 1037 629 1092 enim
645 1036 788 1092 arbitrium
803 1035 869 1106 quid
889 1034 963 1090 aliud

171 1133 215 1181 est
228 1141 312 1196 quam
325 1127 410 1182 libera
428 1143 492 1183 eum
515 1131 621 1186 ratione
641 1131 788 1186 noluntas?
802 1128 841 1185 Ex
858 1131 964 1185 ratione

172 1215 330 1287 arbitrium,
349 1234 382 1276 ex
394 1222 533 1276 voluntate
546 1222 675 1276 liberum.

208 1309 289 1365 ilatio
300 1311 393 1382 itaque
405 1329 459 1367 nou
474 1313 564 1369 solnm
579 1324 710 1384 tanquam
724 1314 765 1369 rir
779 1328 872 1385 regere
882 1313 964 1369 debet

172 1400 265 1457 cordis
278 1402 417 1471 allectum,
433 1420 466 1461 ae
477 1421 588 1462 omnem
604 1409 729 1477 corporis
746 1416 772 1463 el
789 1407 889 1463 animae
904 1420 964 1460 mo·

174 1500 244 1560 tum;
262 1494 310 1550 sed
327 1504 456 1567 tanquam
472 1497 582 1554 llourini
597 1499 727 1554 sacerdos
742 1500 775 1554 ad
789 1504 887 1554 sancta
901 1510 965 1550 san·

1016 414 1062 469 per
1077 414 1107 453 se
1122 397 1247 469 gignunt,
1262 397 1326 468 quia
1342 398 1448 454 ratioet
1459 395 1820 459 uoluntasinhomiuibua,

1012 489 1097 546 etiam
1111 491 1198 546 multu
1215 500 1333 558 corratn,
1352 490 1413 546 sine
1433 488 1521 560 cratia
1537 487 1606 542 nibil
1619 486 1789 557 proliciunt.

1048 582 1149 639 visitat
1162 598 1227 654 ergo
1245 599 1314 654 quos
1327 584 1396 651 nult,
1408 581 1519 653 quando
1533 580 1600 647 nult,
1617 589 1644 636 et
1662 581 1822 650 quomodo

1013 674 1072 730 rull
1086 673 1158 731 bens
1172 676 1366 746 pergratiam,
1391 675 1417 731 id
1438 684 1480 730 est
1502 672 1587 746 gratis
1606 673 1654 727 dat
1668 673 1821 743 gratiam,

1013 783 1075 837 quae
1088 768 1165 839 prius
1180 768 1322 838 promittat
1345 775 1450 822 sanctae
1464 765 1681 821 conversationis
1694 780 1770 835 spe,
1787 774 1823 820 et

1014 860 1187 931 postmodum
1214 861 1342 916 exhibeat
1368 860 1454 917 beatu
1484 859 1598 915 cisionis
1620 873 1650 914 re
1671 859 1820 914 salutem.

1015 950 1078 1007 ldeo
1091 960 1118 1007 ct
1129 950 1251 1007 loannes
1268 950 1370 1021 quibus
1382 950 1478 1016 uoluit,
1492 958 1519 1005 et
1533 949 1644 1019 quaudo
1657 949 1770 1013 noluit,
1787 959 1822 1004 et

1014 1042 1153 1115 quomodo
1170 1042 1258 1098 uoluit
1275 1041 1362 1109 Deus,
1386 1041 1525 1097 exhibitus
1540 1048 1596 1107 est,
1617 1047 1644 1095 et
1665 1041 1821 1094 uomodo

1015 1150 1048 1190 ae
1063 1135 1179 1190 virendo
1194 1133 1374 1205 precucurrit
1387 1142 1415 1188 ot
1426 1132 1553 1202 promisit
1564 1129 1679 1199 lesum,
1700 1145 1738 1185 ac
1754 1140 1821 1185 tara·

1015 1227 1077 1282 dem
1093 1226 1178 1297 digito
1198 1225 1326 1282 ostendit.
1342 1225 1382 1280 lle
1402 1223 1534 1279 Zacharia
1547 1222 1658 1293 quidem
1672 1231 1700 1277 et
1714 1220 1820 1275 Elisan

1016 1318 1090 1385 beth,
1103 1333 1153 1373 nee
1173 1332 1223 1389 per
1234 1326 1360 1373 naturam
1379 1332 1482 1380 suam,
1503 1314 1550 1370 sod
1576 1313 1624 1370 bct
1645 1313 1820 1383 operatione

1015 1412 1135 1468 loannes
1146 1419 1311 1482 generatur:
1339 1424 1390 1466 nec
1415 1409 1470 1465 nisi
1490 1408 1524 1464 de
1548 1408 1676 1463 libertato
1697 1406 1818 1460 arbitrii

1017 1516 1169 1558 cousensus
1190 1501 1299 1568 bonus,
1316 1516 1367 1556 nec
1390 1515 1441 1555 sua
1467 1509 1559 1554 tanuen
1586 1496 1731 1563 ellicacia,
1763 1496 1817 1552 sed

173 1594 281 1640 ntorum
295 1596 450 1658 penetrare,
467 1607 500 1647 ac
512 1590 632 1649 revelata
645 1592 716 1647 lacis
726 1593 874 1662 speculari,
890 1592 964 1663 quod
1019 1595 1206 1651 muniliceutia
1220 1593 1268 1651 Dei
1278 1602 1449 1663 procreatur.
1461 1589 1598 1648 Elisabeth
1611 1588 1754 1657 doruiert,
1765 1598 1819 1644 aut

175 1675 217 1734 las
236 1692 292 1733 uon
315 1688 358 1735 est
382 1681 511 1752 populis:
529 1693 554 1739 ct
570 1682 797 1754 praestolantibus
822 1683 891 1740 loris
903 1699 966 1740 sen·
981 1677 1003 1732 Β
1017 1686 1088 1743 lortc
1098 1686 1167 1742 loris
1183 1686 1357 1757 praestolatur
1371 1699 1433 1741 cnm
1449 1682 1566 1753 populu,
1580 1682 1646 1737 dum
1658 1679 1818 1735 Zacharias

174 1779 289 1828 suamet
303 1772 529 1843 imaginationum
543 1776 965 1845 turbis,iutnsrerelationeeru·
1017 1779 1052 1834 ad
1082 1786 1364 1835 sanctasanctorum
1388 1776 1530 1847 ingressus
1562 1773 1690 1845 angelum
1719 1771 1817 1827 cernit

173 1863 237 1919 diri.
254 1863 387 1922 Voluntas
399 1883 464 1923 rcro
480 1871 577 1936 animi,
594 1871 651 1926 sire
666 1872 757 1927 cordis
773 1872 903 1935 affectus,
918 1870 967 1925 de·
1018 1869 1120 1941 tilioli.
1135 1867 1339 1925 castratum
1354 1874 1504 1937 exspectat,
1520 1865 1585 1921 dnm
1598 1866 1625 1919 iu
1637 1864 1746 1919 feruore
1757 1864 1815 1918 diei

175 1955 221 2012 bet
236 1956 347 2014 obedire
364 1960 476 2027 rationi,
492 1970 518 2016 cl
531 1972 660 2032 tauquam
676 1963 894 2020 mulicrsubdita
906 1976 967 2016 csse
1018 1960 1157 2017 Abraham
1182 1959 1287 2032 angelis
1319 1958 1440 2015 occurrit
1469 1956 1545 2029 (Gerr.
1571 1955 1657 2025 ιιιιι).
1686 1953 1816 2026 Populus

174 2047 257 2115 riro;
274 2064 307 2106 ae
322 2050 381 2105 sine
395 2052 456 2122 ejus
475 2056 643 2124 corrrpfacito
659 2055 727 2110 nihil
742 2058 770 2110 iu
784 2057 902 2112 subditis
916 2071 967 2109 au·
1018 2068 1130 2125 qunque
1141 2051 1287 2107 universus
1304 2049 1433 2106 deorsum
1448 2047 1638 2120 praestolatur,
1651 2047 1718 2103 dum
1733 2046 1815 2119 blop-

174 2138 250 2204 dere,
265 2140 332 2196 rrilril
349 2143 377 2198 in
390 2143 529 2199 extraneis
539 2160 727 2216 praesumcre;
743 2145 777 2200 de
789 2147 848 2202 riro
860 2154 965 2205 tarrtum
1019 2164 1063 2204 ses
1082 2148 1159 2204 solus
1170 2147 1205 2202 ad
1224 2145 1370 2201 hortunam
1385 2144 1412 2199 in
1430 2151 1551 2198 ruontem
1570 2141 1696 2198 ascendit
1707 2139 1812 2209 (nm.

175 2228 336 2300 leenndari,
358 2234 528 2291 adulterinos
546 2237 660 2291 omniuo
683 2238 797 2293 horrore
812 2239 965 2309 amplexus.
1019 2255 1067 2295 ιιι
1081 2249 1108 2295 ct
1122 2238 1207 2310 amr).
1224 2236 1277 2293 snt
1290 2235 1325 2292 arl
1339 2233 1472 2305 liaconis
1485 2242 1540 2286 tam
1554 2232 1690 2286 idonens!
1703 2229 1813 2300 Ubique

175 2322 333 2395 Composita
347 2329 447 2398 qnippe
459 2327 574 2383 interior
585 2328 685 2385 dorrtus
699 2339 744 2384 tua
765 2339 821 2394 est,
833 2330 856 2386 si
872 2330 968 2387 incon-
1019 2331 1093 2397 riri,
1113 2331 1214 2400 ubique
1234 2327 1410 2390 sacerdotes,
1433 2324 1534 2394 ubique
1560 2323 1682 2393 praelati,
1702 2320 1812 2375 relictis

176 2415 250 2471 tulta
261 2417 367 2472 ratione
383 2419 451 2472 nihil
464 2428 618 2489 ,prasumat
632 2419 756 2476 allectus.
771 2421 893 2478 Allectus
909 2423 968 2493 qui·
1019 2423 1154 2479 uxoribus
1168 2437 1202 2477 uc
1214 2420 1314 2485 turbis,
1324 2418 1358 2473 ad
1373 2416 1496 2473 coelestin
1514 2424 1540 2471 et
1556 2413 1682 2470 sublimia
1694 2413 1745 2469 soli
1756 2422 1813 2467 aut

176 2506 238 2562 dent
257 2507 332 2578 operi
346 2523 446 2563 nornen
462 2509 590 2580 imponit,
607 2520 636 2566 ut
651 2511 804 2567 secundum
824 2514 914 2582 ipsum
926 2513 968 2568 di·
1020 2515 1221 2588 ingrediuntur,
1236 2521 1283 2568 aut
1294 2517 1460 2573 occurrunt,
1472 2515 1520 2563 aut
1531 2505 1703 2572 ascenderim
1717 2502 1767 2560 sed
1779 2505 1812 2559 in

177 2611 257 2659 catur
269 2616 339 2672 opus
350 2603 464 2668 bonurn,
481 2615 528 2659 aut
542 2620 668 2674 prarnnt;
686 2604 812 2661 allectum
826 2607 896 2662 ratio
906 2608 968 2678 juro
1020 2616 1116 2663 sancta
1139 2615 1297 2662 sanctorum
1323 2618 1396 2659 unus
1412 2612 1517 2657 tanturn
1536 2599 1667 2670 angelus,
1683 2612 1736 2652 uec
1750 2597 1813 2652 sine

177 2692 258 2763 regit,
271 2694 344 2750 sieut
357 2696 400 2750 rir
415 2710 540 2764 uxoreut,
556 2704 586 2752 ut
599 2697 750 2752 secundum
770 2699 905 2759 rationem
924 2700 968 2755 di·
1021 2699 1120 2754 timore
1131 2697 1218 2752 utulto
1230 2696 1398 2767 conspicitur
1412 2713 1418 2749 :
1433 2695 1460 2748 in
1474 2690 1684 2747 serroreautem
1698 2689 1754 2745 dici
1764 2730 1774 2754 ,
1785 2698 1814 2742 et

178 2797 257 2842 catur
271 2787 386 2843 allectus
400 2787 508 2845 lucidus
523 2798 571 2843 aut
588 2788 760 2856 torrebimus,
773 2791 911 2859 logitimus
922 2799 970 2843 aut
1020 2789 1047 2844 iu
1071 2789 1145 2844 aeris
1169 2787 1310 2851 libertate,
1331 2794 1360 2842 et
1376 2784 1499 2855 spatioso
1520 2797 1619 2852 campo
1637 2779 1727 2834 tribus
1747 2794 1812 2833 cnm

179 2874 347 2945 illegitimus.
363 2874 415 2943 Qui
424 2878 498 2933 enirn
512 2877 648 2946 sapientes
662 2887 744 2946 sunt,
761 2888 790 2934 ut
803 2880 905 2934 uralum
928 2880 969 2933 la·
1021 2881 1120 2938 liducia
1130 2888 1158 2936 ct
1171 2880 1284 2936 alacrite
1295 2877 1458 2934 occurritur.
1472 2874 1501 2929 ln
1514 2882 1607 2929 moute
1620 2870 1734 2942 quidem
1748 2886 1812 2925 cunr

178 2968 264 3038 ciant,
283 2969 468 3027 inordinatam
494 2971 595 3027 habent
616 2972 823 3038 conscientiam,
838 2973 882 3027 ubi
898 2974 968 3029 ratio
984 3009 1005 3064 c
1022 2973 1089 3038 ileo,
1109 2982 1240 3043 tanquam
1268 2969 1359 3027 ariro
1377 2983 1440 3024 cum
1457 2967 1584 3037 proximo
1598 2978 1697 3028 suma
1719 2960 1815 3032 llopae

178 3059 264 3122 tersit
281 3070 310 3118 ct
324 3062 483 3119 dominatur
499 3064 632 3132 adeetus3
650 3065 726 3135 praeit
739 3065 882 3131 noluntas,
900 3066 970 3120 ratio
1022 3080 1113 3121 sermo
1124 3063 1290 3121 contexitur.
1304 3060 1396 3117 'lacco
1410 3060 1483 3132 quod
1505 3059 1588 3114 ctiam
1609 3054 1715 3110 relictis
1728 3052 1816 3107 disci·

178 3160 322 3231 aequitur;
336 3156 476 3233 utiturque
495 3157 601 3212 ratione
615 3168 711 3212 eontra
730 3140 864 3212 eddonem
879 3157 970 3211 caulis
1022 3158 1095 3228 pulis
1106 3157 1187 3214 lesus
1202 3157 1261 3228 ipso
1273 3155 1349 3213 solus
1361 3150 1486 3210 ascendit
1508 3150 1536 3206 in
1550 3157 1671 3206 montem
1682 3145 1760 3216 loqui
1778 3144 1814 3199 atl

179 3253 412 3323 cottcnpiscentia.
435 3252 514 3309 liaud
537 3253 575 3310 ita
590 3246 739 3311 tetradas
763 3249 831 3316 istc,
853 3255 881 3303 ct
900 3262 970 3301 utor·
1021 3251 1130 3307 Patrem
1142 3248 1252 3322 (ilani.
1269 3248 1337 3317 ιιι),
1351 3245 1380 3300 Si
1396 3255 1487 3301 autem
1499 3244 1552 3298 ista
1566 3240 1816 3308 celaenarum.

179 3346 240 3413 ejus
251 3342 493 3401 Elisabethb'raut
502 3345 657 3400 erriurambo
663 3347 744 3416 justi,
753 3351 778 3399 et
785 3345 969 3415 processerant
1000 3374 1005 3381 ι
1022 3344 1121 3414 sequi,
1147 3358 1197 3397 nec
1217 3356 1268 3397 nos
1283 3340 1435 3411 poterimus
1455 3334 1582 3393 suillcere
1603 3331 1734 3395 sermoni,
1756 3344 1813 3385 nee

179 3434 208 3487 in
218 3434 371 3489 diebnssm'r
385 3435 462 3505 (Zac.
478 3437 510 3506 r),
524 3436 572 3491 sed
587 3436 723 3502 sinclctu,
733 3438 779 3493 sed
793 3440 852 3493 sine
866 3435 967 3491 lructu.
1022 3434 1101 3502 butu,
1125 3444 1155 3490 ut
1167 3430 1256 3493 scitis,
1272 3428 1479 3486 serruocinnnti.
1496 3425 1577 3486 idco,
1592 3422 1666 3494 quod
1684 3421 1719 3477 ad
1739 3435 1814 3491 prar-

180 3524 243 3583 ldeo
265 3527 366 3597 quippe
380 3527 469 3597 magis
484 3526 544 3584 sine
559 3526 632 3593 lctu,
648 3527 713 3596 quia
736 3528 762 3581 iu
777 3528 874 3584 diebus
888 3529 968 3585 suls:
1022 3536 1128 3583 sentem
1151 3527 1353 3583 solemnitatem
1372 3520 1488 3584 attinet,
1510 3518 1544 3575 de
1564 3515 1698 3573 Zacharia
1724 3527 1813 3583 paura

181 3615 243 3672 ideo
257 3616 345 3688 magis
356 3617 474 3682 steriles,
491 3617 655 3688 quiascms.
671 3602 784 3674 Neritus
798 3618 916 3690 quippe,
927 3620 969 3675 rel

181 3725 270 3776 nora,
299 3710 341 3764 rel
364 3710 516 3773 innotata,
542 3710 700 3766 fructificat.
724 3707 836 3766 Novitas
856 3726 925 3766 nora
941 3712 969 3767 iu

182 3799 293 3872 Virgine
316 3800 457 3858 Christum
482 3803 570 3872 parit,
589 3810 717 3858 renotata
743 3802 770 3857 in
793 3802 879 3858 sterili
899 3802 971 3872 parit

178 3889 325 3947 loannem.
338 3891 408 3947 lusti
420 3902 510 3948 tamen
521 3893 681 3964 crant,qniu
692 3893 811 3948 ordinati
824 3904 849 3947 ct
861 3909 972 3964 courpo·

181 3984 227 4039 siti
237 3994 326 4051 erant;
339 3984 386 4039 scd
397 3983 506 4039 lceundi
517 3999 601 4055 perse
613 3999 674 4039 esse
688 3999 742 4039 nou
758 3992 894 4055 poterant,
906 3984 969 4054 qnia

180 4076 216 4132 de
237 4085 373 4133 vetustate
395 4077 493 4132 reteris
510 4078 575 4132 hilm
597 4076 687 4133 adhue
711 4087 814 4131 rcrcres
838 4087 927 4130 erant.
942 4075 970 4129 ln

1022 3621 1222 3690 persolvamus.
1238 3618 1360 3675 lecimus
1372 3615 1446 3673 enirn
1458 3611 1504 3670 hie
1519 3609 1644 3685 orandam
1654 3605 1736 3676 quasi
1750 3603 1814 3659 lun·

1022 3713 1152 3769 (lamenta
1173 3710 1375 3777 meditationis,
1392 3707 1607 3768 ctoccasionem
1621 3700 1750 3760 dedirnns
1768 3712 1814 3757 sa·

1022 3804 1117 3873 pienti,
1134 3813 1163 3859 ut
1176 3802 1326 3873 sapientior
1340 3802 1399 3858 liat.

1058 3896 1152 3965 itaquo
1174 3893 1323 3949 Zacharias
1341 3892 1474 3963 Angelum
1489 3889 1576 3954 ridet,
1591 3896 1619 3942 et
1633 3884 1731 3950 timet;
1751 3899 1814 3953 pro·

1024 3988 1174 4042 mittentem
1191 3984 1287 4049 audit,
1303 3993 1330 4040 ot
1342 3982 1460 4038 dilituit:
1480 3980 1544 4036 ideo
1564 3977 1675 4034 silentio
1693 3974 1812 4029 multaa-

1024 4089 1067 4135 tur
1086 4078 1226 4149 usquead
1249 4086 1357 4147 tempus
1381 4071 1575 4145 promissionis
1596 4069 1705 4125 solutas.
1731 4065 1813 4120 Ratio

181 4167 352 4240 philosophis
372 4169 437 4227 oliur
449 4179 476 4224 ct
491 4170 660 4239 sapientibus
673 4167 756 4238 liujus
770 4168 877 4233 saculi,
892 4183 971 4223 eurrr·
1003 4164 1009 4171 '
1025 4188 1142 4242 uanique
1157 4172 1296 4234 hrrumna,
1310 4185 1373 4226 eum
1393 4168 1427 4223 de
1447 4162 1628 4222 sacramentis
1642 4159 1811 4221 eoeleslibtts.

182 4262 270 4330 posita
286 4274 347 4315 csse
376 4271 481 4331 poterat
498 4270 525 4317 et
546 4262 671 4316 ordinata
692 4261 830 4316 interioris
851 4260 971 4316 ltontinis
1024 4274 1050 4320 et
1063 4262 1261 4335 sponsionibus
1275 4260 1375 4317 divinis
1385 4274 1417 4315 ca
1432 4257 1526 4324 audit,
1540 4270 1602 4325 qua
1621 4268 1674 4308 non
1686 4266 1813 4320 eompre-

182 4352 302 4417 domus;
336 4350 382 4406 nbi
409 4367 460 4407 neu
492 4350 605 4408 conluse
628 4351 730 4406 laruissia
757 4351 1256 4421 dnnnstienrumDhendit,miratur
1269 4361 1297 4407 ct
1310 4344 1630 4417 haesitat3acquomodo
1643 4342 1702 4398 lieri
1714 4340 1812 4412 possit,

183 4452 308 4501 motuum
332 4453 528 4515 perstreperet,
551 4460 600 4500 nec
624 4444 740 4515 irruptio
764 4444 972 4514 peregrinorum

184 4542 322 4604 turparet,
337 4548 388 4588 uec
402 4534 502 4589 mulier
523 4550 622 4605 procax
639 4534 727 4589 rlrnru
751 4537 912 4604 impeteret,
926 4542 974 4589 aut

184 4624 283 4683 blanda
302 4625 460 4696 deciperet;
482 4628 530 4682 sel
556 4625 673 4682 secunda
692 4627 855 4692 aeternitati,
871 4634 898 4681 ct
912 4641 973 4696 quar

184 4716 281 4773 salutis
293 4731 447 4786 praeconem
459 4718 562 4786 ederet,
580 4734 642 4775 csse
656 4718 770 4773 omnino
785 4734 838 4774 uon
854 4727 971 4789 poterat.

184 4806 314 4869 Liberum
337 4809 409 4864 enim
426 4811 570 4865 arbitrium
586 4810 646 4868 sine
660 4825 716 4881 quo
735 4826 816 4866 nemo
830 4810 971 4874 salrator,

184 4900 212 4958 tu
228 4897 353 4970 plurimis
365 4899 513 4970 plurimum
529 4901 609 4967 ralet;
626 4901 673 4956 scd
689 4901 722 4955 ad
738 4902 855 4956 salutem
870 4901 973 4971 absquo

186 4989 334 5061 belgrado
354 4989 383 5044 in
394 4990 525 5046 ouuribus
544 4990 613 5046 nibil
626 4990 713 5045 ratu.
730 4988 852 5045 Gratiam
874 4996 901 5044 et
916 4988 974 5057 glo·

185 5082 255 5138 riam
269 5082 346 5138 dabit
362 5080 512 5147 Dominus,
529 5081 593 5152 quia
607 5080 740 5136 loannem
756 5081 881 5151 sequitur
894 5078 974 5135 Cirri-

185 5185 255 5230 stus.
272 5173 358 5229 Datur
373 5187 464 5230 antem
486 5174 573 5229 libero
587 5174 717 5241 arbitrio,
730 5173 793 5242 qnia
813 5170 902 5226 solum
917 5171 974 5238 anl-

186 5273 277 5335 ralur;
289 5266 336 5322 sed
348 5266 409 5322 idco
422 5273 514 5333 datur,
528 5267 592 5338 quia
606 5265 760 5336 sinegratia
776 5280 831 5319 nou
843 5265 973 5319 salrator.

188 5356 317 5414 Liberum
334 5357 478 5414 arbitrium
502 5358 618 5428 suscipit
641 5358 773 5427 gratiam,
793 5356 880 5427 gratla
905 5370 975 5425 prar-

187 5449 275 5505 currit
297 5450 424 5504 salutem.
457 5448 585 5505 Liberum
614 5448 758 5504 arbitrium
785 5462 836 5502 nce
866 5446 976 5516 quarrdo

188 5540 258 5608 rull,
270 5557 321 5596 nec
333 5542 442 5611 qualem
456 5543 524 5609 rult,
542 5542 657 5613 suscipit
669 5541 796 5612 gratiam,
809 5555 859 5596 nec
870 5538 977 5593 Zacira-

188 5631 257 5701 tias,
269 5632 381 5706 quando
393 5634 460 5705 nult,
476 5645 521 5693 ant
535 5635 645 5709 qualem
658 5633 727 5702 rult,
742 5631 975 5705 gencratprolem.

1027 4448 1181 4517 investigat.
1197 4443 1250 4500 Sed
1266 4443 1397 4514 quotriaut
1416 4455 1466 4495 nec
1483 4437 1582 4494 oculus
1598 4435 1682 4500 vidit,
1702 4448 1753 4488 nec
1764 4447 1813 4486 aa·

1026 4541 1063 4597 ris
1074 4538 1188 4604 audivit,
1206 4553 1257 4592 nce
1271 4536 1299 4590 in
1315 4551 1363 4592 cor
1375 4531 1493 4590 bominis
1508 4528 1642 4593 ascendit,
1656 4524 1732 4597 quod
1744 4539 1814 4593 pra·

1025 4633 1132 4705 pararit
1150 4630 1222 4687 Deus
1233 4627 1410 4700 diligentibus
1425 4639 1466 4690 sc,
1481 4619 1589 4678 etiamsi
1603 4617 1696 4675 credat
1707 4659 1716 4684 ,
1726 4624 1814 4688 ,muta

1739 189 1824 246 ¹818

1026 4742 1112 4798 usque
1127 4725 1161 4781 ad
1175 4723 1309 4779 visionem
1325 4728 1431 4776 exstat:
1448 4725 1476 4772 et
1494 4725 1560 4771 tunc
1572 4728 1635 4768 curn
1657 4708 1814 4780 apparuerit
1902 4768 1906 4775 ³

1024 4818 1090 4889 quid
1101 4818 1205 4873 crimus
1232 4813 1295 4884 (filii
1305 4812 1379 4867 euim
1402 4809 1449 4864 Dei
1463 4804 1626 4884 antoanam
1640 4802 1815 4869 nondump-

1023 4914 1113 4984 parm't
1127 4910 1297 4984 gaidericum
1313 4906 1339 4981 tl
1352 4904 1432 4960 Jonn.
1447 4902 1515 4975 ru]),
1528 4896 1814 4956 ensrrltrtinuecxsul·

1025 5003 1093 5059 tabit
1108 5001 1189 5057 ruodo
1205 4996 1398 5062 inenarrabili,
1410 4996 1522 5059 dicens,
1538 4991 1696 5046 Berrcdictaa
1719 4986 1814 5040 Domi·

1025 5111 1074 5149 uns
1090 5094 1161 5148 Dens
1186 5090 1292 5147 lsrael:
1312 5089 1376 5161 puin
1399 5086 1530 5150 risitnuit,
1544 5092 1568 5135 ct
1582 5080 1646 5150 [ecit
1658 5076 1815 5145 redemptio·

1026 5201 1084 5241 nerrr
1104 5182 1187 5254 plebia
1207 5197 1262 5236 sun
1277 5178 1354 5251 (Za-c.
1369 5184 1399 5238 tl.
1419 5174 1531 5230 iuterim
1554 5179 1645 5226 autem
1669 5167 1740 5222 ratio
1762 5164 1814 5218 hdo

1026 5277 1121 5350 gignit,
1134 5274 1208 5346 guod
1223 5271 1315 5341 eloqui
1329 5269 1444 5338 trequit,
1459 5267 1585 5321 rainatas
1596 5262 1731 5317 charitate
1750 5272 1814 5312 untr-

1026 5371 1108 5443 cipit,
1131 5366 1205 5439 quod
1227 5364 1309 5421 oculo
1338 5360 1460 5418 nondum
1481 5356 1584 5419 cernit;
1607 5347 1815 5423 longanimitate

1027 5476 1090 5532 spes
1101 5459 1129 5514 in
1144 5466 1224 5514 utero
1238 5454 1338 5512 mentis
1350 5452 1463 5522 baiulat,
1476 5446 1550 5518 quod
1562 5445 1656 5500 ridere
1667 5440 1811 5500 desiderat.

1027 5551 1164 5626 primitias
1182 5547 1311 5620 Spiritus.
1334 5542 1448 5598 Fructus
1470 5540 1544 5596 enim
1563 5537 1676 5606 aptrtrca
1697 5530 1812 5586 charitas

1027 5654 1064 5702 cst
1080 5641 1154 5717 (Gal.
1169 5641 1207 5712 r).
1225 5638 1255 5695 ln
1271 5648 1348 5695 utero
1366 5633 1470 5693 habens
1495 5626 1650 5702 ingemiscit
1661 5621 1810 5687 Elisabeth,

1925 5604 1926 5635 l

1890 6014 1926 6036 .
