<?xml version="1.0" encoding="UTF-8"?>
<!DOCTYPE html PUBLIC "-//W3C//DTD XHTML 1.0 Transitional//EN"
    "http://www.w3.org/TR/xhtml1/DTD/xhtml1-transitional.dtd">
<html xmlns="http://www.w3.org/1999/xhtml" xml:lang="en" lang="en">
 <head>
  <title>
</title>
<meta http-equiv="Content-Type" content="text/html;charset=utf-8" />
  <meta name='ocr-system' content='tesseract 3.04.00' />
  <meta name='ocr-capabilities' content='ocr_page ocr_carea ocr_par ocr_line ocrx_word'/>
</head>
<body>
  <div class='ocr_page' id='page_1' title='image "./lta-11000/patrologiaecurs03berngoog/patrologiaecurs03berngoog_0981.png"; bbox 0 0 3892 6067; ppageno 0'>
   <div class='ocr_carea' id='block_1_1' title="bbox 99 229 1729 299">
    <p class='ocr_par' dir='ltr' id='par_1_1' title="bbox 99 229 1729 299">
     <span class='ocr_line' id='line_1_1' title="bbox 99 229 1729 299; baseline -0.006 0"><span class='ocrx_word' id='word_1_1' title='bbox 99 243 169 299; x_wconf 70' lang='lat' dir='ltr'><strong>test</strong></span> <span class='ocrx_word' id='word_1_2' title='bbox 420 236 616 294; x_wconf 72' lang='lat' dir='ltr'><strong>sentiemes.</strong></span> <span class='ocrx_word' id='word_1_3' title='bbox 646 269 672 278; x_wconf 84' lang='lat'>-</span> <span class='ocrx_word' id='word_1_4' title='bbox 690 232 810 291; x_wconf 76' lang='lat' dir='ltr'><strong>sumto</strong></span> <span class='ocrx_word' id='word_1_5' title='bbox 831 233 923 291; x_wconf 78' lang='lat' dir='ltr'><strong>XLlll.</strong></span> <span class='ocrx_word' id='word_1_6' title='bbox 944 231 978 287; x_wconf 78' lang='lat' dir='ltr'><strong>tu·</strong></span> <span class='ocrx_word' id='word_1_7' title='bbox 998 231 1109 289; x_wconf 74' lang='lat' dir='ltr'><strong>testo</strong></span> <span class='ocrx_word' id='word_1_8' title='bbox 1129 229 1389 288; x_wconf 74' lang='lat' dir='ltr'><strong>ututucostts.</strong></span> <span class='ocrx_word' id='word_1_9' title='bbox 1659 234 1729 290; x_wconf 70' lang='lat' dir='ltr'><strong>tstt</strong></span> 
     </span>
    </p>
   </div>
   <div class='ocr_carea' id='block_1_2' title="bbox 97 334 1775 970">
    <p class='ocr_par' dir='ltr' id='par_1_2' title="bbox 97 334 1775 970">
     <span class='ocr_line' id='line_1_2' title="bbox 99 334 1731 423; baseline -0.002 -14"><span class='ocrx_word' id='word_1_10' title='bbox 99 353 295 411; x_wconf 69' lang='lat' dir='ltr'><strong>Ormstosaera</strong></span> <span class='ocrx_word' id='word_1_11' title='bbox 311 354 394 423; x_wconf 71' lang='lat' dir='ltr'><strong>[uere.</strong></span> <span class='ocrx_word' id='word_1_12' title='bbox 412 350 481 409; x_wconf 88' lang='lat' dir='ltr'><strong>lline</strong></span> <span class='ocrx_word' id='word_1_13' title='bbox 493 362 520 408; x_wconf 90' lang='lat' dir='ltr'><strong>et</strong></span> <span class='ocrx_word' id='word_1_14' title='bbox 538 351 709 422; x_wconf 78' lang='lat' dir='ltr'><strong>Apostolus:</strong></span> <span class='ocrx_word' id='word_1_15' title='bbox 727 350 823 407; x_wconf 84' lang='lat' dir='ltr'><strong>Omnes</strong></span> <span class='ocrx_word' id='word_1_16' title='bbox 838 350 886 405; x_wconf 81' lang='lat' dir='ltr'><strong>rui</strong></span> <span class='ocrx_word' id='word_1_17' title='bbox 902 356 925 413; x_wconf 73' lang='grc' dir='ltr'><strong>Α</strong></span> <span class='ocrx_word' id='word_1_18' title='bbox 939 349 1038 420; x_wconf 92' lang='lat' dir='ltr'><strong>inquit,</strong></span> <span class='ocrx_word' id='word_1_19' title='bbox 1063 349 1091 403; x_wconf 89' lang='lat' dir='ltr'><strong>iu</strong></span> <span class='ocrx_word' id='word_1_20' title='bbox 1115 346 1227 403; x_wconf 82' lang='lat' dir='ltr'><strong>aubibus</strong></span> <span class='ocrx_word' id='word_1_21' title='bbox 1250 348 1400 418; x_wconf 83' lang='lat' dir='ltr'><strong>equabitur</strong></span> <span class='ocrx_word' id='word_1_22' title='bbox 1418 347 1552 403; x_wconf 76' lang='lat' dir='ltr'><strong>humine?</strong></span> <span class='ocrx_word' id='word_1_23' title='bbox 1566 334 1611 406; x_wconf 81' lang='lat' dir='ltr'><strong>eut</strong></span> <span class='ocrx_word' id='word_1_24' title='bbox 1632 352 1731 406; x_wconf 85' lang='lat' dir='ltr'><strong>similis</strong></span> 
     </span>
     <span class='ocr_line' id='line_1_3' title="bbox 98 439 1775 515; baseline -0.002 -15"><span class='ocrx_word' id='word_1_25' title='bbox 98 443 561 515; x_wconf 78' lang='lat' dir='ltr'><strong>llopsehaptizetisuutiuaubcet</strong></span> <span class='ocrx_word' id='word_1_26' title='bbox 583 444 707 506; x_wconf 84' lang='lat' dir='ltr'><strong>iamari;</strong></span> <span class='ocrx_word' id='word_1_27' title='bbox 725 452 750 496; x_wconf 86' lang='lat' dir='ltr'><strong>et</strong></span> <span class='ocrx_word' id='word_1_28' title='bbox 769 442 888 496; x_wconf 76' lang='lat' dir='ltr'><strong>eamdem</strong></span> <span class='ocrx_word' id='word_1_29' title='bbox 938 441 1001 505; x_wconf 86' lang='lat' dir='ltr'><strong>erit,</strong></span> <span class='ocrx_word' id='word_1_30' title='bbox 1026 440 1176 496; x_wconf 88' lang='lat' dir='ltr'><strong>secundum</strong></span> <span class='ocrx_word' id='word_1_31' title='bbox 1202 443 1397 513; x_wconf 71' lang='lat' dir='ltr'><strong>equalitatem,</strong></span> <span class='ocrx_word' id='word_1_32' title='bbox 1423 439 1477 494; x_wconf 80' lang='lat' dir='ltr'><strong>bea</strong></span> <span class='ocrx_word' id='word_1_33' title='bbox 1503 441 1531 495; x_wconf 90' lang='lat' dir='ltr'><strong>iu</strong></span> <span class='ocrx_word' id='word_1_34' title='bbox 1561 441 1627 510; x_wconf 71' lang='lat' dir='ltr'><strong>litiis</strong></span> <span class='ocrx_word' id='word_1_35' title='bbox 1661 441 1732 499; x_wconf 74' lang='lat' dir='ltr'><strong>treis</strong></span> <span class='ocrx_word' id='word_1_36' title='bbox 1770 491 1775 497; x_wconf 92' lang='lat'>.</span> 
     </span>
     <span class='ocr_line' id='line_1_4' title="bbox 97 529 1733 605; baseline -0.002 -15"><span class='ocrx_word' id='word_1_37' title='bbox 97 551 185 591; x_wconf 79' lang='lat' dir='ltr'><strong>ascum</strong></span> <span class='ocrx_word' id='word_1_38' title='bbox 203 535 370 605; x_wconf 85' lang='lat' dir='ltr'><strong>spiritualem</strong></span> <span class='ocrx_word' id='word_1_39' title='bbox 383 537 617 602; x_wconf 70' lang='lat' dir='ltr'><strong>manducaverunt,</strong></span> <span class='ocrx_word' id='word_1_40' title='bbox 628 547 653 589; x_wconf 89' lang='lat' dir='ltr'><strong>et</strong></span> <span class='ocrx_word' id='word_1_41' title='bbox 667 535 786 591; x_wconf 84' lang='lat' dir='ltr'><strong>eumdem</strong></span> <span class='ocrx_word' id='word_1_42' title='bbox 799 546 888 605; x_wconf 79' lang='lat' dir='ltr'><strong>perum</strong></span> <span class='ocrx_word' id='word_1_43' title='bbox 940 530 1028 598; x_wconf 80' lang='lat' dir='ltr'><strong>(Psoi,</strong></span> <span class='ocrx_word' id='word_1_44' title='bbox 1038 533 1173 600; x_wconf 62' lang='lat' dir='ltr'><strong>tarsun.)</strong></span> <span class='ocrx_word' id='word_1_45' title='bbox 1189 529 1258 598; x_wconf 84' lang='lat' dir='ltr'><strong>Quis</strong></span> <span class='ocrx_word' id='word_1_46' title='bbox 1271 532 1415 602; x_wconf 88' lang='lat' dir='ltr'><strong>adoptatus</strong></span> <span class='ocrx_word' id='word_1_47' title='bbox 1431 530 1583 600; x_wconf 76' lang='lat' dir='ltr'><strong>equabitur</strong></span> <span class='ocrx_word' id='word_1_48' title='bbox 1594 534 1733 587; x_wconf 88' lang='lat' dir='ltr'><strong>naturalil</strong></span> 
     </span>
     <span class='ocr_line' id='line_1_5' title="bbox 98 622 1731 696; baseline 0.002 -19"><span class='ocrx_word' id='word_1_49' title='bbox 98 624 266 693; x_wconf 83' lang='lat' dir='ltr'><strong>spiritualem</strong></span> <span class='ocrx_word' id='word_1_50' title='bbox 281 624 402 679; x_wconf 75' lang='lat' dir='ltr'><strong>biberunt</strong></span> <span class='ocrx_word' id='word_1_51' title='bbox 414 623 442 691; x_wconf 90' lang='lat' dir='ltr'><strong>(l</strong></span> <span class='ocrx_word' id='word_1_52' title='bbox 453 623 515 680; x_wconf 79' lang='lat' dir='ltr'><strong>Cor.</strong></span> <span class='ocrx_word' id='word_1_53' title='bbox 530 626 569 693; x_wconf 81' lang='lat' dir='ltr'><strong>x).</strong></span> <span class='ocrx_word' id='word_1_54' title='bbox 939 623 1003 691; x_wconf 89' lang='lat' dir='ltr'><strong>quis</strong></span> <span class='ocrx_word' id='word_1_55' title='bbox 1023 624 1171 679; x_wconf 86' lang='lat' dir='ltr'><strong>multorum</strong></span> <span class='ocrx_word' id='word_1_56' title='bbox 1196 625 1296 680; x_wconf 76' lang='lat' dir='ltr'><strong>tunica?</strong></span> <span class='ocrx_word' id='word_1_57' title='bbox 1310 625 1373 695; x_wconf 91' lang='lat' dir='ltr'><strong>quis</strong></span> <span class='ocrx_word' id='word_1_58' title='bbox 1393 624 1576 696; x_wconf 73' lang='lat' dir='ltr'><strong>posteriorum</strong></span> <span class='ocrx_word' id='word_1_59' title='bbox 1592 622 1731 696; x_wconf 77' lang='lat' dir='ltr'><strong>primoge-</strong></span> 
     </span>
     <span class='ocr_line' id='line_1_6' title="bbox 109 714 1734 787; baseline 0.002 -18"><span class='ocrx_word' id='word_1_60' title='bbox 109 718 114 726; x_wconf 81' lang='grc'><strong>“</strong></span> <span class='ocrx_word' id='word_1_61' title='bbox 135 714 199 771; x_wconf 71' lang='lat' dir='ltr'><strong>llaec</strong></span> <span class='ocrx_word' id='word_1_62' title='bbox 221 723 286 772; x_wconf 87' lang='lat' dir='ltr'><strong>sunt</strong></span> <span class='ocrx_word' id='word_1_63' title='bbox 300 731 365 787; x_wconf 74' lang='lat' dir='ltr'><strong>ergo</strong></span> <span class='ocrx_word' id='word_1_64' title='bbox 381 716 425 770; x_wconf 82' lang='lat' dir='ltr'><strong>ille.</strong></span> <span class='ocrx_word' id='word_1_65' title='bbox 451 724 570 779; x_wconf 82' lang='lat' dir='ltr'><strong>terrena,</strong></span> <span class='ocrx_word' id='word_1_66' title='bbox 584 716 632 773; x_wconf 88' lang='lat' dir='ltr'><strong>sed</strong></span> <span class='ocrx_word' id='word_1_67' title='bbox 647 725 739 772; x_wconf 87' lang='lat' dir='ltr'><strong>tamen</strong></span> <span class='ocrx_word' id='word_1_68' title='bbox 763 717 891 786; x_wconf 87' lang='lat' dir='ltr'><strong>spiritua-</strong></span> <span class='ocrx_word' id='word_1_69' title='bbox 941 714 1019 768; x_wconf 83' lang='lat' dir='ltr'><strong>nitet</strong></span> <span class='ocrx_word' id='word_1_70' title='bbox 1032 714 1094 785; x_wconf 86' lang='lat' dir='ltr'><strong>quis</strong></span> <span class='ocrx_word' id='word_1_71' title='bbox 1111 725 1268 770; x_wconf 88' lang='lat' dir='ltr'><strong>renatorum</strong></span> <span class='ocrx_word' id='word_1_72' title='bbox 1283 716 1317 771; x_wconf 87' lang='lat' dir='ltr'><strong>de</strong></span> <span class='ocrx_word' id='word_1_73' title='bbox 1328 716 1426 787; x_wconf 79' lang='lat' dir='ltr'><strong>gratia,</strong></span> <span class='ocrx_word' id='word_1_74' title='bbox 1439 725 1504 771; x_wconf 89' lang='lat' dir='ltr'><strong>nato</strong></span> <span class='ocrx_word' id='word_1_75' title='bbox 1515 717 1548 772; x_wconf 91' lang='lat' dir='ltr'><strong>de</strong></span> <span class='ocrx_word' id='word_1_76' title='bbox 1562 716 1734 773; x_wconf 74' lang='lat' dir='ltr'><strong>substantia?</strong></span> 
     </span>
     <span class='ocr_line' id='line_1_7' title="bbox 100 808 1733 879; baseline 0 -16"><span class='ocrx_word' id='word_1_77' title='bbox 100 809 147 872; x_wconf 88' lang='lat' dir='ltr'><strong>lia,</strong></span> <span class='ocrx_word' id='word_1_78' title='bbox 162 823 224 878; x_wconf 83' lang='lat' dir='ltr'><strong>quae</strong></span> <span class='ocrx_word' id='word_1_79' title='bbox 243 817 367 862; x_wconf 87' lang='lat' dir='ltr'><strong>terrenus</strong></span> <span class='ocrx_word' id='word_1_80' title='bbox 382 808 443 862; x_wconf 90' lang='lat' dir='ltr'><strong>ideo</strong></span> <span class='ocrx_word' id='word_1_81' title='bbox 459 823 514 861; x_wconf 90' lang='lat' dir='ltr'><strong>non</strong></span> <span class='ocrx_word' id='word_1_82' title='bbox 538 808 636 871; x_wconf 84' lang='lat' dir='ltr'><strong>credit,</strong></span> <span class='ocrx_word' id='word_1_83' title='bbox 651 808 716 879; x_wconf 81' lang='lat' dir='ltr'><strong>quia</strong></span> <span class='ocrx_word' id='word_1_84' title='bbox 740 809 891 863; x_wconf 76' lang='lat' dir='ltr'>carnaliter</span> <span class='ocrx_word' id='word_1_85' title='bbox 940 808 1004 879; x_wconf 91' lang='lat' dir='ltr'><strong>quis</strong></span> <span class='ocrx_word' id='word_1_86' title='bbox 1019 809 1053 863; x_wconf 82' lang='lat' dir='ltr'><strong>ale</strong></span> <span class='ocrx_word' id='word_1_87' title='bbox 1074 809 1297 879; x_wconf 79' lang='lat' dir='ltr'><strong>profundissimis</strong></span> <span class='ocrx_word' id='word_1_88' title='bbox 1316 809 1436 865; x_wconf 91' lang='lat' dir='ltr'><strong>tenebris</strong></span> <span class='ocrx_word' id='word_1_89' title='bbox 1451 818 1604 873; x_wconf 90' lang='lat' dir='ltr'><strong>erutorum,</strong></span> <span class='ocrx_word' id='word_1_90' title='bbox 1622 817 1687 863; x_wconf 91' lang='lat' dir='ltr'><strong>nato</strong></span> <span class='ocrx_word' id='word_1_91' title='bbox 1705 808 1733 863; x_wconf 90' lang='lat' dir='ltr'><strong>in</strong></span> 
     </span>
     <span class='ocr_line' id='line_1_8' title="bbox 100 898 889 970; baseline 0.001 -17"><span class='ocrx_word' id='word_1_92' title='bbox 100 900 183 970; x_wconf 89' lang='lat' dir='ltr'><strong>sapit,</strong></span> <span class='ocrx_word' id='word_1_93' title='bbox 199 898 380 969; x_wconf 73' lang='lat' dir='ltr'><strong>spiritualiter</strong></span> <span class='ocrx_word' id='word_1_94' title='bbox 401 909 493 954; x_wconf 87' lang='lat' dir='ltr'><strong>autem</strong></span> <span class='ocrx_word' id='word_1_95' title='bbox 509 899 721 966; x_wconf 61' lang='lat' dir='ltr'><strong>examinantem</strong></span> <span class='ocrx_word' id='word_1_96' title='bbox 737 909 764 954; x_wconf 88' lang='lat' dir='ltr'><strong>et</strong></span> <span class='ocrx_word' id='word_1_97' title='bbox 776 900 838 956; x_wconf 87' lang='lat' dir='ltr'><strong>ideo</strong></span> <span class='ocrx_word' id='word_1_98' title='bbox 851 901 889 954; x_wconf 88' lang='lat' dir='ltr'><strong>itii</strong></span> 
     </span>
    </p>
   </div>
   <div class='ocr_carea' id='block_1_3' title="bbox 100 989 895 2527">
    <p class='ocr_par' dir='ltr' id='par_1_3' title="bbox 100 989 895 2527">
     <span class='ocr_line' id='line_1_9' title="bbox 100 989 889 1060; baseline 0 -15"><span class='ocrx_word' id='word_1_99' title='bbox 100 990 218 1045; x_wconf 86' lang='lat' dir='ltr'><strong>stultitia</strong></span> <span class='ocrx_word' id='word_1_100' title='bbox 230 998 283 1054; x_wconf 89' lang='lat' dir='ltr'><strong>est,</strong></span> <span class='ocrx_word' id='word_1_101' title='bbox 299 996 329 1043; x_wconf 90' lang='lat' dir='ltr'><strong>ut</strong></span> <span class='ocrx_word' id='word_1_102' title='bbox 340 990 416 1045; x_wconf 86' lang='lat' dir='ltr'><strong>nasci</strong></span> <span class='ocrx_word' id='word_1_103' title='bbox 431 989 520 1060; x_wconf 88' lang='lat' dir='ltr'><strong>possit</strong></span> <span class='ocrx_word' id='word_1_104' title='bbox 540 989 635 1054; x_wconf 88' lang='lat' dir='ltr'><strong>tromu,</strong></span> <span class='ocrx_word' id='word_1_105' title='bbox 649 998 720 1045; x_wconf 63' lang='lat' dir='ltr'><strong>⁴cum</strong></span> <span class='ocrx_word' id='word_1_106' title='bbox 740 991 777 1045; x_wconf 90' lang='lat' dir='ltr'><strong>sit</strong></span> <span class='ocrx_word' id='word_1_107' title='bbox 795 1005 889 1046; x_wconf 85' lang='lat' dir='ltr'><strong>senex.</strong></span> 
     </span>
     <span class='ocr_line' id='line_1_10' title="bbox 100 1079 892 1153; baseline -0.006 -14"><span class='ocrx_word' id='word_1_108' title='bbox 100 1083 245 1153; x_wconf 71' lang='lat' dir='ltr'><strong>Eleganter</strong></span> <span class='ocrx_word' id='word_1_109' title='bbox 260 1083 291 1138; x_wconf 90' lang='lat' dir='ltr'><strong>in</strong></span> <span class='ocrx_word' id='word_1_110' title='bbox 306 1081 428 1153; x_wconf 74' lang='lat' dir='ltr'><strong>antiquis</strong></span> <span class='ocrx_word' id='word_1_111' title='bbox 446 1080 501 1136; x_wconf 88' lang='lat' dir='ltr'><strong>illis</strong></span> <span class='ocrx_word' id='word_1_112' title='bbox 516 1080 627 1147; x_wconf 88' lang='lat' dir='ltr'><strong>titteris,</strong></span> <span class='ocrx_word' id='word_1_113' title='bbox 642 1095 760 1150; x_wconf 85' lang='lat' dir='ltr'><strong>quarum</strong></span> <span class='ocrx_word' id='word_1_114' title='bbox 776 1079 823 1136; x_wconf 88' lang='lat' dir='ltr'><strong>ille</strong></span> <span class='ocrx_word' id='word_1_115' title='bbox 834 1094 892 1134; x_wconf 85' lang='lat' dir='ltr'><strong>mu·</strong></span> 
     </span>
     <span class='ocr_line' id='line_1_11' title="bbox 100 1171 892 1246; baseline -0.008 -16"><span class='ocrx_word' id='word_1_116' title='bbox 100 1176 185 1246; x_wconf 75' lang='lat' dir='ltr'><strong>gister</strong></span> <span class='ocrx_word' id='word_1_117' title='bbox 198 1175 261 1241; x_wconf 83' lang='lat' dir='ltr'><strong>tuit,</strong></span> <span class='ocrx_word' id='word_1_118' title='bbox 274 1174 322 1244; x_wconf 92' lang='lat' dir='ltr'><strong>qni</strong></span> <span class='ocrx_word' id='word_1_119' title='bbox 338 1188 408 1228; x_wconf 71' lang='lat' dir='ltr'><strong>nerea</strong></span> <span class='ocrx_word' id='word_1_120' title='bbox 426 1188 481 1227; x_wconf 85' lang='lat' dir='ltr'><strong>non</strong></span> <span class='ocrx_word' id='word_1_121' title='bbox 498 1171 625 1236; x_wconf 87' lang='lat' dir='ltr'><strong>credidit,</strong></span> <span class='ocrx_word' id='word_1_122' title='bbox 647 1171 706 1226; x_wconf 85' lang='lat' dir='ltr'><strong>haee</strong></span> <span class='ocrx_word' id='word_1_123' title='bbox 720 1172 780 1241; x_wconf 89' lang='lat' dir='ltr'><strong>ipsa</strong></span> <span class='ocrx_word' id='word_1_124' title='bbox 791 1171 892 1226; x_wconf 82' lang='lat' dir='ltr'><strong>natiui-</strong></span> 
     </span>
     <span class='ocr_line' id='line_1_12' title="bbox 101 1262 892 1334; baseline -0.005 -14"><span class='ocrx_word' id='word_1_125' title='bbox 101 1274 145 1321; x_wconf 86' lang='lat' dir='ltr'><strong>tas</strong></span> <span class='ocrx_word' id='word_1_126' title='bbox 156 1266 374 1321; x_wconf 82' lang='lat' dir='ltr'><strong>commendatur.</strong></span> <span class='ocrx_word' id='word_1_127' title='bbox 388 1262 457 1319; x_wconf 82' lang='lat' dir='ltr'><strong>iiam</strong></span> <span class='ocrx_word' id='word_1_128' title='bbox 470 1265 544 1320; x_wconf 88' lang='lat' dir='ltr'><strong>sieut</strong></span> <span class='ocrx_word' id='word_1_129' title='bbox 558 1272 717 1319; x_wconf 77' lang='lat' dir='ltr'><strong>assererent</strong></span> <span class='ocrx_word' id='word_1_130' title='bbox 731 1264 780 1334; x_wconf 88' lang='lat' dir='ltr'><strong>qui</strong></span> <span class='ocrx_word' id='word_1_131' title='bbox 794 1263 892 1317; x_wconf 86' lang='lat' dir='ltr'><strong>talium</strong></span> 
     </span>
     <span class='ocr_line' id='line_1_13' title="bbox 102 1354 893 1423; baseline -0.001 -13"><span class='ocrx_word' id='word_1_132' title='bbox 102 1356 203 1411; x_wconf 90' lang='lat' dir='ltr'><strong>curiosi</strong></span> <span class='ocrx_word' id='word_1_133' title='bbox 214 1364 290 1423; x_wconf 88' lang='lat' dir='ltr'><strong>sunt,</strong></span> <span class='ocrx_word' id='word_1_134' title='bbox 300 1365 355 1412; x_wconf 90' lang='lat' dir='ltr'><strong>tres</strong></span> <span class='ocrx_word' id='word_1_135' title='bbox 362 1365 427 1411; x_wconf 88' lang='lat' dir='ltr'><strong>sunt</strong></span> <span class='ocrx_word' id='word_1_136' title='bbox 436 1354 597 1411; x_wconf 86' lang='lat' dir='ltr'><strong>naturaliter</strong></span> <span class='ocrx_word' id='word_1_137' title='bbox 604 1355 671 1411; x_wconf 90' lang='lat' dir='ltr'><strong>etad</strong></span> <span class='ocrx_word' id='word_1_138' title='bbox 679 1355 765 1410; x_wconf 78' lang='lat' dir='ltr'><strong>uitam</strong></span> <span class='ocrx_word' id='word_1_139' title='bbox 777 1369 893 1411; x_wconf 85' lang='lat' dir='ltr'><strong>nascen-</strong></span> 
     </span>
     <span class='ocr_line' id='line_1_14' title="bbox 104 1447 892 1519; baseline -0.003 -16"><span class='ocrx_word' id='word_1_140' title='bbox 104 1447 333 1504; x_wconf 81' lang='lat' dir='ltr'><strong>tiumdilierentes</strong></span> <span class='ocrx_word' id='word_1_141' title='bbox 341 1447 458 1514; x_wconf 89' lang='lat' dir='ltr'><strong>modi,id</strong></span> <span class='ocrx_word' id='word_1_142' title='bbox 466 1455 509 1503; x_wconf 85' lang='lat' dir='ltr'><strong>est</strong></span> <span class='ocrx_word' id='word_1_143' title='bbox 518 1457 566 1504; x_wconf 94' lang='lat' dir='ltr'><strong>aut</strong></span> <span class='ocrx_word' id='word_1_144' title='bbox 574 1448 753 1519; x_wconf 79' lang='lat' dir='ltr'><strong>praeeuntium</strong></span> <span class='ocrx_word' id='word_1_145' title='bbox 764 1447 892 1518; x_wconf 91' lang='lat' dir='ltr'><strong>pedihus,</strong></span> 
     </span>
     <span class='ocr_line' id='line_1_15' title="bbox 101 1538 894 1610; baseline 0 -17"><span class='ocrx_word' id='word_1_146' title='bbox 101 1538 205 1609; x_wconf 72' lang='lat' dir='ltr'><strong>junctis</strong></span> <span class='ocrx_word' id='word_1_147' title='bbox 221 1538 255 1595; x_wconf 88' lang='lat' dir='ltr'><strong>ad</strong></span> <span class='ocrx_word' id='word_1_148' title='bbox 271 1540 356 1595; x_wconf 85' lang='lat' dir='ltr'><strong>latera</strong></span> <span class='ocrx_word' id='word_1_149' title='bbox 374 1540 511 1607; x_wconf 83' lang='lat' dir='ltr'><strong>brachiis;</strong></span> <span class='ocrx_word' id='word_1_150' title='bbox 527 1549 576 1594; x_wconf 92' lang='lat' dir='ltr'><strong>aut</strong></span> <span class='ocrx_word' id='word_1_151' title='bbox 586 1538 894 1610; x_wconf 72' lang='lat' dir='ltr'><strong>praeeuntecapitebra-</strong></span> 
     </span>
     <span class='ocr_line' id='line_1_16' title="bbox 103 1631 895 1703; baseline -0.001 -18"><span class='ocrx_word' id='word_1_152' title='bbox 103 1631 174 1687; x_wconf 91' lang='lat' dir='ltr'><strong>cbiis</strong></span> <span class='ocrx_word' id='word_1_153' title='bbox 204 1631 331 1687; x_wconf 87' lang='lat' dir='ltr'><strong>similiter</strong></span> <span class='ocrx_word' id='word_1_154' title='bbox 345 1631 498 1703; x_wconf 84' lang='lat' dir='ltr'><strong>dispositis,</strong></span> <span class='ocrx_word' id='word_1_155' title='bbox 514 1642 561 1688; x_wconf 88' lang='lat' dir='ltr'><strong>aut</strong></span> <span class='ocrx_word' id='word_1_156' title='bbox 572 1639 647 1687; x_wconf 85' lang='lat' dir='ltr'><strong>certe</strong></span> <span class='ocrx_word' id='word_1_157' title='bbox 670 1631 790 1687; x_wconf 86' lang='lat' dir='ltr'><strong>brachiis</strong></span> <span class='ocrx_word' id='word_1_158' title='bbox 812 1645 895 1701; x_wconf 88' lang='lat' dir='ltr'><strong>super</strong></span> 
     </span>
     <span class='ocr_line' id='line_1_17' title="bbox 104 1721 891 1794; baseline 0.004 -21"><span class='ocrx_word' id='word_1_159' title='bbox 104 1723 261 1793; x_wconf 85' lang='lat' dir='ltr'><strong>praecedens</strong></span> <span class='ocrx_word' id='word_1_160' title='bbox 271 1724 451 1794; x_wconf 87' lang='lat' dir='ltr'><strong>ipsumcapnt</strong></span> <span class='ocrx_word' id='word_1_161' title='bbox 466 1723 633 1779; x_wconf 84' lang='lat' dir='ltr'><strong>cancellatis.</strong></span> <span class='ocrx_word' id='word_1_162' title='bbox 643 1721 835 1780; x_wconf 85' lang='lat' dir='ltr'><strong>Sanctuscern</strong></span> <span class='ocrx_word' id='word_1_163' title='bbox 846 1722 891 1777; x_wconf 90' lang='lat' dir='ltr'><strong>la·</strong></span> 
     </span>
     <span class='ocr_line' id='line_1_18' title="bbox 104 1812 895 1885; baseline 0.003 -20"><span class='ocrx_word' id='word_1_164' title='bbox 104 1813 204 1879; x_wconf 89' lang='lat' dir='ltr'><strong>coh,ut</strong></span> <span class='ocrx_word' id='word_1_165' title='bbox 214 1812 411 1885; x_wconf 73' lang='lat' dir='ltr'><strong>eiussiuguhri</strong></span> <span class='ocrx_word' id='word_1_166' title='bbox 422 1813 562 1869; x_wconf 75' lang='lat' dir='ltr'><strong>nativitate</strong></span> <span class='ocrx_word' id='word_1_167' title='bbox 570 1827 653 1883; x_wconf 90' lang='lat' dir='ltr'><strong>supra</strong></span> <span class='ocrx_word' id='word_1_168' title='bbox 663 1821 789 1868; x_wconf 81' lang='lat' dir='ltr'><strong>naturam</strong></span> <span class='ocrx_word' id='word_1_169' title='bbox 797 1820 895 1867; x_wconf 83' lang='lat' dir='ltr'><strong>auctor</strong></span> 
     </span>
     <span class='ocr_line' id='line_1_19' title="bbox 106 1902 893 1974; baseline 0.003 -18"><span class='ocrx_word' id='word_1_170' title='bbox 106 1902 321 1974; x_wconf 84' lang='lat' dir='ltr'><strong>naturaealiquid</strong></span> <span class='ocrx_word' id='word_1_171' title='bbox 332 1903 510 1974; x_wconf 71' lang='lat' dir='ltr'><strong>signiticaret,</strong></span> <span class='ocrx_word' id='word_1_172' title='bbox 525 1910 705 1974; x_wconf 80' lang='lat' dir='ltr'><strong>extensoprae</strong></span> <span class='ocrx_word' id='word_1_173' title='bbox 719 1902 809 1974; x_wconf 87' lang='lat' dir='ltr'><strong>capite</strong></span> <span class='ocrx_word' id='word_1_174' title='bbox 827 1904 893 1958; x_wconf 80' lang='lat' dir='ltr'><strong>bra·</strong></span> 
     </span>
     <span class='ocr_line' id='line_1_20' title="bbox 105 1992 891 2065; baseline 0.004 -19"><span class='ocrx_word' id='word_1_175' title='bbox 105 1992 169 2046; x_wconf 92' lang='lat' dir='ltr'><strong>chio</strong></span> <span class='ocrx_word' id='word_1_176' title='bbox 180 1993 281 2064; x_wconf 86' lang='lat' dir='ltr'><strong>prioris</strong></span> <span class='ocrx_word' id='word_1_177' title='bbox 305 1993 427 2065; x_wconf 85' lang='lat' dir='ltr'><strong>plantam</strong></span> <span class='ocrx_word' id='word_1_178' title='bbox 444 2010 525 2050; x_wconf 83' lang='lat' dir='ltr'><strong>uranu</strong></span> <span class='ocrx_word' id='word_1_179' title='bbox 545 1996 730 2065; x_wconf 91' lang='lat' dir='ltr'><strong>complectens</strong></span> <span class='ocrx_word' id='word_1_180' title='bbox 742 1995 891 2065; x_wconf 75' lang='lat' dir='ltr'><strong>egreditur.</strong></span> 
     </span>
     <span class='ocr_line' id='line_1_21' title="bbox 105 2081 892 2155; baseline 0.004 -18"><span class='ocrx_word' id='word_1_181' title='bbox 105 2081 177 2148; x_wconf 79' lang='lat' dir='ltr'><strong>Quid</strong></span> <span class='ocrx_word' id='word_1_182' title='bbox 188 2084 271 2155; x_wconf 71' lang='lat' dir='ltr'><strong>igitur</strong></span> <span class='ocrx_word' id='word_1_183' title='bbox 284 2084 336 2141; x_wconf 88' lang='lat' dir='ltr'><strong>hue</strong></span> <span class='ocrx_word' id='word_1_184' title='bbox 347 2085 375 2140; x_wconf 94' lang='lat' dir='ltr'><strong>iu</strong></span> <span class='ocrx_word' id='word_1_185' title='bbox 387 2084 448 2140; x_wconf 88' lang='lat' dir='ltr'><strong>luco</strong></span> <span class='ocrx_word' id='word_1_186' title='bbox 458 2085 554 2151; x_wconf 83' lang='lat' dir='ltr'><strong>Jacob,</strong></span> <span class='ocrx_word' id='word_1_187' title='bbox 566 2086 618 2140; x_wconf 89' lang='lat' dir='ltr'><strong>nisi</strong></span> <span class='ocrx_word' id='word_1_188' title='bbox 630 2085 770 2142; x_wconf 86' lang='lat' dir='ltr'><strong>Christum</strong></span> <span class='ocrx_word' id='word_1_189' title='bbox 784 2085 892 2155; x_wconf 77' lang='lat' dir='ltr'><strong>signiti-</strong></span> 
     </span>
     <span class='ocr_line' id='line_1_22' title="bbox 106 2177 892 2250; baseline 0.008 -23"><span class='ocrx_word' id='word_1_190' title='bbox 106 2184 162 2241; x_wconf 85' lang='lat' dir='ltr'><strong>rat,</strong></span> <span class='ocrx_word' id='word_1_191' title='bbox 173 2193 344 2249; x_wconf 89' lang='lat' dir='ltr'><strong>nequaquam</strong></span> <span class='ocrx_word' id='word_1_192' title='bbox 351 2180 500 2235; x_wconf 86' lang='lat' dir='ltr'><strong>secundum</strong></span> <span class='ocrx_word' id='word_1_193' title='bbox 507 2177 892 2250; x_wconf 72' lang='lat' dir='ltr'><strong>propriamsingulaciterper·</strong></span> 
     </span>
     <span class='ocr_line' id='line_1_23' title="bbox 105 2269 893 2341; baseline 0.001 -19"><span class='ocrx_word' id='word_1_194' title='bbox 105 2282 213 2335; x_wconf 82' lang='lat' dir='ltr'><strong>serram,</strong></span> <span class='ocrx_word' id='word_1_195' title='bbox 225 2270 273 2325; x_wconf 88' lang='lat' dir='ltr'><strong>sed</strong></span> <span class='ocrx_word' id='word_1_196' title='bbox 284 2272 434 2326; x_wconf 87' lang='lat' dir='ltr'><strong>secundum</strong></span> <span class='ocrx_word' id='word_1_197' title='bbox 444 2272 506 2338; x_wconf 90' lang='lat' dir='ltr'><strong>hoe,</strong></span> <span class='ocrx_word' id='word_1_198' title='bbox 517 2271 591 2341; x_wconf 90' lang='lat' dir='ltr'><strong>quod</strong></span> <span class='ocrx_word' id='word_1_199' title='bbox 607 2285 680 2325; x_wconf 89' lang='lat' dir='ltr'><strong>uuus</strong></span> <span class='ocrx_word' id='word_1_200' title='bbox 691 2277 720 2323; x_wconf 86' lang='lat' dir='ltr'><strong>ct</strong></span> <span class='ocrx_word' id='word_1_201' title='bbox 730 2278 804 2324; x_wconf 88' lang='lat' dir='ltr'><strong>totus</strong></span> <span class='ocrx_word' id='word_1_202' title='bbox 816 2269 893 2323; x_wconf 84' lang='lat' dir='ltr'><strong>Chri-</strong></span> 
     </span>
     <span class='ocr_line' id='line_1_24' title="bbox 106 2360 894 2433; baseline -0.004 -18"><span class='ocrx_word' id='word_1_203' title='bbox 106 2370 166 2416; x_wconf 89' lang='lat' dir='ltr'><strong>stus</strong></span> <span class='ocrx_word' id='word_1_204' title='bbox 177 2370 220 2417; x_wconf 87' lang='lat' dir='ltr'><strong>est</strong></span> <span class='ocrx_word' id='word_1_205' title='bbox 230 2369 350 2432; x_wconf 89' lang='lat' dir='ltr'><strong>caputet</strong></span> <span class='ocrx_word' id='word_1_206' title='bbox 363 2363 480 2433; x_wconf 79' lang='lat' dir='ltr'><strong>corpus?</strong></span> <span class='ocrx_word' id='word_1_207' title='bbox 490 2360 559 2429; x_wconf 85' lang='lat' dir='ltr'><strong>Quid</strong></span> <span class='ocrx_word' id='word_1_208' title='bbox 575 2360 718 2416; x_wconf 89' lang='lat' dir='ltr'><strong>brachium</strong></span> <span class='ocrx_word' id='word_1_209' title='bbox 734 2368 797 2415; x_wconf 88' lang='lat' dir='ltr'><strong>ante</strong></span> <span class='ocrx_word' id='word_1_210' title='bbox 810 2367 894 2430; x_wconf 89' lang='lat' dir='ltr'><strong>eaput</strong></span> 
     </span>
     <span class='ocr_line' id='line_1_25' title="bbox 105 2454 895 2527; baseline 0.001 -20"><span class='ocrx_word' id='word_1_211' title='bbox 105 2463 244 2523; x_wconf 84' lang='lat' dir='ltr'><strong>exortum,</strong></span> <span class='ocrx_word' id='word_1_212' title='bbox 272 2455 326 2511; x_wconf 88' lang='lat' dir='ltr'><strong>nisi</strong></span> <span class='ocrx_word' id='word_1_213' title='bbox 350 2456 471 2527; x_wconf 85' lang='lat' dir='ltr'><strong>priorem</strong></span> <span class='ocrx_word' id='word_1_214' title='bbox 490 2456 639 2511; x_wconf 87' lang='lat' dir='ltr'><strong>electorum</strong></span> <span class='ocrx_word' id='word_1_215' title='bbox 664 2454 808 2524; x_wconf 90' lang='lat' dir='ltr'><strong>populum,</strong></span> <span class='ocrx_word' id='word_1_216' title='bbox 830 2461 895 2508; x_wconf 82' lang='lat' dir='ltr'><strong>ante</strong></span> 
     </span>
    </p>
   </div>
   <div class='ocr_carea' id='block_1_4' title="bbox 106 2547 895 3002">
    <p class='ocr_par' dir='ltr' id='par_1_4' title="bbox 106 2547 895 3002">
     <span class='ocr_line' id='line_1_26' title="bbox 107 2547 893 2623; baseline -0.009 -14"><span class='ocrx_word' id='word_1_217' title='bbox 107 2551 260 2609; x_wconf 81' lang='lat' dir='ltr'><strong>Salvatoris</strong></span> <span class='ocrx_word' id='word_1_218' title='bbox 291 2552 469 2623; x_wconf 78' lang='lat' dir='ltr'><strong>temporalem</strong></span> <span class='ocrx_word' id='word_1_219' title='bbox 499 2549 669 2606; x_wconf 78' lang='lat' dir='ltr'><strong>nativitatem</strong></span> <span class='ocrx_word' id='word_1_220' title='bbox 693 2548 781 2620; x_wconf 88' lang='lat' dir='ltr'><strong>ipsius</strong></span> <span class='ocrx_word' id='word_1_221' title='bbox 806 2547 893 2618; x_wconf 76' lang='lat' dir='ltr'><strong>gratia</strong></span> 
     </span>
     <span class='ocr_line' id='line_1_27' title="bbox 106 2642 892 2720; baseline -0.011 -17"><span class='ocrx_word' id='word_1_222' title='bbox 106 2657 292 2720; x_wconf 79' lang='lat' dir='ltr'><strong>praesentum:</strong></span> <span class='ocrx_word' id='word_1_223' title='bbox 316 2647 439 2715; x_wconf 88' lang='lat' dir='ltr'><strong>quinque</strong></span> <span class='ocrx_word' id='word_1_224' title='bbox 472 2642 565 2697; x_wconf 92' lang='lat' dir='ltr'><strong>muudi</strong></span> <span class='ocrx_word' id='word_1_225' title='bbox 590 2642 731 2708; x_wconf 77' lang='lat' dir='ltr'><strong>aetatibus,</strong></span> <span class='ocrx_word' id='word_1_226' title='bbox 759 2650 892 2711; x_wconf 88' lang='lat' dir='ltr'><strong>tanquam</strong></span> 
     </span>
     <span class='ocr_line' id='line_1_28' title="bbox 107 2733 895 2808; baseline -0.013 -11"><span class='ocrx_word' id='word_1_227' title='bbox 107 2755 207 2798; x_wconf 84' lang='lat' dir='ltr'><strong>marrus</strong></span> <span class='ocrx_word' id='word_1_228' title='bbox 230 2739 323 2808; x_wconf 78' lang='lat' dir='ltr'><strong>digitis</strong></span> <span class='ocrx_word' id='word_1_229' title='bbox 344 2735 421 2807; x_wconf 90' lang='lat' dir='ltr'><strong>prius</strong></span> <span class='ocrx_word' id='word_1_230' title='bbox 438 2733 567 2790; x_wconf 61' lang='lat' dir='ltr'><strong>mettium</strong></span> <span class='ocrx_word' id='word_1_231' title='bbox 588 2733 831 2803; x_wconf 64' lang='lat' dir='ltr'><strong>complectentem</strong></span> <span class='ocrx_word' id='word_1_232' title='bbox 847 2740 895 2787; x_wconf 86' lang='lat' dir='ltr'><strong>aut</strong></span> 
     </span>
     <span class='ocr_line' id='line_1_29' title="bbox 108 2810 895 2905; baseline -0.015 -15"><span class='ocrx_word' id='word_1_233' title='bbox 108 2834 190 2890; x_wconf 88' lang='lat' dir='ltr'><strong>etiam</strong></span> <span class='ocrx_word' id='word_1_234' title='bbox 206 2831 329 2905; x_wconf 84' lang='lat' dir='ltr'><strong>quinque</strong></span> <span class='ocrx_word' id='word_1_235' title='bbox 341 2829 419 2884; x_wconf 90' lang='lat' dir='ltr'><strong>libris</strong></span> <span class='ocrx_word' id='word_1_236' title='bbox 439 2828 506 2901; x_wconf 73' lang='lat' dir='ltr'><strong>legis</strong></span> <span class='ocrx_word' id='word_1_237' title='bbox 524 2827 661 2883; x_wconf 88' lang='lat' dir='ltr'><strong>carnalem</strong></span> <span class='ocrx_word' id='word_1_238' title='bbox 677 2810 815 2895; x_wconf 52' lang='lat' dir='ltr'><strong>‘propulere</strong></span> <span class='ocrx_word' id='word_1_239' title='bbox 828 2839 895 2879; x_wconf 88' lang='lat' dir='ltr'><strong>con·</strong></span> 
     </span>
     <span class='ocr_line' id='line_1_30' title="bbox 109 2918 893 3002; baseline -0.018 -15"><span class='ocrx_word' id='word_1_240' title='bbox 109 2932 306 3002; x_wconf 66' lang='lat' dir='ltr'><strong>stringentem</strong></span> <span class='ocrx_word' id='word_1_241' title='bbox 322 2925 457 2995; x_wconf 89' lang='lat' dir='ltr'><strong>reliquum</strong></span> <span class='ocrx_word' id='word_1_242' title='bbox 477 2934 569 2979; x_wconf 89' lang='lat' dir='ltr'><strong>autem</strong></span> <span class='ocrx_word' id='word_1_243' title='bbox 584 2935 686 2991; x_wconf 85' lang='lat' dir='ltr'><strong>corpus</strong></span> <span class='ocrx_word' id='word_1_244' title='bbox 697 2918 893 2989; x_wconf 84' lang='lat' dir='ltr'><strong>pleutitudiuem</strong></span> 
     </span>
    </p>
   </div>
   <div class='ocr_carea' id='block_1_5' title="bbox 941 898 1807 2607">
    <p class='ocr_par' dir='ltr' id='par_1_5' title="bbox 941 898 1807 2607">
     <span class='ocr_line' id='line_1_31' title="bbox 941 898 1807 981; baseline 0.002 -28"><span class='ocrx_word' id='word_1_245' title='bbox 941 898 1003 955; x_wconf 90' lang='lat' dir='ltr'><strong>luce</strong></span> <span class='ocrx_word' id='word_1_246' title='bbox 1015 901 1215 956; x_wconf 82' lang='lat' dir='ltr'><strong>inaccessibili?</strong></span> <span class='ocrx_word' id='word_1_247' title='bbox 1229 899 1289 955; x_wconf 87' lang='lat' dir='ltr'><strong>Nun</strong></span> <span class='ocrx_word' id='word_1_248' title='bbox 1307 901 1380 956; x_wconf 90' lang='lat' dir='ltr'><strong>enim</strong></span> <span class='ocrx_word' id='word_1_249' title='bbox 1397 899 1468 956; x_wconf 89' lang='lat' dir='ltr'><strong>sicut</strong></span> <span class='ocrx_word' id='word_1_250' title='bbox 1489 899 1535 954; x_wconf 83' lang='lat' dir='ltr'><strong>:dii</strong></span> <span class='ocrx_word' id='word_1_251' title='bbox 1561 900 1595 955; x_wconf 93' lang='lat' dir='ltr'><strong>de</strong></span> <span class='ocrx_word' id='word_1_252' title='bbox 1613 899 1733 955; x_wconf 85' lang='lat' dir='ltr'><strong>tenebris</strong></span> <span class='ocrx_word' id='word_1_253' title='bbox 1800 970 1807 981; x_wconf 41' lang='grc' dir='ltr'><strong><em>Ι</em></strong></span> 
     </span>
     <span class='ocr_line' id='line_1_32' title="bbox 942 990 1735 1056; baseline 0 -10"><span class='ocrx_word' id='word_1_254' title='bbox 942 990 1081 1047; x_wconf 85' lang='lat' dir='ltr'><strong>nascendo</strong></span> <span class='ocrx_word' id='word_1_255' title='bbox 1105 1001 1219 1047; x_wconf 88' lang='lat' dir='ltr'><strong>recatus</strong></span> <span class='ocrx_word' id='word_1_256' title='bbox 1243 1000 1285 1048; x_wconf 92' lang='lat' dir='ltr'><strong>est</strong></span> <span class='ocrx_word' id='word_1_257' title='bbox 1313 992 1345 1047; x_wconf 88' lang='lat' dir='ltr'><strong>ad</strong></span> <span class='ocrx_word' id='word_1_258' title='bbox 1368 993 1472 1056; x_wconf 85' lang='lat' dir='ltr'><strong>lucem;</strong></span> <span class='ocrx_word' id='word_1_259' title='bbox 1490 991 1536 1047; x_wconf 86' lang='lat' dir='ltr'><strong>sed</strong></span> <span class='ocrx_word' id='word_1_260' title='bbox 1555 991 1589 1045; x_wconf 89' lang='lat' dir='ltr'><strong>de</strong></span> <span class='ocrx_word' id='word_1_261' title='bbox 1611 991 1735 1047; x_wconf 78' lang='lat' dir='ltr'><strong>luceius</strong></span> 
     </span>
     <span class='ocr_line' id='line_1_33' title="bbox 942 1081 1735 1152; baseline 0.004 -16"><span class='ocrx_word' id='word_1_262' title='bbox 942 1090 1025 1136; x_wconf 90' lang='lat' dir='ltr'><strong>natus</strong></span> <span class='ocrx_word' id='word_1_263' title='bbox 1054 1090 1151 1152; x_wconf 88' lang='lat' dir='ltr'><strong>sponte</strong></span> <span class='ocrx_word' id='word_1_264' title='bbox 1179 1082 1317 1137; x_wconf 89' lang='lat' dir='ltr'><strong>nascende</strong></span> <span class='ocrx_word' id='word_1_265' title='bbox 1340 1082 1413 1136; x_wconf 78' lang='lat' dir='ltr'><strong>uenit</strong></span> <span class='ocrx_word' id='word_1_266' title='bbox 1431 1081 1464 1136; x_wconf 89' lang='lat' dir='ltr'><strong>ad</strong></span> <span class='ocrx_word' id='word_1_267' title='bbox 1492 1081 1629 1138; x_wconf 77' lang='lat' dir='ltr'><strong>tenebras.</strong></span> <span class='ocrx_word' id='word_1_268' title='bbox 1657 1081 1735 1139; x_wconf 87' lang='lat' dir='ltr'><strong>Sicut</strong></span> 
     </span>
     <span class='ocr_line' id='line_1_34' title="bbox 943 1156 1734 1242; baseline 0.003 -14"><span class='ocrx_word' id='word_1_269' title='bbox 943 1172 1142 1242; x_wconf 89' lang='lat' dir='ltr'><strong>scriptumest,</strong></span> <span class='ocrx_word' id='word_1_270' title='bbox 1167 1174 1214 1226; x_wconf 86' lang='lat' dir='ltr'><strong>lux</strong></span> <span class='ocrx_word' id='word_1_271' title='bbox 1240 1173 1311 1228; x_wconf 83' lang='lat' dir='ltr'><strong>lusit</strong></span> <span class='ocrx_word' id='word_1_272' title='bbox 1328 1173 1354 1227; x_wconf 90' lang='lat' dir='ltr'><strong>io</strong></span> <span class='ocrx_word' id='word_1_273' title='bbox 1376 1173 1515 1239; x_wconf 88' lang='lat' dir='ltr'><strong>tenebris,</strong></span> <span class='ocrx_word' id='word_1_274' title='bbox 1540 1156 1734 1230; x_wconf 76' lang='lat' dir='ltr'><strong>tenebrescere</strong></span> 
     </span>
     <span class='ocr_line' id='line_1_35' title="bbox 942 1266 1735 1339; baseline 0.003 -18"><span class='ocrx_word' id='word_1_275' title='bbox 942 1284 1002 1322; x_wconf 84' lang='lat' dir='ltr'><strong>eam</strong></span> <span class='ocrx_word' id='word_1_276' title='bbox 1021 1282 1072 1321; x_wconf 86' lang='lat' dir='ltr'><strong>nou</strong></span> <span class='ocrx_word' id='word_1_277' title='bbox 1086 1266 1336 1335; x_wconf 82' lang='lat' dir='ltr'><strong>comprehenderunt</strong></span> <span class='ocrx_word' id='word_1_278' title='bbox 1348 1270 1439 1337; x_wconf 76' lang='lat' dir='ltr'><strong>(laura.</strong></span> <span class='ocrx_word' id='word_1_279' title='bbox 1458 1268 1491 1337; x_wconf 87' lang='lat' dir='ltr'><strong>r).</strong></span> <span class='ocrx_word' id='word_1_280' title='bbox 1510 1266 1579 1323; x_wconf 78' lang='lat' dir='ltr'><strong>liam</strong></span> <span class='ocrx_word' id='word_1_281' title='bbox 1596 1269 1641 1339; x_wconf 89' lang='lat' dir='ltr'><strong>qui</strong></span> <span class='ocrx_word' id='word_1_282' title='bbox 1655 1284 1735 1323; x_wconf 90' lang='lat' dir='ltr'><strong>eom·</strong></span> 
     </span>
     <span class='ocr_line' id='line_1_36' title="bbox 944 1357 1735 1429; baseline 0.001 -16"><span class='ocrx_word' id='word_1_283' title='bbox 944 1359 1158 1429; x_wconf 86' lang='lat' dir='ltr'><strong>prehenderunt,</strong></span> <span class='ocrx_word' id='word_1_284' title='bbox 1179 1357 1324 1413; x_wconf 91' lang='lat' dir='ltr'><strong>illuminati</strong></span> <span class='ocrx_word' id='word_1_285' title='bbox 1343 1368 1407 1413; x_wconf 91' lang='lat' dir='ltr'><strong>sunt</strong></span> <span class='ocrx_word' id='word_1_286' title='bbox 1424 1366 1450 1413; x_wconf 91' lang='lat' dir='ltr'><strong>et</strong></span> <span class='ocrx_word' id='word_1_287' title='bbox 1467 1357 1585 1413; x_wconf 78' lang='lat' dir='ltr'><strong>tenebre</strong></span> <span class='ocrx_word' id='word_1_288' title='bbox 1614 1375 1667 1412; x_wconf 91' lang='lat' dir='ltr'><strong>uon</strong></span> <span class='ocrx_word' id='word_1_289' title='bbox 1688 1374 1735 1414; x_wconf 90' lang='lat' dir='ltr'><strong>re·</strong></span> 
     </span>
     <span class='ocr_line' id='line_1_37' title="bbox 944 1447 1735 1519; baseline 0.004 -17"><span class='ocrx_word' id='word_1_290' title='bbox 944 1456 1118 1503; x_wconf 85' lang='lat' dir='ltr'><strong>manserunt.</strong></span> <span class='ocrx_word' id='word_1_291' title='bbox 1132 1447 1255 1503; x_wconf 80' lang='lat' dir='ltr'><strong>Fuerunt</strong></span> <span class='ocrx_word' id='word_1_292' title='bbox 1267 1449 1341 1503; x_wconf 90' lang='lat' dir='ltr'><strong>euim</strong></span> <span class='ocrx_word' id='word_1_293' title='bbox 1357 1449 1504 1519; x_wconf 89' lang='lat' dir='ltr'><strong>aliquando</strong></span> <span class='ocrx_word' id='word_1_294' title='bbox 1519 1449 1647 1515; x_wconf 74' lang='lat' dir='ltr'><strong>tenebrae,</strong></span> <span class='ocrx_word' id='word_1_295' title='bbox 1661 1466 1735 1505; x_wconf 86' lang='lat' dir='ltr'><strong>nrrne</strong></span> 
     </span>
     <span class='ocr_line' id='line_1_38' title="bbox 945 1538 1736 1612; baseline 0 -18"><span class='ocrx_word' id='word_1_296' title='bbox 945 1541 1101 1596; x_wconf 80' lang='lat' dir='ltr'><strong>antemius</strong></span> <span class='ocrx_word' id='word_1_297' title='bbox 1124 1541 1151 1595; x_wconf 90' lang='lat' dir='ltr'><strong>in</strong></span> <span class='ocrx_word' id='word_1_298' title='bbox 1168 1538 1300 1607; x_wconf 65' lang='lat' dir='ltr'><strong>Dumium</strong></span> <span class='ocrx_word' id='word_1_299' title='bbox 1320 1541 1433 1596; x_wconf 74' lang='lat' dir='ltr'><strong>tenebrae</strong></span> <span class='ocrx_word' id='word_1_300' title='bbox 1450 1549 1541 1595; x_wconf 89' lang='lat' dir='ltr'><strong>autem</strong></span> <span class='ocrx_word' id='word_1_301' title='bbox 1561 1552 1637 1596; x_wconf 86' lang='lat' dir='ltr'><strong>erant</strong></span> <span class='ocrx_word' id='word_1_302' title='bbox 1657 1558 1736 1612; x_wconf 86' lang='lat' dir='ltr'><strong>super</strong></span> 
     </span>
     <span class='ocr_line' id='line_1_39' title="bbox 945 1630 1736 1703; baseline -0.001 -16"><span class='ocrx_word' id='word_1_303' title='bbox 945 1648 1054 1687; x_wconf 89' lang='lat' dir='ltr'><strong>omnem</strong></span> <span class='ocrx_word' id='word_1_304' title='bbox 1066 1633 1162 1702; x_wconf 72' lang='lat' dir='ltr'><strong>[aciem</strong></span> <span class='ocrx_word' id='word_1_305' title='bbox 1178 1632 1278 1703; x_wconf 78' lang='lat' dir='ltr'><strong>abyssi,</strong></span> <span class='ocrx_word' id='word_1_306' title='bbox 1292 1642 1318 1686; x_wconf 85' lang='lat' dir='ltr'><strong>et</strong></span> <span class='ocrx_word' id='word_1_307' title='bbox 1335 1630 1452 1702; x_wconf 81' lang='lat' dir='ltr'><strong>Spiritus</strong></span> <span class='ocrx_word' id='word_1_308' title='bbox 1472 1631 1581 1686; x_wconf 85' lang='lat' dir='ltr'><strong>Domini</strong></span> <span class='ocrx_word' id='word_1_309' title='bbox 1602 1634 1736 1702; x_wconf 70' lang='lat' dir='ltr'><strong>serebatur</strong></span> 
     </span>
     <span class='ocr_line' id='line_1_40' title="bbox 945 1723 1734 1795; baseline 0 -17"><span class='ocrx_word' id='word_1_310' title='bbox 945 1740 1024 1793; x_wconf 84' lang='lat' dir='ltr'><strong>super</strong></span> <span class='ocrx_word' id='word_1_311' title='bbox 1036 1740 1121 1795; x_wconf 84' lang='lat' dir='ltr'><strong>aqrres</strong></span> <span class='ocrx_word' id='word_1_312' title='bbox 1134 1723 1211 1795; x_wconf 70' lang='lat' dir='ltr'><strong>(dea.</strong></span> <span class='ocrx_word' id='word_1_313' title='bbox 1224 1725 1263 1793; x_wconf 84' lang='lat' dir='ltr'><strong>r);</strong></span> <span class='ocrx_word' id='word_1_314' title='bbox 1281 1732 1308 1778; x_wconf 88' lang='lat' dir='ltr'><strong>et</strong></span> <span class='ocrx_word' id='word_1_315' title='bbox 1323 1739 1378 1778; x_wconf 93' lang='lat' dir='ltr'><strong>non</strong></span> <span class='ocrx_word' id='word_1_316' title='bbox 1399 1723 1574 1794; x_wconf 75' lang='lat' dir='ltr'><strong>mergebatur</strong></span> <span class='ocrx_word' id='word_1_317' title='bbox 1596 1724 1623 1778; x_wconf 91' lang='lat' dir='ltr'><strong>in</strong></span> <span class='ocrx_word' id='word_1_318' title='bbox 1643 1724 1734 1795; x_wconf 88' lang='lat' dir='ltr'><strong>aquis,</strong></span> 
     </span>
     <span class='ocr_line' id='line_1_41' title="bbox 945 1816 1733 1887; baseline 0.001 -16"><span class='ocrx_word' id='word_1_319' title='bbox 945 1831 1035 1886; x_wconf 87' lang='lat' dir='ltr'><strong>neque</strong></span> <span class='ocrx_word' id='word_1_320' title='bbox 1051 1816 1251 1884; x_wconf 60' lang='lat' dir='ltr'><strong>sustentantem</strong></span> <span class='ocrx_word' id='word_1_321' title='bbox 1266 1816 1313 1874; x_wconf 89' lang='lat' dir='ltr'><strong>sed</strong></span> <span class='ocrx_word' id='word_1_322' title='bbox 1328 1817 1485 1872; x_wconf 85' lang='lat' dir='ltr'><strong>contiuehat</strong></span> <span class='ocrx_word' id='word_1_323' title='bbox 1496 1816 1531 1870; x_wconf 89' lang='lat' dir='ltr'><strong>ab</strong></span> <span class='ocrx_word' id='word_1_324' title='bbox 1546 1819 1625 1886; x_wconf 89' lang='lat' dir='ltr'><strong>aquis</strong></span> <span class='ocrx_word' id='word_1_325' title='bbox 1636 1832 1733 1887; x_wconf 85' lang='lat' dir='ltr'><strong>aquas,</strong></span> 
     </span>
     <span class='ocr_line' id='line_1_42' title="bbox 944 1905 1736 1977; baseline 0.003 -17"><span class='ocrx_word' id='word_1_326' title='bbox 944 1916 972 1962; x_wconf 87' lang='lat' dir='ltr'><strong>ct</strong></span> <span class='ocrx_word' id='word_1_327' title='bbox 992 1906 1101 1962; x_wconf 83' lang='lat' dir='ltr'><strong>terebat</strong></span> <span class='ocrx_word' id='word_1_328' title='bbox 1115 1914 1143 1962; x_wconf 90' lang='lat' dir='ltr'><strong>et</strong></span> <span class='ocrx_word' id='word_1_329' title='bbox 1154 1905 1319 1963; x_wconf 76' lang='lat' dir='ltr'><strong>fecundabat</strong></span> <span class='ocrx_word' id='word_1_330' title='bbox 1332 1921 1389 1962; x_wconf 85' lang='lat' dir='ltr'><strong>eas.</strong></span> <span class='ocrx_word' id='word_1_331' title='bbox 1405 1906 1537 1961; x_wconf 89' lang='lat' dir='ltr'><strong>Similiter</strong></span> <span class='ocrx_word' id='word_1_332' title='bbox 1549 1918 1640 1962; x_wconf 90' lang='lat' dir='ltr'><strong>autem</strong></span> <span class='ocrx_word' id='word_1_333' title='bbox 1653 1922 1736 1977; x_wconf 89' lang='lat' dir='ltr'><strong>super</strong></span> 
     </span>
     <span class='ocr_line' id='line_1_43' title="bbox 944 1998 1737 2067; baseline -0.004 -15"><span class='ocrx_word' id='word_1_334' title='bbox 944 2000 1067 2052; x_wconf 90' lang='lat' dir='ltr'><strong>omnium</strong></span> <span class='ocrx_word' id='word_1_335' title='bbox 1089 1999 1231 2053; x_wconf 88' lang='lat' dir='ltr'><strong>homiuum</strong></span> <span class='ocrx_word' id='word_1_336' title='bbox 1255 1999 1338 2053; x_wconf 84' lang='lat' dir='ltr'><strong>corda</strong></span> <span class='ocrx_word' id='word_1_337' title='bbox 1363 1998 1481 2053; x_wconf 80' lang='lat' dir='ltr'><strong>tenebrae</strong></span> <span class='ocrx_word' id='word_1_338' title='bbox 1498 2007 1577 2051; x_wconf 89' lang='lat' dir='ltr'><strong>eraut</strong></span> <span class='ocrx_word' id='word_1_339' title='bbox 1605 1998 1737 2067; x_wconf 77' lang='lat' dir='ltr'><strong>ignoran-</strong></span> 
     </span>
     <span class='ocr_line' id='line_1_44' title="bbox 944 2086 1734 2159; baseline -0.003 -15"><span class='ocrx_word' id='word_1_340' title='bbox 944 2090 989 2145; x_wconf 81' lang='lat' dir='ltr'><strong>tiae</strong></span> <span class='ocrx_word' id='word_1_341' title='bbox 1005 2106 1097 2146; x_wconf 84' lang='lat' dir='ltr'><strong>rectum</strong></span> <span class='ocrx_word' id='word_1_342' title='bbox 1117 2091 1263 2156; x_wconf 79' lang='lat' dir='ltr'><strong>bonarum,</strong></span> <span class='ocrx_word' id='word_1_343' title='bbox 1279 2098 1307 2146; x_wconf 89' lang='lat' dir='ltr'><strong>et</strong></span> <span class='ocrx_word' id='word_1_344' title='bbox 1327 2099 1439 2159; x_wconf 89' lang='lat' dir='ltr'><strong>torpore</strong></span> <span class='ocrx_word' id='word_1_345' title='bbox 1458 2086 1625 2144; x_wconf 85' lang='lat' dir='ltr'><strong>difficultatis</strong></span> <span class='ocrx_word' id='word_1_346' title='bbox 1643 2103 1734 2142; x_wconf 87' lang='lat' dir='ltr'><strong>rerum</strong></span> 
     </span>
     <span class='ocr_line' id='line_1_45' title="bbox 944 2180 1737 2254; baseline -0.006 -18"><span class='ocrx_word' id='word_1_347' title='bbox 944 2183 1111 2254; x_wconf 75' lang='lat' dir='ltr'><strong>agendarum</strong></span> <span class='ocrx_word' id='word_1_348' title='bbox 1126 2183 1331 2251; x_wconf 83' lang='lat' dir='ltr'><strong>premebantur,</strong></span> <span class='ocrx_word' id='word_1_349' title='bbox 1347 2180 1440 2235; x_wconf 90' lang='lat' dir='ltr'><strong>mobili</strong></span> <span class='ocrx_word' id='word_1_350' title='bbox 1455 2182 1528 2235; x_wconf 85' lang='lat' dir='ltr'><strong>tlrtrm</strong></span> <span class='ocrx_word' id='word_1_351' title='bbox 1545 2195 1619 2251; x_wconf 71' lang='lat' dir='ltr'><strong>rapae</strong></span> <span class='ocrx_word' id='word_1_352' title='bbox 1633 2194 1737 2235; x_wconf 84' lang='lat' dir='ltr'><strong>concur-</strong></span> 
     </span>
     <span class='ocr_line' id='line_1_46' title="bbox 944 2272 1736 2346; baseline -0.001 -19"><span class='ocrx_word' id='word_1_353' title='bbox 944 2275 1086 2346; x_wconf 84' lang='lat' dir='ltr'><strong>piscentire</strong></span> <span class='ocrx_word' id='word_1_354' title='bbox 1100 2274 1271 2338; x_wconf 86' lang='lat' dir='ltr'><strong>hrrctnautia,</strong></span> <span class='ocrx_word' id='word_1_355' title='bbox 1296 2287 1441 2343; x_wconf 89' lang='lat' dir='ltr'><strong>quousque</strong></span> <span class='ocrx_word' id='word_1_356' title='bbox 1455 2287 1470 2327; x_wconf 87' lang='lat' dir='ltr'><strong>a</strong></span> <span class='ocrx_word' id='word_1_357' title='bbox 1483 2272 1593 2327; x_wconf 86' lang='lat' dir='ltr'><strong>Christo</strong></span> <span class='ocrx_word' id='word_1_358' title='bbox 1612 2287 1660 2342; x_wconf 89' lang='lat' dir='ltr'><strong>per</strong></span> <span class='ocrx_word' id='word_1_359' title='bbox 1677 2272 1736 2342; x_wconf 86' lang='lat' dir='ltr'><strong>spi·</strong></span> 
     </span>
     <span class='ocr_line' id='line_1_47' title="bbox 947 2361 1736 2431; baseline -0.004 -11"><span class='ocrx_word' id='word_1_360' title='bbox 947 2366 1031 2420; x_wconf 91' lang='lat' dir='ltr'><strong>ritum</strong></span> <span class='ocrx_word' id='word_1_361' title='bbox 1048 2365 1269 2420; x_wconf 86' lang='lat' dir='ltr'><strong>illuminarentur</strong></span> <span class='ocrx_word' id='word_1_362' title='bbox 1289 2365 1322 2420; x_wconf 91' lang='lat' dir='ltr'><strong>ad</strong></span> <span class='ocrx_word' id='word_1_363' title='bbox 1344 2363 1499 2430; x_wconf 88' lang='lat' dir='ltr'><strong>scientiam,</strong></span> <span class='ocrx_word' id='word_1_364' title='bbox 1514 2364 1586 2418; x_wconf 89' lang='lat' dir='ltr'><strong>sicut</strong></span> <span class='ocrx_word' id='word_1_365' title='bbox 1597 2364 1635 2418; x_wconf 90' lang='lat' dir='ltr'><strong>ait</strong></span> <span class='ocrx_word' id='word_1_366' title='bbox 1650 2382 1658 2418; x_wconf 75' lang='grc' dir='ltr'><strong>ε</strong></span> <span class='ocrx_word' id='word_1_367' title='bbox 1675 2361 1736 2431; x_wconf 84' lang='lat' dir='ltr'><strong>lpse</strong></span> 
     </span>
     <span class='ocr_line' id='line_1_48' title="bbox 945 2454 1737 2527; baseline -0.003 -15"><span class='ocrx_word' id='word_1_368' title='bbox 945 2458 1051 2513; x_wconf 85' lang='lat' dir='ltr'><strong>iuducet</strong></span> <span class='ocrx_word' id='word_1_369' title='bbox 1064 2475 1108 2512; x_wconf 86' lang='lat' dir='ltr'><strong>uos</strong></span> <span class='ocrx_word' id='word_1_370' title='bbox 1122 2458 1149 2511; x_wconf 85' lang='lat' dir='ltr'><strong>ia</strong></span> <span class='ocrx_word' id='word_1_371' title='bbox 1169 2473 1272 2512; x_wconf 82' lang='lat' dir='ltr'><strong>earnem</strong></span> <span class='ocrx_word' id='word_1_372' title='bbox 1286 2459 1420 2513; x_wconf 85' lang='lat' dir='ltr'><strong>ceritatem</strong></span> <span class='ocrx_word' id='word_1_373' title='bbox 1436 2454 1526 2527; x_wconf 77' lang='lat' dir='ltr'><strong>(ioca.</strong></span> <span class='ocrx_word' id='word_1_374' title='bbox 1541 2456 1611 2523; x_wconf 82' lang='lat' dir='ltr'><strong>xm),</strong></span> <span class='ocrx_word' id='word_1_375' title='bbox 1629 2456 1737 2511; x_wconf 84' lang='lat' dir='ltr'><strong>initam·</strong></span> 
     </span>
     <span class='ocr_line' id='line_1_49' title="bbox 945 2545 1734 2607; baseline -0.008 0"><span class='ocrx_word' id='word_1_376' title='bbox 945 2561 1087 2607; x_wconf 77' lang='lat' dir='ltr'><strong>merentur</strong></span> <span class='ocrx_word' id='word_1_377' title='bbox 1100 2562 1126 2605; x_wconf 87' lang='lat' dir='ltr'><strong>et</strong></span> <span class='ocrx_word' id='word_1_378' title='bbox 1140 2550 1353 2605; x_wconf 78' lang='lat' dir='ltr'><strong>fecundarentur</strong></span> <span class='ocrx_word' id='word_1_379' title='bbox 1364 2549 1397 2603; x_wconf 90' lang='lat' dir='ltr'><strong>ad</strong></span> <span class='ocrx_word' id='word_1_380' title='bbox 1412 2547 1550 2602; x_wconf 79' lang='lat' dir='ltr'><strong>uirtutem.</strong></span> <span class='ocrx_word' id='word_1_381' title='bbox 1581 2545 1658 2601; x_wconf 86' lang='lat' dir='ltr'><strong>Unde</strong></span> <span class='ocrx_word' id='word_1_382' title='bbox 1671 2555 1713 2602; x_wconf 90' lang='lat' dir='ltr'><strong>est</strong></span> <span class='ocrx_word' id='word_1_383' title='bbox 1726 2563 1734 2601; x_wconf 78' lang='lat' dir='ltr'>t</span> 
     </span>
    </p>
   </div>
   <div class='ocr_carea' id='block_1_6' title="bbox 935 2636 1737 2707">
    <p class='ocr_par' dir='ltr' id='par_1_6' title="bbox 935 2636 1737 2707">
     <span class='ocr_line' id='line_1_50' title="bbox 935 2636 1737 2707; baseline -0.009 -9"><span class='ocrx_word' id='word_1_384' title='bbox 935 2643 1040 2700; x_wconf 82' lang='lat' dir='ltr'><strong>&#39;Sedete</strong></span> <span class='ocrx_word' id='word_1_385' title='bbox 1056 2645 1084 2696; x_wconf 92' lang='lat' dir='ltr'><strong>ia</strong></span> <span class='ocrx_word' id='word_1_386' title='bbox 1099 2644 1214 2707; x_wconf 81' lang='lat' dir='ltr'><strong>ciuitate,</strong></span> <span class='ocrx_word' id='word_1_387' title='bbox 1243 2641 1325 2695; x_wconf 84' lang='lat' dir='ltr'><strong>denec</strong></span> <span class='ocrx_word' id='word_1_388' title='bbox 1349 2640 1498 2694; x_wconf 75' lang='lat' dir='ltr'><strong>induamini</strong></span> <span class='ocrx_word' id='word_1_389' title='bbox 1514 2639 1610 2693; x_wconf 81' lang='lat' dir='ltr'><strong>uirtute</strong></span> <span class='ocrx_word' id='word_1_390' title='bbox 1630 2653 1663 2692; x_wconf 81' lang='lat' dir='ltr'><strong>ea</strong></span> <span class='ocrx_word' id='word_1_391' title='bbox 1681 2636 1737 2691; x_wconf 84' lang='lat' dir='ltr'><strong>alte</strong></span> 
     </span>
    </p>
   </div>
   <div class='ocr_carea' id='block_1_7' title="bbox 946 2731 1738 2986">
    <p class='ocr_par' dir='ltr' id='par_1_7' title="bbox 946 2731 1738 2986">
     <span class='ocr_line' id='line_1_51' title="bbox 947 2731 1735 2804; baseline -0.003 -17"><span class='ocrx_word' id='word_1_392' title='bbox 947 2733 1024 2803; x_wconf 77' lang='lat' dir='ltr'><strong>(duc.</strong></span> <span class='ocrx_word' id='word_1_393' title='bbox 1045 2733 1133 2804; x_wconf 77' lang='lat' dir='ltr'><strong>rtur).</strong></span> <span class='ocrx_word' id='word_1_394' title='bbox 1154 2734 1326 2788; x_wconf 80' lang='lat' dir='ltr'><strong>solverentur</strong></span> <span class='ocrx_word' id='word_1_395' title='bbox 1348 2741 1376 2787; x_wconf 90' lang='lat' dir='ltr'><strong>et</strong></span> <span class='ocrx_word' id='word_1_396' title='bbox 1400 2731 1587 2802; x_wconf 85' lang='lat' dir='ltr'><strong>liquefluerent</strong></span> <span class='ocrx_word' id='word_1_397' title='bbox 1606 2740 1735 2802; x_wconf 91' lang='lat' dir='ltr'><strong>tanquam</strong></span> 
     </span>
     <span class='ocr_line' id='line_1_52' title="bbox 947 2823 1738 2898; baseline -0.008 -17"><span class='ocrx_word' id='word_1_398' title='bbox 947 2840 1026 2898; x_wconf 80' lang='lat' dir='ltr'><strong>aquae</strong></span> <span class='ocrx_word' id='word_1_399' title='bbox 1040 2826 1108 2880; x_wconf 74' lang='lat' dir='ltr'><strong>risse</strong></span> <span class='ocrx_word' id='word_1_400' title='bbox 1130 2825 1259 2881; x_wconf 87' lang='lat' dir='ltr'><strong>salientes</strong></span> <span class='ocrx_word' id='word_1_401' title='bbox 1271 2826 1299 2879; x_wconf 89' lang='lat' dir='ltr'><strong>iu</strong></span> <span class='ocrx_word' id='word_1_402' title='bbox 1316 2824 1401 2879; x_wconf 81' lang='lat' dir='ltr'><strong>uitam</strong></span> <span class='ocrx_word' id='word_1_403' title='bbox 1422 2833 1552 2878; x_wconf 77' lang='lat' dir='ltr'><strong>retentam</strong></span> <span class='ocrx_word' id='word_1_404' title='bbox 1576 2823 1648 2878; x_wconf 90' lang='lat' dir='ltr'><strong>sieut</strong></span> <span class='ocrx_word' id='word_1_405' title='bbox 1666 2823 1738 2878; x_wconf 86' lang='lat' dir='ltr'><strong>seri·-</strong></span> 
     </span>
     <span class='ocr_line' id='line_1_53' title="bbox 946 2913 1736 2986; baseline -0.004 -17"><span class='ocrx_word' id='word_1_406' title='bbox 946 2924 1023 2986; x_wconf 86' lang='lat' dir='ltr'><strong>ptum</strong></span> <span class='ocrx_word' id='word_1_407' title='bbox 1038 2923 1081 2972; x_wconf 86' lang='lat' dir='ltr'><strong>est</strong></span> <span class='ocrx_word' id='word_1_408' title='bbox 1102 2934 1110 2969; x_wconf 81' lang='lat' dir='ltr'><strong>a</strong></span> <span class='ocrx_word' id='word_1_409' title='bbox 1135 2915 1245 2969; x_wconf 87' lang='lat' dir='ltr'><strong>hmittet</strong></span> <span class='ocrx_word' id='word_1_410' title='bbox 1264 2914 1369 2970; x_wconf 82' lang='lat' dir='ltr'><strong>cerium</strong></span> <span class='ocrx_word' id='word_1_411' title='bbox 1391 2930 1468 2970; x_wconf 84' lang='lat' dir='ltr'><strong>suarm</strong></span> <span class='ocrx_word' id='word_1_412' title='bbox 1483 2924 1507 2968; x_wconf 90' lang='lat' dir='ltr'><strong>et</strong></span> <span class='ocrx_word' id='word_1_413' title='bbox 1522 2913 1673 2984; x_wconf 71' lang='lat' dir='ltr'><strong>liquefaciet</strong></span> <span class='ocrx_word' id='word_1_414' title='bbox 1694 2928 1736 2980; x_wconf 85' lang='lat' dir='ltr'><strong>ea,</strong></span> 
     </span>
    </p>
   </div>
   <div class='ocr_carea' id='block_1_8' title="bbox 108 3004 1655 3093">
    <p class='ocr_par' dir='ltr' id='par_1_8' title="bbox 108 3004 1655 3093">
     <span class='ocr_line' id='line_1_54' title="bbox 108 3004 1655 3093; baseline -0.012 -15"><span class='ocrx_word' id='word_1_415' title='bbox 108 3022 230 3093; x_wconf 74' lang='lat' dir='ltr'><strong>gentium</strong></span> <span class='ocrx_word' id='word_1_416' title='bbox 254 3034 317 3075; x_wconf 87' lang='lat' dir='ltr'><strong>cum</strong></span> <span class='ocrx_word' id='word_1_417' title='bbox 345 3016 440 3088; x_wconf 88' lang='lat' dir='ltr'><strong>paucis</strong></span> <span class='ocrx_word' id='word_1_418' title='bbox 463 3030 495 3071; x_wconf 85' lang='lat' dir='ltr'><strong>ct</strong></span> <span class='ocrx_word' id='word_1_419' title='bbox 528 3013 610 3071; x_wconf 88' lang='lat' dir='ltr'><strong>lsrael</strong></span> <span class='ocrx_word' id='word_1_420' title='bbox 636 3009 821 3077; x_wconf 89' lang='lat' dir='ltr'><strong>credentibus,</strong></span> <span class='ocrx_word' id='word_1_421' title='bbox 849 3011 931 3080; x_wconf 80' lang='lat' dir='ltr'><strong>perc</strong></span> <span class='ocrx_word' id='word_1_422' title='bbox 949 3007 1026 3077; x_wconf 80' lang='lat' dir='ltr'><strong>paula</strong></span> <span class='ocrx_word' id='word_1_423' title='bbox 1042 3007 1152 3077; x_wconf 81' lang='lat' dir='ltr'><strong>spiritru</strong></span> <span class='ocrx_word' id='word_1_424' title='bbox 1165 3006 1256 3076; x_wconf 79' lang='lat' dir='ltr'><strong>ejusce</strong></span> <span class='ocrx_word' id='word_1_425' title='bbox 1274 3006 1443 3076; x_wconf 74' lang='lat' dir='ltr'><strong>fluentaque</strong></span> <span class='ocrx_word' id='word_1_426' title='bbox 1455 3004 1542 3076; x_wconf 80' lang='lat' dir='ltr'><strong>(Paul.</strong></span> <span class='ocrx_word' id='word_1_427' title='bbox 1558 3006 1655 3076; x_wconf 78' lang='lat' dir='ltr'><strong>xerse).</strong></span> 
     </span>
    </p>
   </div>
   <div class='ocr_carea' id='block_1_9' title="bbox 109 3100 897 3359">
    <p class='ocr_par' dir='ltr' id='par_1_9' title="bbox 109 3100 897 3359">
     <span class='ocr_line' id='line_1_55' title="bbox 109 3100 895 3182; baseline -0.014 -16"><span class='ocrx_word' id='word_1_428' title='bbox 109 3121 257 3182; x_wconf 89' lang='lat' dir='ltr'><strong>utcumque</strong></span> <span class='ocrx_word' id='word_1_429' title='bbox 270 3111 343 3165; x_wconf 87' lang='lat' dir='ltr'><strong>latus</strong></span> <span class='ocrx_word' id='word_1_430' title='bbox 357 3107 583 3179; x_wconf 80' lang='lat' dir='ltr'><strong>compapinattrr;</strong></span> <span class='ocrx_word' id='word_1_431' title='bbox 600 3111 682 3174; x_wconf 90' lang='lat' dir='ltr'><strong>caput</strong></span> <span class='ocrx_word' id='word_1_432' title='bbox 693 3116 758 3156; x_wconf 83' lang='lat' dir='ltr'><strong>vcro</strong></span> <span class='ocrx_word' id='word_1_433' title='bbox 774 3100 895 3156; x_wconf 88' lang='lat' dir='ltr'><strong>medium</strong></span> 
     </span>
     <span class='ocr_line' id='line_1_56' title="bbox 109 3196 895 3269; baseline -0.013 -12"><span class='ocrx_word' id='word_1_434' title='bbox 109 3203 247 3266; x_wconf 65' lang='lat' dir='ltr'><strong>asscitum</strong></span> <span class='ocrx_word' id='word_1_435' title='bbox 262 3200 307 3256; x_wconf 88' lang='lat' dir='ltr'><strong>cui</strong></span> <span class='ocrx_word' id='word_1_436' title='bbox 322 3208 413 3255; x_wconf 78' lang='lat' dir='ltr'><strong>tannen</strong></span> <span class='ocrx_word' id='word_1_437' title='bbox 428 3199 484 3269; x_wconf 83' lang='lat' dir='ltr'><strong>jam</strong></span> <span class='ocrx_word' id='word_1_438' title='bbox 503 3206 569 3252; x_wconf 90' lang='lat' dir='ltr'><strong>nato</strong></span> <span class='ocrx_word' id='word_1_439' title='bbox 588 3196 661 3267; x_wconf 88' lang='lat' dir='ltr'><strong>quod</strong></span> <span class='ocrx_word' id='word_1_440' title='bbox 681 3202 743 3250; x_wconf 88' lang='lat' dir='ltr'><strong>ante</strong></span> <span class='ocrx_word' id='word_1_441' title='bbox 755 3208 895 3265; x_wconf 76' lang='lat' dir='ltr'><strong>egressum</strong></span> 
     </span>
     <span class='ocr_line' id='line_1_57' title="bbox 110 3285 897 3359; baseline -0.014 -10"><span class='ocrx_word' id='word_1_442' title='bbox 110 3293 200 3350; x_wconf 85' lang='lat' dir='ltr'><strong>iuerat</strong></span> <span class='ocrx_word' id='word_1_443' title='bbox 214 3293 367 3358; x_wconf 84' lang='lat' dir='ltr'><strong>brachium,</strong></span> <span class='ocrx_word' id='word_1_444' title='bbox 384 3305 435 3347; x_wconf 90' lang='lat' dir='ltr'><strong>suo</strong></span> <span class='ocrx_word' id='word_1_445' title='bbox 447 3306 510 3347; x_wconf 88' lang='lat' dir='ltr'><strong>curn</strong></span> <span class='ocrx_word' id='word_1_446' title='bbox 523 3290 636 3359; x_wconf 89' lang='lat' dir='ltr'><strong>reliquis</strong></span> <span class='ocrx_word' id='word_1_447' title='bbox 650 3288 782 3343; x_wconf 90' lang='lat' dir='ltr'><strong>memhris</strong></span> <span class='ocrx_word' id='word_1_448' title='bbox 796 3285 897 3340; x_wconf 87' lang='lat' dir='ltr'><strong>suhor·</strong></span> 
     </span>
    </p>
   </div>
   <div class='ocr_carea' id='block_1_10' title="bbox 109 3377 902 4182">
    <p class='ocr_par' dir='ltr' id='par_1_10' title="bbox 109 3377 902 4182">
     <span class='ocr_line' id='line_1_58' title="bbox 109 3377 897 3453; baseline -0.018 -10"><span class='ocrx_word' id='word_1_449' title='bbox 109 3387 220 3443; x_wconf 91' lang='lat' dir='ltr'><strong>dinatur</strong></span> <span class='ocrx_word' id='word_1_450' title='bbox 231 3385 304 3451; x_wconf 85' lang='lat' dir='ltr'><strong>loeo,</strong></span> <span class='ocrx_word' id='word_1_451' title='bbox 319 3393 350 3439; x_wconf 90' lang='lat' dir='ltr'><strong>ut</strong></span> <span class='ocrx_word' id='word_1_452' title='bbox 364 3384 422 3453; x_wconf 85' lang='lat' dir='ltr'><strong>ipse</strong></span> <span class='ocrx_word' id='word_1_453' title='bbox 436 3391 601 3453; x_wconf 75' lang='lat' dir='ltr'><strong>agrioscatur</strong></span> <span class='ocrx_word' id='word_1_454' title='bbox 613 3380 698 3436; x_wconf 86' lang='lat' dir='ltr'><strong>totius</strong></span> <span class='ocrx_word' id='word_1_455' title='bbox 708 3377 837 3434; x_wconf 73' lang='lat' dir='ltr'><strong>Ecclesiae</strong></span> <span class='ocrx_word' id='word_1_456' title='bbox 848 3390 897 3431; x_wconf 90' lang='lat' dir='ltr'><strong>ca·</strong></span> 
     </span>
     <span class='ocr_line' id='line_1_59' title="bbox 110 3469 897 3545; baseline -0.011 -16"><span class='ocrx_word' id='word_1_457' title='bbox 110 3484 169 3545; x_wconf 89' lang='lat' dir='ltr'><strong>put,</strong></span> <span class='ocrx_word' id='word_1_458' title='bbox 185 3475 229 3530; x_wconf 89' lang='lat' dir='ltr'><strong>cui</strong></span> <span class='ocrx_word' id='word_1_459' title='bbox 251 3473 317 3527; x_wconf 88' lang='lat' dir='ltr'><strong>date</strong></span> <span class='ocrx_word' id='word_1_460' title='bbox 340 3482 379 3527; x_wconf 87' lang='lat' dir='ltr'><strong>est</strong></span> <span class='ocrx_word' id='word_1_461' title='bbox 394 3475 479 3526; x_wconf 88' lang='lat' dir='ltr'><strong>amuis</strong></span> <span class='ocrx_word' id='word_1_462' title='bbox 491 3480 606 3543; x_wconf 84' lang='lat' dir='ltr'><strong>potestas</strong></span> <span class='ocrx_word' id='word_1_463' title='bbox 617 3472 646 3525; x_wconf 88' lang='lat' dir='ltr'><strong>in</strong></span> <span class='ocrx_word' id='word_1_464' title='bbox 660 3471 725 3524; x_wconf 80' lang='lat' dir='ltr'><strong>rulo</strong></span> <span class='ocrx_word' id='word_1_465' title='bbox 736 3479 760 3523; x_wconf 87' lang='lat' dir='ltr'><strong>ct</strong></span> <span class='ocrx_word' id='word_1_466' title='bbox 773 3469 800 3522; x_wconf 90' lang='lat' dir='ltr'><strong>iu</strong></span> <span class='ocrx_word' id='word_1_467' title='bbox 827 3477 897 3531; x_wconf 82' lang='lat' dir='ltr'><strong>terra</strong></span> 
     </span>
     <span class='ocr_line' id='line_1_60' title="bbox 111 3548 897 3636; baseline -0.005 -18"><span class='ocrx_word' id='word_1_468' title='bbox 111 3564 221 3633; x_wconf 80' lang='lat' dir='ltr'><strong>(llutth.</strong></span> <span class='ocrx_word' id='word_1_469' title='bbox 247 3565 372 3636; x_wconf 77' lang='lat' dir='ltr'><strong>xxrtu);</strong></span> <span class='ocrx_word' id='word_1_470' title='bbox 398 3564 441 3618; x_wconf 88' lang='lat' dir='ltr'><strong>cni</strong></span> <span class='ocrx_word' id='word_1_471' title='bbox 471 3564 553 3619; x_wconf 86' lang='lat' dir='ltr'><strong>etiam</strong></span> <span class='ocrx_word' id='word_1_472' title='bbox 581 3548 657 3617; x_wconf 71' lang='lat' dir='ltr'><strong>amore</strong></span> <span class='ocrx_word' id='word_1_473' title='bbox 680 3578 747 3633; x_wconf 80' lang='lat' dir='ltr'><strong>percu</strong></span> <span class='ocrx_word' id='word_1_474' title='bbox 770 3562 897 3631; x_wconf 78' lang='lat' dir='ltr'><strong>pectitur,</strong></span> 
     </span>
     <span class='ocr_line' id='line_1_61' title="bbox 111 3653 900 3723; baseline -0.001 -15"><span class='ocrx_word' id='word_1_475' title='bbox 111 3653 222 3709; x_wconf 84' lang='lat' dir='ltr'><strong>habenti</strong></span> <span class='ocrx_word' id='word_1_476' title='bbox 263 3669 356 3707; x_wconf 78' lang='lat' dir='ltr'><strong>uomere</strong></span> <span class='ocrx_word' id='word_1_477' title='bbox 386 3654 456 3723; x_wconf 84' lang='lat' dir='ltr'><strong>quod</strong></span> <span class='ocrx_word' id='word_1_478' title='bbox 487 3662 525 3707; x_wconf 87' lang='lat' dir='ltr'><strong>est</strong></span> <span class='ocrx_word' id='word_1_479' title='bbox 563 3669 643 3720; x_wconf 85' lang='lat' dir='ltr'><strong>super</strong></span> <span class='ocrx_word' id='word_1_480' title='bbox 676 3667 752 3706; x_wconf 84' lang='lat' dir='ltr'><strong>omne</strong></span> <span class='ocrx_word' id='word_1_481' title='bbox 784 3653 900 3707; x_wconf 78' lang='lat' dir='ltr'><strong>nomeu?</strong></span> 
     </span>
     <span class='ocr_line' id='line_1_62' title="bbox 112 3745 901 3817; baseline -0.004 -17"><span class='ocrx_word' id='word_1_482' title='bbox 112 3748 122 3817; x_wconf 77' lang='lat' dir='ltr'><strong>i</strong></span> <span class='ocrx_word' id='word_1_483' title='bbox 126 3745 239 3816; x_wconf 83' lang='lat' dir='ltr'><strong>Philipp.</strong></span> <span class='ocrx_word' id='word_1_484' title='bbox 256 3746 298 3817; x_wconf 89' lang='lat' dir='ltr'><strong>u.)</strong></span> <span class='ocrx_word' id='word_1_485' title='bbox 312 3745 373 3801; x_wconf 80' lang='lat' dir='ltr'><strong>Nou</strong></span> <span class='ocrx_word' id='word_1_486' title='bbox 385 3748 453 3800; x_wconf 86' lang='lat' dir='ltr'><strong>enim</strong></span> <span class='ocrx_word' id='word_1_487' title='bbox 467 3755 507 3801; x_wconf 89' lang='lat' dir='ltr'><strong>est</strong></span> <span class='ocrx_word' id='word_1_488' title='bbox 521 3745 596 3799; x_wconf 80' lang='lat' dir='ltr'><strong>eliud</strong></span> <span class='ocrx_word' id='word_1_489' title='bbox 607 3761 699 3798; x_wconf 80' lang='lat' dir='ltr'><strong>aenaea</strong></span> <span class='ocrx_word' id='word_1_490' title='bbox 711 3745 803 3799; x_wconf 86' lang='lat' dir='ltr'><strong>datam</strong></span> <span class='ocrx_word' id='word_1_491' title='bbox 815 3745 901 3798; x_wconf 85' lang='lat' dir='ltr'><strong>laomi-</strong></span> 
     </span>
     <span class='ocr_line' id='line_1_63' title="bbox 112 3833 898 3909; baseline -0.004 -19"><span class='ocrx_word' id='word_1_492' title='bbox 112 3837 188 3891; x_wconf 85' lang='lat' dir='ltr'><strong>aibus</strong></span> <span class='ocrx_word' id='word_1_493' title='bbox 203 3837 251 3891; x_wconf 82' lang='lat' dir='ltr'><strong>suh</strong></span> <span class='ocrx_word' id='word_1_494' title='bbox 263 3837 337 3902; x_wconf 86' lang='lat' dir='ltr'><strong>eoelo,</strong></span> <span class='ocrx_word' id='word_1_495' title='bbox 358 3837 385 3892; x_wconf 87' lang='lat' dir='ltr'><strong>ia</strong></span> <span class='ocrx_word' id='word_1_496' title='bbox 397 3854 447 3909; x_wconf 85' lang='lat' dir='ltr'><strong>qua</strong></span> <span class='ocrx_word' id='word_1_497' title='bbox 459 3852 505 3890; x_wconf 88' lang='lat' dir='ltr'><strong>uus</strong></span> <span class='ocrx_word' id='word_1_498' title='bbox 520 3843 638 3905; x_wconf 86' lang='lat' dir='ltr'><strong>oporteat</strong></span> <span class='ocrx_word' id='word_1_499' title='bbox 649 3833 748 3888; x_wconf 79' lang='lat' dir='ltr'><strong>salvara</strong></span> <span class='ocrx_word' id='word_1_500' title='bbox 762 3835 832 3902; x_wconf 80' lang='lat' dir='ltr'><strong>(Act.</strong></span> <span class='ocrx_word' id='word_1_501' title='bbox 850 3833 898 3904; x_wconf 85' lang='lat' dir='ltr'><strong>tr).</strong></span> 
     </span>
     <span class='ocr_line' id='line_1_64' title="bbox 111 3924 900 3998; baseline -0.004 -16"><span class='ocrx_word' id='word_1_502' title='bbox 111 3926 198 3998; x_wconf 79' lang='lat' dir='ltr'><strong>Curius</strong></span> <span class='ocrx_word' id='word_1_503' title='bbox 219 3928 292 3984; x_wconf 85' lang='lat' dir='ltr'><strong>dictu</strong></span> <span class='ocrx_word' id='word_1_504' title='bbox 316 3929 388 3986; x_wconf 87' lang='lat' dir='ltr'><strong>sicut</strong></span> <span class='ocrx_word' id='word_1_505' title='bbox 410 3927 559 3989; x_wconf 79' lang='lat' dir='ltr'><strong>Abrabam,</strong></span> <span class='ocrx_word' id='word_1_506' title='bbox 575 3926 611 3982; x_wconf 87' lang='lat' dir='ltr'><strong>ita</strong></span> <span class='ocrx_word' id='word_1_507' title='bbox 634 3935 661 3981; x_wconf 91' lang='lat' dir='ltr'><strong>et</strong></span> <span class='ocrx_word' id='word_1_508' title='bbox 682 3924 773 3981; x_wconf 72' lang='lat' dir='ltr'><strong>ceteri</strong></span> <span class='ocrx_word' id='word_1_509' title='bbox 793 3926 900 3996; x_wconf 89' lang='lat' dir='ltr'><strong>priores</strong></span> 
     </span>
     <span class='ocr_line' id='line_1_65' title="bbox 113 4017 902 4086; baseline -0.005 -12"><span class='ocrx_word' id='word_1_510' title='bbox 113 4020 201 4075; x_wconf 79' lang='lat' dir='ltr'><strong>sarrcti</strong></span> <span class='ocrx_word' id='word_1_511' title='bbox 214 4020 430 4085; x_wconf 75' lang='lat' dir='ltr'><strong>exsultaverunt,</strong></span> <span class='ocrx_word' id='word_1_512' title='bbox 452 4019 635 4084; x_wconf 72' lang='lat' dir='ltr'><strong>eluderent,</strong></span> <span class='ocrx_word' id='word_1_513' title='bbox 650 4017 789 4080; x_wconf 84' lang='lat' dir='ltr'><strong>uiderunt,</strong></span> <span class='ocrx_word' id='word_1_514' title='bbox 805 4024 832 4070; x_wconf 91' lang='lat' dir='ltr'><strong>et</strong></span> <span class='ocrx_word' id='word_1_515' title='bbox 854 4031 902 4086; x_wconf 75' lang='lat' dir='ltr'><strong>pa·</strong></span> 
     </span>
     <span class='ocr_line' id='line_1_66' title="bbox 113 4108 900 4182; baseline -0.003 -18"><span class='ocrx_word' id='word_1_516' title='bbox 113 4109 240 4166; x_wconf 74' lang='lat' dir='ltr'><strong>visisunt</strong></span> <span class='ocrx_word' id='word_1_517' title='bbox 254 4109 345 4182; x_wconf 77' lang='lat' dir='ltr'><strong>(loun.</strong></span> <span class='ocrx_word' id='word_1_518' title='bbox 360 4112 438 4182; x_wconf 70' lang='lat' dir='ltr'><strong>viril:</strong></span> <span class='ocrx_word' id='word_1_519' title='bbox 454 4126 535 4181; x_wconf 89' lang='lat' dir='ltr'><strong>quem</strong></span> <span class='ocrx_word' id='word_1_520' title='bbox 547 4119 575 4165; x_wconf 92' lang='lat' dir='ltr'><strong>et</strong></span> <span class='ocrx_word' id='word_1_521' title='bbox 597 4124 659 4175; x_wconf 87' lang='lat' dir='ltr'><strong>nos,</strong></span> <span class='ocrx_word' id='word_1_522' title='bbox 676 4108 860 4176; x_wconf 86' lang='lat' dir='ltr'><strong>dilectissimi,</strong></span> <span class='ocrx_word' id='word_1_523' title='bbox 873 4108 900 4162; x_wconf 90' lang='lat' dir='ltr'><strong>in</strong></span> 
     </span>
    </p>
   </div>
   <div class='ocr_carea' id='block_1_11' title="bbox 949 3096 1742 4181">
    <p class='ocr_par' dir='ltr' id='par_1_11' title="bbox 949 3096 1742 4181">
     <span class='ocr_line' id='line_1_67' title="bbox 986 3096 1738 3170; baseline 0.004 -18"><span class='ocrx_word' id='word_1_524' title='bbox 986 3099 1123 3156; x_wconf 80' lang='lat' dir='ltr'><strong>natusest</strong></span> <span class='ocrx_word' id='word_1_525' title='bbox 1147 3096 1239 3170; x_wconf 87' lang='lat' dir='ltr'><strong>itaque</strong></span> <span class='ocrx_word' id='word_1_526' title='bbox 1254 3098 1367 3170; x_wconf 84' lang='lat' dir='ltr'><strong>spiritus</strong></span> <span class='ocrx_word' id='word_1_527' title='bbox 1380 3099 1452 3153; x_wconf 91' lang='lat' dir='ltr'><strong>idem</strong></span> <span class='ocrx_word' id='word_1_528' title='bbox 1466 3098 1501 3154; x_wconf 92' lang='lat' dir='ltr'><strong>de</strong></span> <span class='ocrx_word' id='word_1_529' title='bbox 1515 3099 1605 3154; x_wconf 88' lang='lat' dir='ltr'><strong>aitiori</strong></span> <span class='ocrx_word' id='word_1_530' title='bbox 1620 3100 1654 3154; x_wconf 90' lang='lat' dir='ltr'><strong>de</strong></span> <span class='ocrx_word' id='word_1_531' title='bbox 1666 3098 1738 3155; x_wconf 82' lang='lat' dir='ltr'><strong>coelo</strong></span> 
     </span>
     <span class='ocr_line' id='line_1_68' title="bbox 949 3191 1738 3262; baseline -0.001 -14"><span class='ocrx_word' id='word_1_532' title='bbox 949 3194 983 3249; x_wconf 85' lang='lat' dir='ltr'><strong>acl</strong></span> <span class='ocrx_word' id='word_1_533' title='bbox 996 3194 1135 3258; x_wconf 85' lang='lat' dir='ltr'><strong>uirttttem,</strong></span> <span class='ocrx_word' id='word_1_534' title='bbox 1150 3192 1197 3262; x_wconf 90' lang='lat' dir='ltr'><strong>qni</strong></span> <span class='ocrx_word' id='word_1_535' title='bbox 1214 3200 1294 3246; x_wconf 90' lang='lat' dir='ltr'><strong>antea</strong></span> <span class='ocrx_word' id='word_1_536' title='bbox 1307 3192 1388 3247; x_wconf 88' lang='lat' dir='ltr'><strong>datus</strong></span> <span class='ocrx_word' id='word_1_537' title='bbox 1404 3200 1445 3247; x_wconf 89' lang='lat' dir='ltr'><strong>est</strong></span> <span class='ocrx_word' id='word_1_538' title='bbox 1463 3192 1490 3246; x_wconf 90' lang='lat' dir='ltr'><strong>iu</strong></span> <span class='ocrx_word' id='word_1_539' title='bbox 1511 3191 1652 3261; x_wconf 79' lang='lat' dir='ltr'><strong>interiora,</strong></span> <span class='ocrx_word' id='word_1_540' title='bbox 1670 3192 1738 3247; x_wconf 91' lang='lat' dir='ltr'><strong>dau-</strong></span> 
     </span>
     <span class='ocr_line' id='line_1_69' title="bbox 949 3284 1740 3356; baseline -0.001 -15"><span class='ocrx_word' id='word_1_541' title='bbox 949 3286 1002 3341; x_wconf 85' lang='lat' dir='ltr'><strong>dus</strong></span> <span class='ocrx_word' id='word_1_542' title='bbox 1019 3285 1184 3356; x_wconf 89' lang='lat' dir='ltr'><strong>quandoque</strong></span> <span class='ocrx_word' id='word_1_543' title='bbox 1195 3301 1227 3340; x_wconf 78' lang='lat' dir='ltr'><strong>eu</strong></span> <span class='ocrx_word' id='word_1_544' title='bbox 1243 3285 1385 3341; x_wconf 88' lang='lat' dir='ltr'><strong>altissimis</strong></span> <span class='ocrx_word' id='word_1_545' title='bbox 1400 3285 1433 3340; x_wconf 88' lang='lat' dir='ltr'><strong>nd</strong></span> <span class='ocrx_word' id='word_1_546' title='bbox 1452 3284 1596 3340; x_wconf 88' lang='lat' dir='ltr'><strong>altissima.</strong></span> <span class='ocrx_word' id='word_1_547' title='bbox 1609 3284 1693 3341; x_wconf 84' lang='lat' dir='ltr'><strong>llatus</strong></span> <span class='ocrx_word' id='word_1_548' title='bbox 1705 3284 1740 3340; x_wconf 90' lang='lat' dir='ltr'><strong>ad</strong></span> 
     </span>
     <span class='ocr_line' id='line_1_70' title="bbox 949 3376 1739 3447; baseline 0.003 -18"><span class='ocrx_word' id='word_1_549' title='bbox 949 3385 1112 3447; x_wconf 88' lang='lat' dir='ltr'><strong>patestatem</strong></span> <span class='ocrx_word' id='word_1_550' title='bbox 1132 3376 1158 3430; x_wconf 91' lang='lat' dir='ltr'><strong>in</strong></span> <span class='ocrx_word' id='word_1_551' title='bbox 1173 3386 1256 3442; x_wconf 86' lang='lat' dir='ltr'><strong>tetra,</strong></span> <span class='ocrx_word' id='word_1_552' title='bbox 1277 3376 1322 3431; x_wconf 92' lang='lat' dir='ltr'><strong>ubi</strong></span> <span class='ocrx_word' id='word_1_553' title='bbox 1337 3376 1427 3431; x_wconf 88' lang='lat' dir='ltr'><strong>adhuc</strong></span> <span class='ocrx_word' id='word_1_554' title='bbox 1442 3384 1556 3446; x_wconf 71' lang='lat' dir='ltr'><strong>regnant</strong></span> <span class='ocrx_word' id='word_1_555' title='bbox 1570 3377 1739 3447; x_wconf 86' lang='lat' dir='ltr'><strong>principatus</strong></span> 
     </span>
     <span class='ocr_line' id='line_1_71' title="bbox 949 3469 1739 3541; baseline -0.005 -16"><span class='ocrx_word' id='word_1_556' title='bbox 949 3481 978 3525; x_wconf 91' lang='lat' dir='ltr'><strong>et</strong></span> <span class='ocrx_word' id='word_1_557' title='bbox 992 3479 1155 3541; x_wconf 60' lang='lat' dir='ltr'><strong>potestatem</strong></span> <span class='ocrx_word' id='word_1_558' title='bbox 1182 3470 1263 3525; x_wconf 88' lang='lat' dir='ltr'><strong>datur</strong></span> <span class='ocrx_word' id='word_1_559' title='bbox 1281 3469 1361 3525; x_wconf 90' lang='lat' dir='ltr'><strong>hodie</strong></span> <span class='ocrx_word' id='word_1_560' title='bbox 1385 3469 1418 3523; x_wconf 90' lang='lat' dir='ltr'><strong>ad</strong></span> <span class='ocrx_word' id='word_1_561' title='bbox 1447 3470 1576 3523; x_wconf 81' lang='lat' dir='ltr'><strong>uirtutem</strong></span> <span class='ocrx_word' id='word_1_562' title='bbox 1605 3469 1638 3524; x_wconf 87' lang='lat' dir='ltr'><strong>de</strong></span> <span class='ocrx_word' id='word_1_563' title='bbox 1657 3469 1739 3533; x_wconf 83' lang='lat' dir='ltr'><strong>coelo,</strong></span> 
     </span>
     <span class='ocr_line' id='line_1_72' title="bbox 950 3552 1741 3635; baseline -0.008 -15"><span class='ocrx_word' id='word_1_564' title='bbox 950 3564 1015 3635; x_wconf 87' lang='lat' dir='ltr'><strong>quia</strong></span> <span class='ocrx_word' id='word_1_565' title='bbox 1037 3578 1090 3618; x_wconf 85' lang='lat' dir='ltr'><strong>ocu</strong></span> <span class='ocrx_word' id='word_1_566' title='bbox 1109 3572 1193 3618; x_wconf 84' lang='lat' dir='ltr'><strong>restat</strong></span> <span class='ocrx_word' id='word_1_567' title='bbox 1217 3552 1419 3618; x_wconf 84' lang='lat' dir='ltr'><strong>colluctandum</strong></span> <span class='ocrx_word' id='word_1_568' title='bbox 1443 3559 1568 3614; x_wconf 83' lang='lat' dir='ltr'><strong>aduersus</strong></span> <span class='ocrx_word' id='word_1_569' title='bbox 1588 3576 1694 3614; x_wconf 78' lang='lat' dir='ltr'><strong>cautem</strong></span> <span class='ocrx_word' id='word_1_570' title='bbox 1714 3570 1741 3614; x_wconf 87' lang='lat' dir='ltr'><strong>et</strong></span> 
     </span>
     <span class='ocr_line' id='line_1_73' title="bbox 950 3653 1740 3727; baseline -0.005 -18"><span class='ocrx_word' id='word_1_571' title='bbox 950 3657 1117 3727; x_wconf 77' lang='lat' dir='ltr'><strong>sanquinem,</strong></span> <span class='ocrx_word' id='word_1_572' title='bbox 1139 3654 1184 3708; x_wconf 85' lang='lat' dir='ltr'><strong>scd</strong></span> <span class='ocrx_word' id='word_1_573' title='bbox 1199 3654 1324 3708; x_wconf 86' lang='lat' dir='ltr'><strong>aduersus</strong></span> <span class='ocrx_word' id='word_1_574' title='bbox 1350 3653 1516 3722; x_wconf 83' lang='lat' dir='ltr'><strong>principatus</strong></span> <span class='ocrx_word' id='word_1_575' title='bbox 1538 3662 1563 3707; x_wconf 88' lang='lat' dir='ltr'><strong>et</strong></span> <span class='ocrx_word' id='word_1_576' title='bbox 1586 3661 1740 3722; x_wconf 82' lang='lat' dir='ltr'><strong>potestates,</strong></span> 
     </span>
     <span class='ocr_line' id='line_1_74' title="bbox 950 3741 1742 3812; baseline 0 -15"><span class='ocrx_word' id='word_1_577' title='bbox 950 3746 1075 3797; x_wconf 77' lang='lat' dir='ltr'><strong>adsersus</strong></span> <span class='ocrx_word' id='word_1_578' title='bbox 1087 3752 1198 3796; x_wconf 87' lang='lat' dir='ltr'><strong>rectores</strong></span> <span class='ocrx_word' id='word_1_579' title='bbox 1214 3741 1379 3796; x_wconf 74' lang='lat' dir='ltr'><strong>terebrarum</strong></span> <span class='ocrx_word' id='word_1_580' title='bbox 1395 3744 1501 3805; x_wconf 87' lang='lat' dir='ltr'><strong>harum,</strong></span> <span class='ocrx_word' id='word_1_581' title='bbox 1520 3743 1645 3796; x_wconf 77' lang='lat' dir='ltr'><strong>adsersus</strong></span> <span class='ocrx_word' id='word_1_582' title='bbox 1660 3744 1742 3812; x_wconf 88' lang='lat' dir='ltr'><strong>spiri-</strong></span> 
     </span>
     <span class='ocr_line' id='line_1_75' title="bbox 952 3832 1741 3905; baseline 0.003 -16"><span class='ocrx_word' id='word_1_583' title='bbox 952 3834 1037 3889; x_wconf 81' lang='lat' dir='ltr'><strong>ruralia</strong></span> <span class='ocrx_word' id='word_1_584' title='bbox 1054 3834 1177 3905; x_wconf 80' lang='lat' dir='ltr'><strong>nequities</strong></span> <span class='ocrx_word' id='word_1_585' title='bbox 1205 3834 1233 3887; x_wconf 89' lang='lat' dir='ltr'><strong>ia</strong></span> <span class='ocrx_word' id='word_1_586' title='bbox 1259 3832 1406 3887; x_wconf 76' lang='lat' dir='ltr'><strong>celestibus</strong></span> <span class='ocrx_word' id='word_1_587' title='bbox 1429 3832 1538 3902; x_wconf 79' lang='lat' dir='ltr'><strong>(Ephes.</strong></span> <span class='ocrx_word' id='word_1_588' title='bbox 1555 3835 1610 3903; x_wconf 63' lang='grc' dir='ltr'><strong>γης</strong></span> <span class='ocrx_word' id='word_1_589' title='bbox 1634 3835 1741 3892; x_wconf 91' lang='lat' dir='ltr'><strong>dandus</strong></span> 
     </span>
     <span class='ocr_line' id='line_1_76' title="bbox 951 3925 1742 3999; baseline -0.004 -16"><span class='ocrx_word' id='word_1_590' title='bbox 951 3929 1062 3983; x_wconf 83' lang='lat' dir='ltr'><strong>demum</strong></span> <span class='ocrx_word' id='word_1_591' title='bbox 1077 3934 1139 3999; x_wconf 87' lang='lat' dir='ltr'><strong>post</strong></span> <span class='ocrx_word' id='word_1_592' title='bbox 1154 3925 1384 3981; x_wconf 86' lang='lat' dir='ltr'><strong>resurrectionem</strong></span> <span class='ocrx_word' id='word_1_593' title='bbox 1401 3940 1558 3994; x_wconf 90' lang='lat' dir='ltr'><strong>corporum,</strong></span> <span class='ocrx_word' id='word_1_594' title='bbox 1577 3942 1636 3979; x_wconf 87' lang='lat' dir='ltr'><strong>cum</strong></span> <span class='ocrx_word' id='word_1_595' title='bbox 1657 3927 1742 3980; x_wconf 86' lang='lat' dir='ltr'><strong>tradi·</strong></span> 
     </span>
     <span class='ocr_line' id='line_1_77' title="bbox 951 4015 1742 4088; baseline -0.005 -14"><span class='ocrx_word' id='word_1_596' title='bbox 951 4020 1021 4074; x_wconf 84' lang='lat' dir='ltr'><strong>derit</strong></span> <span class='ocrx_word' id='word_1_597' title='bbox 1033 4017 1121 4073; x_wconf 85' lang='lat' dir='ltr'><strong>Filius</strong></span> <span class='ocrx_word' id='word_1_598' title='bbox 1138 4033 1245 4088; x_wconf 85' lang='lat' dir='ltr'><strong>requam</strong></span> <span class='ocrx_word' id='word_1_599' title='bbox 1257 4015 1312 4071; x_wconf 85' lang='lat' dir='ltr'><strong>Deo</strong></span> <span class='ocrx_word' id='word_1_600' title='bbox 1335 4026 1359 4071; x_wconf 87' lang='lat' dir='ltr'><strong>et</strong></span> <span class='ocrx_word' id='word_1_601' title='bbox 1371 4015 1450 4070; x_wconf 82' lang='lat' dir='ltr'><strong>Patri</strong></span> <span class='ocrx_word' id='word_1_602' title='bbox 1469 4031 1551 4069; x_wconf 86' lang='lat' dir='ltr'><strong>:cum</strong></span> <span class='ocrx_word' id='word_1_603' title='bbox 1571 4016 1742 4071; x_wconf 74' lang='lat' dir='ltr'><strong>evacuabitur</strong></span> 
     </span>
     <span class='ocr_line' id='line_1_78' title="bbox 952 4105 1740 4181; baseline -0.008 -16"><span class='ocrx_word' id='word_1_604' title='bbox 952 4111 1038 4165; x_wconf 78' lang='lat' dir='ltr'><strong>emotis</strong></span> <span class='ocrx_word' id='word_1_605' title='bbox 1050 4110 1215 4181; x_wconf 82' lang='lat' dir='ltr'><strong>principatus</strong></span> <span class='ocrx_word' id='word_1_606' title='bbox 1238 4117 1262 4162; x_wconf 86' lang='lat' dir='ltr'><strong>et</strong></span> <span class='ocrx_word' id='word_1_607' title='bbox 1275 4118 1402 4178; x_wconf 87' lang='lat' dir='ltr'><strong>potestus,</strong></span> <span class='ocrx_word' id='word_1_608' title='bbox 1418 4108 1518 4176; x_wconf 74' lang='lat' dir='ltr'><strong>eritque</strong></span> <span class='ocrx_word' id='word_1_609' title='bbox 1531 4105 1601 4159; x_wconf 80' lang='lat' dir='ltr'><strong>Draus</strong></span> <span class='ocrx_word' id='word_1_610' title='bbox 1613 4107 1701 4159; x_wconf 77' lang='lat' dir='ltr'><strong>errrniu</strong></span> <span class='ocrx_word' id='word_1_611' title='bbox 1712 4106 1740 4159; x_wconf 90' lang='lat' dir='ltr'><strong>iu</strong></span> 
     </span>
    </p>
   </div>
   <div class='ocr_carea' id='block_1_12' title="bbox 115 4198 1808 5749">
    <p class='ocr_par' dir='ltr' id='par_1_12' title="bbox 115 4198 1743 4467">
     <span class='ocr_line' id='line_1_79' title="bbox 115 4198 1742 4285; baseline -0.007 -22"><span class='ocrx_word' id='word_1_612' title='bbox 115 4222 172 4263; x_wconf 75' lang='lat' dir='ltr'><strong>sue</strong></span> <span class='ocrx_word' id='word_1_613' title='bbox 182 4207 316 4262; x_wconf 86' lang='lat' dir='ltr'><strong>claritatis</strong></span> <span class='ocrx_word' id='word_1_614' title='bbox 333 4219 419 4275; x_wconf 78' lang='lat' dir='ltr'><strong>repno</strong></span> <span class='ocrx_word' id='word_1_615' title='bbox 433 4204 557 4274; x_wconf 77' lang='lat' dir='ltr'><strong>obtingat</strong></span> <span class='ocrx_word' id='word_1_616' title='bbox 573 4202 676 4264; x_wconf 83' lang='lat' dir='ltr'><strong>uidere,</strong></span> <span class='ocrx_word' id='word_1_617' title='bbox 688 4216 751 4257; x_wconf 83' lang='lat' dir='ltr'><strong>cunr</strong></span> <span class='ocrx_word' id='word_1_618' title='bbox 769 4199 850 4255; x_wconf 85' lang='lat' dir='ltr'><strong>Patre</strong></span> <span class='ocrx_word' id='word_1_619' title='bbox 874 4208 908 4285; x_wconf 37' lang='lat' dir='ltr'><strong>et·</strong></span> <span class='ocrx_word' id='word_1_620' title='bbox 952 4202 1074 4258; x_wconf 82' lang='lat' dir='ltr'><strong>omuibus</strong></span> <span class='ocrx_word' id='word_1_621' title='bbox 1089 4200 1116 4273; x_wconf 90' lang='lat' dir='ltr'><strong>(l</strong></span> <span class='ocrx_word' id='word_1_622' title='bbox 1129 4200 1192 4255; x_wconf 84' lang='lat' dir='ltr'><strong>Cor.</strong></span> <span class='ocrx_word' id='word_1_623' title='bbox 1205 4199 1294 4270; x_wconf 83' lang='lat' dir='ltr'><strong>xxru),</strong></span> <span class='ocrx_word' id='word_1_624' title='bbox 1315 4199 1348 4254; x_wconf 95' lang='lat' dir='ltr'><strong>ad</strong></span> <span class='ocrx_word' id='word_1_625' title='bbox 1364 4199 1479 4268; x_wconf 75' lang='lat' dir='ltr'><strong>pluriam</strong></span> <span class='ocrx_word' id='word_1_626' title='bbox 1499 4206 1525 4252; x_wconf 91' lang='lat' dir='ltr'><strong>ct</strong></span> <span class='ocrx_word' id='word_1_627' title='bbox 1538 4211 1644 4268; x_wconf 86' lang='lat' dir='ltr'><strong>pacem,</strong></span> <span class='ocrx_word' id='word_1_628' title='bbox 1656 4206 1684 4251; x_wconf 87' lang='lat' dir='ltr'><strong>et</strong></span> <span class='ocrx_word' id='word_1_629' title='bbox 1696 4198 1742 4268; x_wconf 84' lang='lat' dir='ltr'><strong>jur·</strong></span> 
     </span>
     <span class='ocr_line' id='line_1_80' title="bbox 116 4288 1743 4393; baseline -0.006 -40"><span class='ocrx_word' id='word_1_630' title='bbox 116 4297 218 4369; x_wconf 82' lang='lat' dir='ltr'><strong>Spiritu</strong></span> <span class='ocrx_word' id='word_1_631' title='bbox 234 4307 339 4352; x_wconf 87' lang='lat' dir='ltr'><strong>sanctu.</strong></span> <span class='ocrx_word' id='word_1_632' title='bbox 352 4296 450 4351; x_wconf 76' lang='lat' dir='ltr'><strong>Amen.</strong></span> <span class='ocrx_word' id='word_1_633' title='bbox 917 4294 1132 4393; x_wconf 60' lang='lat' dir='ltr'><strong>„moditatem</strong></span> <span class='ocrx_word' id='word_1_634' title='bbox 1147 4298 1173 4347; x_wconf 89' lang='lat' dir='ltr'><strong>ct</strong></span> <span class='ocrx_word' id='word_1_635' title='bbox 1188 4291 1321 4355; x_wconf 77' lang='lat' dir='ltr'><strong>letitiam,</strong></span> <span class='ocrx_word' id='word_1_636' title='bbox 1337 4299 1365 4346; x_wconf 91' lang='lat' dir='ltr'><strong>et</strong></span> <span class='ocrx_word' id='word_1_637' title='bbox 1384 4290 1570 4353; x_wconf 86' lang='lat' dir='ltr'><strong>securitatem,</strong></span> <span class='ocrx_word' id='word_1_638' title='bbox 1587 4289 1659 4345; x_wconf 91' lang='lat' dir='ltr'><strong>sieut</strong></span> <span class='ocrx_word' id='word_1_639' title='bbox 1673 4288 1743 4344; x_wconf 90' lang='lat' dir='ltr'><strong>scri·</strong></span> 
     </span>
     <span class='ocr_line' id='line_1_81' title="bbox 397 4381 1743 4467; baseline -0.004 -25"><span class='ocrx_word' id='word_1_640' title='bbox 397 4384 513 4442; x_wconf 74' lang='lat' dir='ltr'><strong>stulto</strong></span> <span class='ocrx_word' id='word_1_641' title='bbox 527 4384 617 4441; x_wconf 77' lang='lat' dir='ltr'><strong>Xhlll.</strong></span> <span class='ocrx_word' id='word_1_642' title='bbox 955 4396 1032 4456; x_wconf 89' lang='lat' dir='ltr'><strong>ptum</strong></span> <span class='ocrx_word' id='word_1_643' title='bbox 1056 4392 1122 4467; x_wconf 23' lang='lat' dir='ltr'><strong>ests:</strong></span> <span class='ocrx_word' id='word_1_644' title='bbox 1137 4383 1247 4453; x_wconf 68' lang='lat' dir='ltr'><strong>dusares</strong></span> <span class='ocrx_word' id='word_1_645' title='bbox 1267 4384 1390 4452; x_wconf 85' lang='lat' dir='ltr'><strong>spiritura</strong></span> <span class='ocrx_word' id='word_1_646' title='bbox 1410 4396 1500 4436; x_wconf 80' lang='lat' dir='ltr'><strong>ceream</strong></span> <span class='ocrx_word' id='word_1_647' title='bbox 1521 4390 1546 4435; x_wconf 88' lang='lat' dir='ltr'><strong>et</strong></span> <span class='ocrx_word' id='word_1_648' title='bbox 1566 4381 1743 4450; x_wconf 63' lang='lat' dir='ltr'><strong>deprimunt</strong></span> 
     </span>
    </p>

    <p class='ocr_par' dir='ltr' id='par_1_13' title="bbox 337 4472 1742 4548">
     <span class='ocr_line' id='line_1_82' title="bbox 337 4472 1742 4548; baseline -0.008 -10"><span class='ocrx_word' id='word_1_649' title='bbox 337 4498 365 4538; x_wconf 80' lang='lat' dir='ltr'><strong>tu</strong></span> <span class='ocrx_word' id='word_1_650' title='bbox 383 4496 429 4537; x_wconf 81' lang='lat' dir='ltr'><strong>nts</strong></span> <span class='ocrx_word' id='word_1_651' title='bbox 447 4492 633 4535; x_wconf 75' lang='lat' dir='ltr'><strong>marecosrss</strong></span> <span class='ocrx_word' id='word_1_652' title='bbox 652 4493 672 4533; x_wconf 88' lang='lat' dir='ltr'><strong>t.</strong></span> <span class='ocrx_word' id='word_1_653' title='bbox 955 4481 982 4533; x_wconf 88' lang='lat' dir='ltr'><strong>iu</strong></span> <span class='ocrx_word' id='word_1_654' title='bbox 994 4477 1125 4548; x_wconf 85' lang='lat' dir='ltr'><strong>puluerem</strong></span> <span class='ocrx_word' id='word_1_655' title='bbox 1137 4493 1213 4530; x_wconf 89' lang='lat' dir='ltr'><strong>suum</strong></span> <span class='ocrx_word' id='word_1_656' title='bbox 1225 4483 1395 4529; x_wconf 83' lang='lat' dir='ltr'><strong>reuertentur.</strong></span> <span class='ocrx_word' id='word_1_657' title='bbox 1410 4472 1510 4528; x_wconf 79' lang='lat' dir='ltr'><strong>Emitte</strong></span> <span class='ocrx_word' id='word_1_658' title='bbox 1522 4475 1645 4544; x_wconf 88' lang='lat' dir='ltr'><strong>spiritum</strong></span> <span class='ocrx_word' id='word_1_659' title='bbox 1656 4484 1742 4541; x_wconf 83' lang='lat' dir='ltr'><strong>trram,</strong></span> 
     </span>
    </p>

    <p class='ocr_par' dir='ltr' id='par_1_14' title="bbox 116 4557 1808 5749">
     <span class='ocr_line' id='line_1_83' title="bbox 152 4557 1742 4649; baseline -0.013 -16"><span class='ocrx_word' id='word_1_660' title='bbox 152 4574 271 4649; x_wconf 79' lang='lat' dir='ltr'><strong>Spiritus</strong></span> <span class='ocrx_word' id='word_1_661' title='bbox 297 4584 419 4638; x_wconf 83' lang='lat' dir='ltr'><strong>sanctus,</strong></span> <span class='ocrx_word' id='word_1_662' title='bbox 445 4569 635 4633; x_wconf 85' lang='lat' dir='ltr'><strong>dilectissimi,</strong></span> <span class='ocrx_word' id='word_1_663' title='bbox 659 4568 741 4624; x_wconf 85' lang='lat' dir='ltr'><strong>bodie</strong></span> <span class='ocrx_word' id='word_1_664' title='bbox 763 4567 844 4622; x_wconf 89' lang='lat' dir='ltr'><strong>datur</strong></span> <span class='ocrx_word' id='word_1_665' title='bbox 869 4565 903 4622; x_wconf 87' lang='lat' dir='ltr'><strong>de</strong></span> <span class='ocrx_word' id='word_1_666' title='bbox 952 4566 1159 4629; x_wconf 85' lang='lat' dir='ltr'><strong>etcreabnatar,</strong></span> <span class='ocrx_word' id='word_1_667' title='bbox 1175 4576 1200 4619; x_wconf 88' lang='lat' dir='ltr'><strong>et</strong></span> <span class='ocrx_word' id='word_1_668' title='bbox 1214 4562 1350 4617; x_wconf 77' lang='lat' dir='ltr'><strong>retrocedis</strong></span> <span class='ocrx_word' id='word_1_669' title='bbox 1371 4562 1465 4632; x_wconf 75' lang='lat' dir='ltr'><strong>[aciem</strong></span> <span class='ocrx_word' id='word_1_670' title='bbox 1488 4569 1575 4615; x_wconf 82' lang='lat' dir='ltr'><strong>terre.</strong></span> <span class='ocrx_word' id='word_1_671' title='bbox 1601 4557 1642 4614; x_wconf 84' lang='lat' dir='ltr'><strong>su</strong></span> <span class='ocrx_word' id='word_1_672' title='bbox 1656 4557 1742 4629; x_wconf 78' lang='lat' dir='ltr'><strong>pluria</strong></span> 
     </span>
     <span class='ocr_line' id='line_1_84' title="bbox 116 4650 1742 4737; baseline -0.012 -13"><span class='ocrx_word' id='word_1_673' title='bbox 116 4668 208 4732; x_wconf 84' lang='lat' dir='ltr'><strong>coelis;</strong></span> <span class='ocrx_word' id='word_1_674' title='bbox 224 4666 271 4737; x_wconf 91' lang='lat' dir='ltr'><strong>qni</strong></span> <span class='ocrx_word' id='word_1_675' title='bbox 288 4667 360 4722; x_wconf 91' lang='lat' dir='ltr'><strong>idem</strong></span> <span class='ocrx_word' id='word_1_676' title='bbox 371 4663 524 4726; x_wconf 85' lang='lat' dir='ltr'><strong>abeodem,</strong></span> <span class='ocrx_word' id='word_1_677' title='bbox 536 4672 562 4717; x_wconf 88' lang='lat' dir='ltr'><strong>et</strong></span> <span class='ocrx_word' id='word_1_678' title='bbox 579 4659 675 4715; x_wconf 85' lang='lat' dir='ltr'><strong>iisdem</strong></span> <span class='ocrx_word' id='word_1_679' title='bbox 690 4661 770 4716; x_wconf 88' lang='lat' dir='ltr'><strong>datus</strong></span> <span class='ocrx_word' id='word_1_680' title='bbox 783 4667 824 4715; x_wconf 85' lang='lat' dir='ltr'><strong>est</strong></span> <span class='ocrx_word' id='word_1_681' title='bbox 837 4657 902 4713; x_wconf 88' lang='lat' dir='ltr'><strong>olim</strong></span> <span class='ocrx_word' id='word_1_682' title='bbox 954 4659 1062 4714; x_wconf 74' lang='lat' dir='ltr'><strong>hauriri</strong></span> <span class='ocrx_word' id='word_1_683' title='bbox 1073 4660 1099 4711; x_wconf 87' lang='lat' dir='ltr'><strong>iu</strong></span> <span class='ocrx_word' id='word_1_684' title='bbox 1113 4656 1250 4720; x_wconf 76' lang='lat' dir='ltr'><strong>saeuitum,</strong></span> <span class='ocrx_word' id='word_1_685' title='bbox 1272 4654 1408 4709; x_wconf 84' lang='lat' dir='ltr'><strong>letabitur</strong></span> <span class='ocrx_word' id='word_1_686' title='bbox 1423 4651 1553 4707; x_wconf 74' lang='lat' dir='ltr'><strong>homirius</strong></span> <span class='ocrx_word' id='word_1_687' title='bbox 1577 4652 1603 4705; x_wconf 91' lang='lat' dir='ltr'><strong>iu</strong></span> <span class='ocrx_word' id='word_1_688' title='bbox 1620 4650 1742 4720; x_wconf 80' lang='lat' dir='ltr'><strong>operibus</strong></span> 
     </span>
     <span class='ocr_line' id='line_1_85' title="bbox 116 4741 1742 4829; baseline -0.014 -13"><span class='ocrx_word' id='word_1_689' title='bbox 116 4759 247 4816; x_wconf 87' lang='lat' dir='ltr'><strong>interris.</strong></span> <span class='ocrx_word' id='word_1_690' title='bbox 261 4758 294 4814; x_wconf 85' lang='lat' dir='ltr'><strong>Et</strong></span> <span class='ocrx_word' id='word_1_691' title='bbox 309 4758 370 4815; x_wconf 90' lang='lat' dir='ltr'><strong>ideo</strong></span> <span class='ocrx_word' id='word_1_692' title='bbox 383 4756 560 4829; x_wconf 74' lang='lat' dir='ltr'><strong>querendum</strong></span> <span class='ocrx_word' id='word_1_693' title='bbox 574 4754 777 4822; x_wconf 83' lang='lat' dir='ltr'><strong>videturqnare</strong></span> <span class='ocrx_word' id='word_1_694' title='bbox 791 4751 844 4806; x_wconf 90' lang='lat' dir='ltr'><strong>hoc</strong></span> <span class='ocrx_word' id='word_1_695' title='bbox 859 4751 904 4806; x_wconf 88' lang='lat' dir='ltr'><strong>ille</strong></span> <span class='ocrx_word' id='word_1_696' title='bbox 954 4751 1012 4803; x_wconf 89' lang='lat' dir='ltr'><strong>suis</strong></span> <span class='ocrx_word' id='word_1_697' title='bbox 1024 4747 1111 4816; x_wconf 75' lang='lat' dir='ltr'><strong>(Paul.</strong></span> <span class='ocrx_word' id='word_1_698' title='bbox 1124 4748 1194 4813; x_wconf 78' lang='lat' dir='ltr'><strong>erut).</strong></span> <span class='ocrx_word' id='word_1_699' title='bbox 1210 4743 1270 4799; x_wconf 90' lang='lat' dir='ltr'><strong>lloe</strong></span> <span class='ocrx_word' id='word_1_700' title='bbox 1284 4752 1325 4799; x_wconf 90' lang='lat' dir='ltr'><strong>est</strong></span> <span class='ocrx_word' id='word_1_701' title='bbox 1346 4744 1450 4799; x_wconf 90' lang='lat' dir='ltr'><strong>dunum</strong></span> <span class='ocrx_word' id='word_1_702' title='bbox 1468 4741 1583 4811; x_wconf 88' lang='lat' dir='ltr'><strong>spiritus</strong></span> <span class='ocrx_word' id='word_1_703' title='bbox 1602 4741 1742 4811; x_wconf 87' lang='lat' dir='ltr'><strong>principa-</strong></span> 
     </span>
     <span class='ocr_line' id='line_1_86' title="bbox 117 4831 1741 4920; baseline -0.012 -15"><span class='ocrx_word' id='word_1_704' title='bbox 117 4850 191 4917; x_wconf 85' lang='lat' dir='ltr'><strong>iecit,</strong></span> <span class='ocrx_word' id='word_1_705' title='bbox 208 4866 223 4906; x_wconf 91' lang='lat' dir='ltr'><strong>a</strong></span> <span class='ocrx_word' id='word_1_706' title='bbox 239 4866 294 4920; x_wconf 93' lang='lat' dir='ltr'><strong>quo</strong></span> <span class='ocrx_word' id='word_1_707' title='bbox 307 4849 367 4905; x_wconf 88' lang='lat' dir='ltr'><strong>siue</strong></span> <span class='ocrx_word' id='word_1_708' title='bbox 385 4845 539 4903; x_wconf 68' lang='lat' dir='ltr'><strong>rationabili</strong></span> <span class='ocrx_word' id='word_1_709' title='bbox 552 4858 635 4900; x_wconf 80' lang='lat' dir='ltr'><strong>caussa</strong></span> <span class='ocrx_word' id='word_1_710' title='bbox 650 4845 718 4899; x_wconf 90' lang='lat' dir='ltr'><strong>nihil</strong></span> <span class='ocrx_word' id='word_1_711' title='bbox 735 4841 902 4913; x_wconf 85' lang='lat' dir='ltr'><strong>heripotuit.</strong></span> <span class='ocrx_word' id='word_1_712' title='bbox 954 4840 989 4895; x_wconf 84' lang='lat' dir='ltr'><strong>lis</strong></span> <span class='ocrx_word' id='word_1_713' title='bbox 1001 4840 1033 4895; x_wconf 86' lang='lat' dir='ltr'><strong>ad</strong></span> <span class='ocrx_word' id='word_1_714' title='bbox 1053 4838 1301 4895; x_wconf 82' lang='lat' dir='ltr'><strong>cnuthumationem.</strong></span> <span class='ocrx_word' id='word_1_715' title='bbox 1323 4842 1386 4904; x_wconf 90' lang='lat' dir='ltr'><strong>post</strong></span> <span class='ocrx_word' id='word_1_716' title='bbox 1398 4846 1507 4889; x_wconf 90' lang='lat' dir='ltr'><strong>omnem</strong></span> <span class='ocrx_word' id='word_1_717' title='bbox 1531 4831 1716 4886; x_wconf 84' lang='lat' dir='ltr'><strong>iuthnritatcm</strong></span> <span class='ocrx_word' id='word_1_718' title='bbox 1733 4850 1741 4886; x_wconf 74' lang='grc' dir='ltr'><strong>ε</strong></span> 
     </span>
     <span class='ocr_line' id='line_1_87' title="bbox 117 4920 1743 5011; baseline -0.015 -13"><span class='ocrx_word' id='word_1_719' title='bbox 117 4941 311 4998; x_wconf 70' lang='lat' dir='ltr'><strong>Verumtamen</strong></span> <span class='ocrx_word' id='word_1_720' title='bbox 338 4943 361 4996; x_wconf 90' lang='lat' dir='ltr'><strong>is</strong></span> <span class='ocrx_word' id='word_1_721' title='bbox 379 4940 427 5011; x_wconf 91' lang='lat' dir='ltr'><strong>qui</strong></span> <span class='ocrx_word' id='word_1_722' title='bbox 444 4938 526 4997; x_wconf 78' lang='lat' dir='ltr'><strong>simul.</strong></span> <span class='ocrx_word' id='word_1_723' title='bbox 549 4949 576 4992; x_wconf 91' lang='lat' dir='ltr'><strong>et</strong></span> <span class='ocrx_word' id='word_1_724' title='bbox 606 4936 688 4992; x_wconf 78' lang='lat' dir='ltr'><strong>semel</strong></span> <span class='ocrx_word' id='word_1_725' title='bbox 707 4934 903 5004; x_wconf 87' lang='lat' dir='ltr'><strong>plenitudinem</strong></span> <span class='ocrx_word' id='word_1_726' title='bbox 954 4946 1036 5001; x_wconf 89' lang='lat' dir='ltr'><strong>quem</strong></span> <span class='ocrx_word' id='word_1_727' title='bbox 1064 4929 1205 5000; x_wconf 90' lang='lat' dir='ltr'><strong>postulans</strong></span> <span class='ocrx_word' id='word_1_728' title='bbox 1234 4923 1368 4996; x_wconf 78' lang='lat' dir='ltr'><strong>Propheta</strong></span> <span class='ocrx_word' id='word_1_729' title='bbox 1397 4923 1458 4977; x_wconf 91' lang='lat' dir='ltr'><strong>ait:</strong></span> <span class='ocrx_word' id='word_1_730' title='bbox 1476 4922 1578 4991; x_wconf 50' lang='lat' dir='ltr'><strong>Spiritu</strong></span> <span class='ocrx_word' id='word_1_731' title='bbox 1600 4920 1743 4991; x_wconf 87' lang='lat' dir='ltr'><strong>principali</strong></span> 
     </span>
     <span class='ocr_line' id='line_1_88' title="bbox 116 5010 1742 5103; baseline -0.017 -14"><span class='ocrx_word' id='word_1_732' title='bbox 116 5035 201 5098; x_wconf 90' lang='lat' dir='ltr'><strong>illius,</strong></span> <span class='ocrx_word' id='word_1_733' title='bbox 218 5034 252 5088; x_wconf 92' lang='lat' dir='ltr'><strong>de</strong></span> <span class='ocrx_word' id='word_1_734' title='bbox 264 5048 320 5103; x_wconf 91' lang='lat' dir='ltr'><strong>quo</strong></span> <span class='ocrx_word' id='word_1_735' title='bbox 334 5041 484 5101; x_wconf 87' lang='lat' dir='ltr'><strong>conceptus</strong></span> <span class='ocrx_word' id='word_1_736' title='bbox 502 5040 555 5096; x_wconf 90' lang='lat' dir='ltr'><strong>est,</strong></span> <span class='ocrx_word' id='word_1_737' title='bbox 576 5027 696 5099; x_wconf 86' lang='lat' dir='ltr'><strong>Spiritus</strong></span> <span class='ocrx_word' id='word_1_738' title='bbox 719 5025 806 5081; x_wconf 90' lang='lat' dir='ltr'><strong>sancti</strong></span> <span class='ocrx_word' id='word_1_739' title='bbox 823 5038 904 5101; x_wconf 68' lang='lat' dir='ltr'><strong>acee-</strong></span> <span class='ocrx_word' id='word_1_740' title='bbox 954 5022 1084 5093; x_wconf 72' lang='lat' dir='ltr'><strong>cooperire</strong></span> <span class='ocrx_word' id='word_1_741' title='bbox 1097 5035 1138 5073; x_wconf 82' lang='lat' dir='ltr'><strong>me</strong></span> <span class='ocrx_word' id='word_1_742' title='bbox 1154 5017 1242 5085; x_wconf 80' lang='lat' dir='ltr'><strong>(i‘rut.</strong></span> <span class='ocrx_word' id='word_1_743' title='bbox 1259 5016 1297 5083; x_wconf 81' lang='lat' dir='ltr'><strong>t),</strong></span> <span class='ocrx_word' id='word_1_744' title='bbox 1313 5015 1359 5086; x_wconf 88' lang='lat' dir='ltr'><strong>qui</strong></span> <span class='ocrx_word' id='word_1_745' title='bbox 1374 5015 1431 5083; x_wconf 83' lang='lat' dir='ltr'><strong>jam</strong></span> <span class='ocrx_word' id='word_1_746' title='bbox 1445 5019 1588 5082; x_wconf 87' lang='lat' dir='ltr'><strong>acceperat</strong></span> <span class='ocrx_word' id='word_1_747' title='bbox 1610 5010 1742 5079; x_wconf 77' lang='lat' dir='ltr'><strong>Sp²ritum</strong></span> 
     </span>
     <span class='ocr_line' id='line_1_89' title="bbox 116 5099 1742 5200; baseline -0.022 -15"><span class='ocrx_word' id='word_1_748' title='bbox 116 5130 169 5200; x_wconf 86' lang='lat' dir='ltr'><strong>pit;</strong></span> <span class='ocrx_word' id='word_1_749' title='bbox 188 5129 291 5199; x_wconf 88' lang='lat' dir='ltr'><strong>quibus</strong></span> <span class='ocrx_word' id='word_1_750' title='bbox 303 5137 331 5183; x_wconf 90' lang='lat' dir='ltr'><strong>ct</strong></span> <span class='ocrx_word' id='word_1_751' title='bbox 344 5128 465 5200; x_wconf 92' lang='lat' dir='ltr'><strong>quaudo,</strong></span> <span class='ocrx_word' id='word_1_752' title='bbox 491 5134 519 5181; x_wconf 90' lang='lat' dir='ltr'><strong>et</strong></span> <span class='ocrx_word' id='word_1_753' title='bbox 540 5133 673 5195; x_wconf 88' lang='lat' dir='ltr'><strong>quantum</strong></span> <span class='ocrx_word' id='word_1_754' title='bbox 688 5121 785 5187; x_wconf 74' lang='lat' dir='ltr'><strong>calluit,</strong></span> <span class='ocrx_word' id='word_1_755' title='bbox 811 5121 905 5177; x_wconf 48' lang='lat' dir='ltr'><strong>distri,</strong></span> <span class='ocrx_word' id='word_1_756' title='bbox 955 5119 1081 5165; x_wconf 82' lang='lat' dir='ltr'><strong>sanctum</strong></span> <span class='ocrx_word' id='word_1_757' title='bbox 1095 5108 1128 5163; x_wconf 91' lang='lat' dir='ltr'><strong>ad</strong></span> <span class='ocrx_word' id='word_1_758' title='bbox 1139 5102 1373 5178; x_wconf 77' lang='lat' dir='ltr'><strong>iustihcatidncm,</strong></span> <span class='ocrx_word' id='word_1_759' title='bbox 1389 5113 1417 5157; x_wconf 89' lang='lat' dir='ltr'><strong>et</strong></span> <span class='ocrx_word' id='word_1_760' title='bbox 1429 5101 1554 5172; x_wconf 87' lang='lat' dir='ltr'><strong>spiritum</strong></span> <span class='ocrx_word' id='word_1_761' title='bbox 1579 5102 1695 5161; x_wconf 81' lang='lat' dir='ltr'><strong>rectum,</strong></span> <span class='ocrx_word' id='word_1_762' title='bbox 1709 5099 1742 5151; x_wconf 91' lang='lat' dir='ltr'><strong>ad</strong></span> 
     </span>
     <span class='ocr_line' id='line_1_90' title="bbox 116 5189 1742 5293; baseline -0.02 -20"><span class='ocrx_word' id='word_1_763' title='bbox 116 5219 186 5274; x_wconf 73' lang='lat' dir='ltr'><strong>lusit.</strong></span> <span class='ocrx_word' id='word_1_764' title='bbox 202 5218 279 5274; x_wconf 86' lang='lat' dir='ltr'><strong>Unde</strong></span> <span class='ocrx_word' id='word_1_765' title='bbox 292 5217 441 5289; x_wconf 80' lang='lat' dir='ltr'><strong>Apostolus</strong></span> <span class='ocrx_word' id='word_1_766' title='bbox 465 5215 635 5285; x_wconf 83' lang='lat' dir='ltr'><strong>:Unicuique</strong></span> <span class='ocrx_word' id='word_1_767' title='bbox 651 5222 768 5267; x_wconf 85' lang='lat' dir='ltr'><strong>uestrum</strong></span> <span class='ocrx_word' id='word_1_768' title='bbox 788 5212 853 5265; x_wconf 82' lang='lat' dir='ltr'><strong>dato</strong></span> <span class='ocrx_word' id='word_1_769' title='bbox 866 5219 905 5264; x_wconf 83' lang='lat' dir='ltr'><strong>est</strong></span> <span class='ocrx_word' id='word_1_770' title='bbox 955 5200 1175 5256; x_wconf 78' lang='lat' dir='ltr'><strong>couversionem.</strong></span> <span class='ocrx_word' id='word_1_771' title='bbox 1202 5195 1305 5266; x_wconf 89' lang='lat' dir='ltr'><strong>Spiritu</strong></span> <span class='ocrx_word' id='word_1_772' title='bbox 1339 5195 1413 5250; x_wconf 88' lang='lat' dir='ltr'><strong>enim</strong></span> <span class='ocrx_word' id='word_1_773' title='bbox 1440 5200 1515 5246; x_wconf 87' lang='lat' dir='ltr'><strong>rectu</strong></span> <span class='ocrx_word' id='word_1_774' title='bbox 1531 5191 1685 5293; x_wconf 78' lang='lat' dir='ltr'><strong>dirigimur</strong></span> <span class='ocrx_word' id='word_1_775' title='bbox 1709 5189 1742 5241; x_wconf 86' lang='lat' dir='ltr'><strong>ud</strong></span> 
     </span>
     <span class='ocr_line' id='line_1_91' title="bbox 116 5279 1808 5386; baseline -0.02 -22"><span class='ocrx_word' id='word_1_776' title='bbox 116 5311 221 5383; x_wconf 68' lang='lat' dir='ltr'><strong>pratici,</strong></span> <span class='ocrx_word' id='word_1_777' title='bbox 255 5310 400 5365; x_wconf 84' lang='lat' dir='ltr'><strong>secuudum</strong></span> <span class='ocrx_word' id='word_1_778' title='bbox 433 5325 583 5363; x_wconf 84' lang='lat' dir='ltr'><strong>mensuram</strong></span> <span class='ocrx_word' id='word_1_779' title='bbox 619 5306 771 5362; x_wconf 77' lang='lat' dir='ltr'><strong>desertionis</strong></span> <span class='ocrx_word' id='word_1_780' title='bbox 805 5302 906 5359; x_wconf 78' lang='lat' dir='ltr'><strong>Curiati</strong></span> <span class='ocrx_word' id='word_1_781' title='bbox 956 5295 1042 5351; x_wconf 78' lang='lat' dir='ltr'><strong>Derim</strong></span> <span class='ocrx_word' id='word_1_782' title='bbox 1072 5310 1079 5347; x_wconf 94' lang='lat'>:</span> <span class='ocrx_word' id='word_1_783' title='bbox 1110 5289 1213 5362; x_wconf 86' lang='lat' dir='ltr'><strong>Spiritu</strong></span> <span class='ocrx_word' id='word_1_784' title='bbox 1240 5300 1337 5345; x_wconf 88' lang='lat' dir='ltr'><strong>sancto</strong></span> <span class='ocrx_word' id='word_1_785' title='bbox 1361 5288 1533 5343; x_wconf 76' lang='lat' dir='ltr'><strong>superemus</strong></span> <span class='ocrx_word' id='word_1_786' title='bbox 1561 5282 1623 5386; x_wconf 52' lang='lat' dir='ltr'><strong>imf</strong></span> <span class='ocrx_word' id='word_1_787' title='bbox 1639 5279 1742 5351; x_wconf 79' lang='lat' dir='ltr'><strong>Spiritu</strong></span> <span class='ocrx_word' id='word_1_788' title='bbox 1803 5348 1808 5360; x_wconf 92' lang='lat'>.</span> 
     </span>
     <span class='ocr_line' id='line_1_92' title="bbox 117 5374 1744 5475; baseline -0.014 -27"><span class='ocrx_word' id='word_1_789' title='bbox 117 5401 448 5475; x_wconf 54' lang='lat' dir='ltr'><strong>(Eplpeg‚1q·),Quiergo‚</strong></span> <span class='ocrx_word' id='word_1_790' title='bbox 472 5409 502 5456; x_wconf 75' lang='lat' dir='ltr'><strong>ut</strong></span> <span class='ocrx_word' id='word_1_791' title='bbox 520 5401 561 5457; x_wconf 70' lang='lat' dir='ltr'><strong>sic</strong></span> <span class='ocrx_word' id='word_1_792' title='bbox 577 5400 680 5456; x_wconf 60' lang='lat' dir='ltr'><strong>(lictum</strong></span> <span class='ocrx_word' id='word_1_793' title='bbox 698 5399 744 5463; x_wconf 58' lang='lat' dir='ltr'><strong>sit,</strong></span> <span class='ocrx_word' id='word_1_794' title='bbox 762 5412 906 5453; x_wconf 69' lang='lat' dir='ltr'><strong>mensur-a.</strong></span> <span class='ocrx_word' id='word_1_795' title='bbox 956 5384 1099 5459; x_wconf 69' lang='lat' dir='ltr'><strong>principaii</strong></span> <span class='ocrx_word' id='word_1_796' title='bbox 1126 5399 1179 5438; x_wconf 88' lang='lat' dir='ltr'><strong>non</strong></span> <span class='ocrx_word' id='word_1_797' title='bbox 1205 5381 1373 5437; x_wconf 83' lang='lat' dir='ltr'><strong>discedimus</strong></span> <span class='ocrx_word' id='word_1_798' title='bbox 1398 5380 1432 5432; x_wconf 79' lang='lat' dir='ltr'><strong>ab</strong></span> <span class='ocrx_word' id='word_1_799' title='bbox 1454 5377 1511 5431; x_wconf 77' lang='grc' dir='ltr'><strong>ῙΙΙθ.</strong></span> <span class='ocrx_word' id='word_1_800' title='bbox 1542 5374 1644 5444; x_wconf 71' lang='lat' dir='ltr'><strong>Sptttltt</strong></span> <span class='ocrx_word' id='word_1_801' title='bbox 1669 5379 1744 5428; x_wconf 58' lang='lat' dir='ltr'><strong>licii)</strong></span> 
     </span>
     <span class='ocr_line' id='line_1_93' title="bbox 116 5467 1745 5568; baseline -0.018 -21"><span class='ocrx_word' id='word_1_802' title='bbox 116 5498 167 5561; x_wconf 80' lang='lat' dir='ltr'><strong>eit,</strong></span> <span class='ocrx_word' id='word_1_803' title='bbox 183 5509 232 5551; x_wconf 87' lang='lat' dir='ltr'><strong>nec</strong></span> <span class='ocrx_word' id='word_1_804' title='bbox 247 5495 274 5548; x_wconf 93' lang='lat' dir='ltr'><strong>iu</strong></span> <span class='ocrx_word' id='word_1_805' title='bbox 286 5509 414 5564; x_wconf 88' lang='lat' dir='ltr'><strong>persona,</strong></span> <span class='ocrx_word' id='word_1_806' title='bbox 430 5510 480 5548; x_wconf 91' lang='lat' dir='ltr'><strong>uec</strong></span> <span class='ocrx_word' id='word_1_807' title='bbox 494 5493 521 5548; x_wconf 91' lang='lat' dir='ltr'><strong>in</strong></span> <span class='ocrx_word' id='word_1_808' title='bbox 543 5500 676 5562; x_wconf 87' lang='lat' dir='ltr'><strong>tempore,</strong></span> <span class='ocrx_word' id='word_1_809' title='bbox 691 5505 741 5546; x_wconf 83' lang='lat' dir='ltr'><strong>uec</strong></span> <span class='ocrx_word' id='word_1_810' title='bbox 754 5489 781 5544; x_wconf 93' lang='lat' dir='ltr'><strong>in</strong></span> <span class='ocrx_word' id='word_1_811' title='bbox 796 5488 905 5558; x_wconf 83' lang='lat' dir='ltr'><strong>quanti·</strong></span> <span class='ocrx_word' id='word_1_812' title='bbox 956 5480 1147 5549; x_wconf 76' lang='lat' dir='ltr'><strong>corripimura</strong></span> <span class='ocrx_word' id='word_1_813' title='bbox 1164 5476 1237 5531; x_wconf 86' lang='lat' dir='ltr'><strong>malo</strong></span> <span class='ocrx_word' id='word_1_814' title='bbox 1257 5494 1263 5530; x_wconf 93' lang='lat'><strong>:</strong></span> <span class='ocrx_word' id='word_1_815' title='bbox 1287 5473 1391 5544; x_wconf 86' lang='lat' dir='ltr'><strong>Spiritu</strong></span> <span class='ocrx_word' id='word_1_816' title='bbox 1417 5480 1513 5528; x_wconf 88' lang='lat' dir='ltr'><strong>sancto</strong></span> <span class='ocrx_word' id='word_1_817' title='bbox 1531 5467 1745 5568; x_wconf 75' lang='lat' dir='ltr'><strong>corroboramur</strong></span> 
     </span>
     <span class='ocr_line' id='line_1_94' title="bbox 117 5555 1742 5655; baseline -0.013 -14"><span class='ocrx_word' id='word_1_818' title='bbox 117 5598 172 5643; x_wconf 88' lang='lat' dir='ltr'><strong>tate</strong></span> <span class='ocrx_word' id='word_1_819' title='bbox 183 5586 295 5646; x_wconf 79' lang='lat' dir='ltr'><strong>errarit,</strong></span> <span class='ocrx_word' id='word_1_820' title='bbox 316 5599 367 5641; x_wconf 90' lang='lat' dir='ltr'><strong>nee</strong></span> <span class='ocrx_word' id='word_1_821' title='bbox 383 5585 409 5640; x_wconf 94' lang='lat' dir='ltr'><strong>in</strong></span> <span class='ocrx_word' id='word_1_822' title='bbox 424 5582 593 5655; x_wconf 87' lang='lat' dir='ltr'><strong>plenitudine</strong></span> <span class='ocrx_word' id='word_1_823' title='bbox 620 5591 667 5636; x_wconf 88' lang='lat' dir='ltr'><strong>sut</strong></span> <span class='ocrx_word' id='word_1_824' title='bbox 690 5580 845 5652; x_wconf 84' lang='lat' dir='ltr'><strong>potestatis,</strong></span> <span class='ocrx_word' id='word_1_825' title='bbox 859 5586 905 5631; x_wconf 91' lang='lat' dir='ltr'><strong>aut</strong></span> <span class='ocrx_word' id='word_1_826' title='bbox 956 5570 1107 5623; x_wconf 72' lang='lat' dir='ltr'><strong>otthonum</strong></span> <span class='ocrx_word' id='word_1_827' title='bbox 1125 5584 1133 5620; x_wconf 68' lang='grc' dir='ltr'><em>τ</em></span> <span class='ocrx_word' id='word_1_828' title='bbox 1150 5564 1254 5633; x_wconf 70' lang='lat' dir='ltr'><strong>Spiritu</strong></span> <span class='ocrx_word' id='word_1_829' title='bbox 1273 5561 1418 5635; x_wconf 62' lang='lat' dir='ltr'><strong>principali</strong></span> <span class='ocrx_word' id='word_1_830' title='bbox 1430 5561 1627 5617; x_wconf 62' lang='lat' dir='ltr'><strong>confirmamur</strong></span> <span class='ocrx_word' id='word_1_831' title='bbox 1642 5571 1669 5610; x_wconf 62' lang='grc' dir='ltr'><strong>Μ</strong></span> <span class='ocrx_word' id='word_1_832' title='bbox 1686 5555 1742 5610; x_wconf 76' lang='lat'>¹¹¹⁰·</span> 
     </span>
     <span class='ocr_line' id='line_1_95' title="bbox 117 5650 1744 5749; baseline -0.019 -18"><span class='ocrx_word' id='word_1_833' title='bbox 117 5681 225 5735; x_wconf 80' lang='lat' dir='ltr'><strong>uirtutis</strong></span> <span class='ocrx_word' id='word_1_834' title='bbox 248 5678 459 5749; x_wconf 73' lang='lat' dir='ltr'><strong>arttqioriaesibi</strong></span> <span class='ocrx_word' id='word_1_835' title='bbox 473 5688 639 5746; x_wconf 82' lang='lat' dir='ltr'><strong>quemquam</strong></span> <span class='ocrx_word' id='word_1_836' title='bbox 655 5668 903 5742; x_wconf 69' lang='lat' dir='ltr'><strong>compositoris,</strong></span> <span class='ocrx_word' id='word_1_837' title='bbox 958 5661 1061 5732; x_wconf 85' lang='lat' dir='ltr'><strong>Spiritu</strong></span> <span class='ocrx_word' id='word_1_838' title='bbox 1087 5670 1162 5714; x_wconf 90' lang='lat' dir='ltr'><strong>recto</strong></span> <span class='ocrx_word' id='word_1_839' title='bbox 1179 5658 1346 5712; x_wconf 89' lang='lat' dir='ltr'><strong>declinamus</strong></span> <span class='ocrx_word' id='word_1_840' title='bbox 1369 5670 1384 5709; x_wconf 92' lang='lat' dir='ltr'><strong>a</strong></span> <span class='ocrx_word' id='word_1_841' title='bbox 1408 5655 1498 5715; x_wconf 67' lang='lat' dir='ltr'><strong>malm</strong></span> <span class='ocrx_word' id='word_1_842' title='bbox 1527 5650 1629 5720; x_wconf 85' lang='lat' dir='ltr'><strong>Spauta</strong></span> <span class='ocrx_word' id='word_1_843' title='bbox 1649 5655 1744 5704; x_wconf 83' lang='lat' dir='ltr'><strong>sanctu</strong></span> 
     </span>
    </p>
   </div>
   <div class='ocr_carea' id='block_1_13' title="bbox 295 5744 1567 5834">
    <p class='ocr_par' dir='ltr' id='par_1_15' title="bbox 295 5744 1567 5834">
     <span class='ocr_line' id='line_1_96' title="bbox 295 5744 1567 5834; baseline -0.026 0"><span class='ocrx_word' id='word_1_844' title='bbox 295 5775 430 5834; x_wconf 78' lang='lat' dir='ltr'><strong>Parnon.</strong></span> <span class='ocrx_word' id='word_1_845' title='bbox 450 5770 585 5833; x_wconf 77' lang='lat' dir='ltr'><strong>CXCll‘.</strong></span> <span class='ocrx_word' id='word_1_846' title='bbox 1529 5744 1567 5802; x_wconf 73' lang='lat'><strong>58</strong></span> 
     </span>
    </p>
   </div>
   <div class='ocr_carea' id='block_1_14' title="bbox 0 0 1969 6067">
    <p class='ocr_par' dir='ltr' id='par_1_16' title="bbox 0 0 1969 6067">
     <span class='ocr_line' id='line_1_97' title="bbox 0 0 1969 6067; baseline 0 0"><span class='ocrx_word' id='word_1_847' title='bbox 0 0 1969 6067; x_wconf 95' lang='lat' dir='ltr'><strong> </strong></span> 
     </span>
    </p>
   </div>
  </div>
 </body>
</html>
