3892 6067
149 268 218 327 tere

727 265 828 322 einen
847 265 891 322 DE
911 261 1075 323 AEblFlClO
1088 260 1153 322 uei.

1697 269 1767 329 tntu

146 379 360 452 repellerentur,
374 378 446 449 qnod
460 379 494 433 ab
510 378 594 449 impie
606 379 733 449 piceatum
750 390 840 436 tamen
854 394 929 449 quoe·
944 383 971 443 A
1019 380 1107 433 noem
1118 378 1237 433 inbono!
1252 389 1333 436 tentor
1345 397 1395 436 non
1407 385 1458 438 erit
1469 386 1764 462 efficaciternsfmgfent,

146 469 417 536 renteoderrcntur;
435 470 482 525 sed
507 470 596 539 ipsum
622 471 777 542 largitorem
791 471 932 528 traherent

146 565 180 621 cd
195 565 344 636 pietatem:
360 564 432 622 sicut
446 573 473 619 et
498 564 598 635 impius
619 573 647 620 et
670 562 778 635 gentilis
805 561 931 617 centurio
954 583 957 586 ·

144 669 195 727 per
207 669 273 712 snas
285 655 472 727 eleemosynas
496 663 598 711 tractus
620 655 717 712 estad
738 653 931 710 Christianita-

144 754 211 801 tem.
224 742 288 801 ldeo
303 744 330 800 in
348 744 435 815 figura
451 743 525 800 illius
540 760 573 800 ac
587 744 627 798 ilii
639 743 770 800 similium
784 743 819 799 de
841 756 929 798 mam·

144 849 226 891 mona
239 833 392 905 iniquitatis
405 834 545 890 discedere
570 834 740 889 offerentium
762 832 865 888 dictum
887 841 930 887 est

143 926 249 982 Petro:
265 924 356 981 liceto
369 937 395 980 et
410 925 557 988 menedemus
571 935 598 980 et
618 925 716 981 iterum
733 942 741 979 r
766 923 842 991 Quod
860 923 930 979 liena

143 1015 292 1082 mundarit,
312 1025 342 1072 ιιι
363 1003 501 1070 carnotena
515 1031 546 1069 ne
566 1015 665 1070 diceris
687 1014 758 1086 (det.
772 1032 800 1078 ι,
816 1015 859 1082 lh,
872 1014 928 1085 ll),

141 1105 207 1176 quia
222 1105 316 1160 talium
327 1105 500 1176 eleemosyna
509 1119 562 1160 non
576 1115 618 1161 cst
628 1119 644 1161 a
655 1104 928 1175 sanctisrespoenda3

142 1199 237 1255 talium
252 1199 344 1255 anima
357 1215 411 1255 non
430 1206 474 1255 est
489 1198 631 1254 immunda
651 1198 695 1254 rel
707 1198 863 1255 eommunis
887 1197 930 1252 di·

141 1289 245 1358 cenda;
259 1291 306 1347 sm
319 1289 437 1356 aPetro,
452 1290 479 1346 id
499 1300 541 1348 est
554 1289 676 1360 quolibet
689 1297 785 1345 sancto
806 1289 833 1344 in
849 1287 928 1343 cbri-

1018 458 1125 520 quanter
1138 448 1255 503 illorum.

1017 559 1059 616 Sit
1073 575 1139 632 ergo
1161 562 1257 629 procul
1283 578 1298 617 a
1324 573 1421 621 sancto
1444 567 1560 624 aedificio
1577 578 1674 625 nostro
1687 582 1764 642 porta

981 649 1073 716 inferi,
1092 659 1170 719 porta
1195 651 1303 717 mortis,
1325 667 1386 723 quae
1404 655 1439 709 ab
1466 657 1566 726 injuste
1589 656 1766 715 offerentibus

980 742 1131 799 fabricatur
1150 744 1185 800 de
1208 746 1381 814 ocqtciritione
1403 748 1518 804 sceleris.
1534 749 1690 807 Collocetur
1701 767 1767 807 rere

980 834 1051 889 inter
1068 835 1213 891 saeculares
1235 837 1485 909 eleemosynatores
1510 852 1586 911 porto
1604 844 1766 914 sterquilinii

982 922 1027 995 (ll
1040 923 1123 980 Erdr.
1139 941 1181 990 ιιι,
1194 925 1239 995 le)
1250 941 1298 997 per
1308 930 1462 999 exemplum
1478 931 1629 988 zacnnt'ae
1640 950 1711 1005 saepe
1724 934 1766 991 di·

979 1017 1015 1072 eti
1028 1018 1208 1073 centurionis.
1228 1018 1316 1076 Porro
1338 1017 1421 1078 fontis
1434 1031 1512 1092 porta
1528 1023 1706 1079 reaedificetur
1716 1040 1765 1095 per

979 1108 1114 1179 regularia
1126 1110 1322 1168 canonicorum
1337 1112 1466 1180 claustra,
1478 1114 1506 1170 in
1521 1114 1621 1186 quibus
1634 1116 1708 1171 nulla
1723 1125 1766 1173 εει

978 1199 1118 1270 quartatio
1134 1198 1279 1270 iacienda3
1296 1203 1344 1258 sed
1360 1204 1464 1270 omnia,
1477 1212 1559 1275 prout
1582 1205 1682 1277 cuique
1695 1221 1766 1277 opus

979 1289 1041 1355 erit,
1065 1290 1253 1359 apostolorum
1272 1294 1398 1364 exemplo
1426 1295 1626 1363 distribuenda,
1651 1306 1678 1353 et
1703 1312 1766 1369 qnae

141 1392 185 1440 sto
199 1382 328 1448 solidato,
349 1382 377 1436 in
398 1396 504 1452 eorpus
527 1379 655 1437 Ecclesiae
673 1380 843 1451 trajicienda.
871 1379 929 1436 lloc
978 1378 1173 1448 superfuerint,
1187 1379 1267 1450 juxta
1280 1382 1440 1439 mandatum
1458 1385 1646 1454 evangelicum
1661 1401 1765 1457 paupe·

140 1474 213 1529 enim
231 1473 331 1546 agitur,
345 1473 411 1529 dnm
433 1480 461 1528 ct
479 1486 574 1529 eorum
601 1470 774 1543 eleemosyna
798 1472 825 1526 in
850 1473 928 1529 coelis
978 1467 1053 1525 ribus
1069 1469 1221 1526 tribuenda.
1238 1469 1323 1527 Porro
1339 1472 1385 1527 ubi
1399 1475 1554 1529 eommunis
1566 1475 1622 1530 rita
1638 1491 1693 1531 non
1706 1493 1765 1533 ser·

140 1572 251 1633 accepta
265 1564 443 1634 predicatum
456 1571 484 1619 et
495 1563 599 1620 salubri
611 1562 748 1630 doctrina,
764 1563 839 1618 refut
857 1580 927 1634 qna-
978 1568 1068 1625 ratur,
1082 1569 1225 1616 serventur
1238 1562 1334 1617 saitem
1360 1562 1502 1634 synodalia
1515 1562 1627 1618 Patrem
1644 1572 1762 1632 statuta;

139 1655 203 1710 dam
214 1649 386 1725 bsptismatis
401 1669 573 1725 aqua,mens
587 1670 682 1712 eornm
696 1654 831 1725 baptizata
845 1654 927 1709 Chri·
978 1658 1018 1715 nt,
1036 1651 1108 1706 sieut
1132 1651 1160 1705 in
1187 1667 1352 1724 unaquaque
1378 1654 1533 1724 baptismali
1560 1653 1682 1712 Ecclesia
1702 1655 1764 1712 fons

139 1756 213 1804 stum
228 1746 327 1815 induit,
338 1754 379 1816 ut,
392 1746 518 1819 quamuis
539 1747 622 1803 bomo
645 1747 701 1814 ille,
726 1746 774 1816 qni
797 1746 837 1803 sic
861 1745 927 1802 iacit
944 1715 963 1771 Β
978 1740 1107 1810 baptismi
1121 1741 1250 1811 puritleat
1265 1743 1409 1800 credentes
1434 1759 1483 1813 per
1510 1744 1674 1800 invisibilem
1701 1762 1765 1817 gra·

139 1839 352 1911 eleemosynam,
365 1854 428 1895 cum
454 1839 615 1896 centurione
635 1838 763 1895 Cornelio
778 1853 826 1908 per
841 1838 926 1894 aerio·
977 1832 1055 1898 tiam,
1071 1833 1212 1904 quasiper
1233 1849 1333 1904 aquam
1360 1835 1490 1890 mundam
1505 1855 1512 1890 :
1527 1836 1567 1891 sic
1592 1836 1762 1893 decimarum

78 1952 81 1955 >
139 1947 189 1987 nes
201 1929 295 1986 mundi
323 1929 522 2001 aliquantulum
547 1930 727 1998 distendatur,
743 1939 835 1987 umen
852 1946 927 1987 vcra·

139 2020 207 2075 citer
217 2036 233 2074 a
245 2018 356 2076 Christo
367 2017 542 2075 Christianus
556 2019 674 2075 dicatur.
689 2017 740 2075 llic
758 2020 858 2076 etenim
880 2021 924 2075 in-

138 2108 261 2181 greditur
274 2108 412 2165 eoelestcnr
426 2106 579 2165 ierusalem
605 2122 654 2179 per
666 2116 773 2178 portam
786 2109 926 2180 sterquili-

137 2198 188 2265 nii,
221 2195 345 2253 faciendo
374 2196 428 2253 sibi
451 2197 556 2254 amieos
574 2197 609 2255 de
638 2203 795 2255 mammone
823 2199 924 2270 iniqui·

136 2287 212 2345 tatis.

174 2379 227 2447 Qui
238 2390 328 2437 autem
337 2379 457 2436 alienum
469 2378 619 2440 retinentes
634 2378 669 2436 de
679 2380 781 2437 scelere
796 2381 922 2449 oderunt,

136 2469 223 2525 Deum
238 2470 377 2526 irritantes
389 2477 417 2526 et
433 2470 589 2541 proximum
608 2470 738 2528 laedentes
762 2487 810 2542 per
832 2484 924 2543 portas

137 2561 215 2618 inferi
231 2561 265 2617 ad
280 2570 394 2618 mortem
406 2570 538 2629 currunt;
564 2570 672 2632 portam
698 2577 765 2630 vero
787 2562 923 2632 sterquili-

137 2650 188 2719 nii,
203 2665 257 2721 qua
269 2650 297 2705 in
308 2649 445 2707 civitatem
462 2658 585 2706 sancum
599 2651 797 2720 ingrediamur,
817 2666 871 2705 non
884 2652 924 2706 in-

976 1923 1066 1992 portio
1080 1931 1178 1994 quarta
1195 1938 1271 1979 more
1287 1923 1370 1980 fontis
1382 1926 1475 1996 iugem
1490 1941 1523 1981 ac
1545 1925 1676 1982 mundam
1693 1928 1763 1985 refe·

975 2013 1093 2069 ctionem
1109 2015 1236 2084 prebens
1250 2017 1410 2072 consoletur
1422 2016 1576 2087 indigentes
1601 2033 1650 2089 per
1663 2035 1755 2090 qunm·

974 2105 1038 2161 dam
1062 2106 1198 2163 risibilem
1225 2108 1353 2179 gratiam,
1366 2110 1472 2181 gratius
1499 2110 1594 2183 utique
1610 2111 1701 2169 viduis
1730 2128 1764 2170 ae

974 2197 1080 2253 creeris
1092 2197 1276 2270 indigentibus
1289 2200 1481 2257 exhibendam.

1012 2284 1075 2342 llaec
1099 2287 1272 2361 eleemosyna
1297 2298 1340 2346 est
1365 2303 1435 2362 aqua
1460 2292 1545 2349 fontis
1567 2294 1761 2363 nnnrrdissima,

975 2375 1039 2446 quia
1065 2392 1121 2433 non
1144 2376 1180 2434 de
1194 2394 1352 2435 mammona
1370 2380 1533 2452 iniquitatis,
1556 2383 1603 2440 sed
1627 2384 1661 2441 dc
1675 2386 1763 2457 gratia

972 2466 1110 2536 carpentaria
1128 2467 1287 2538 porrigitur.
1311 2469 1351 2525 hd
1367 2469 1439 2526 hanc
1459 2471 1658 2545 eleemosynam
1680 2475 1763 2531 uidua

973 2560 1077 2614 bonrum
1096 2560 1282 2637 testimonium
1298 2561 1412 2629 habens,
1428 2576 1562 2632 quaerere
1576 2564 1656 2619 vidua
1672 2575 1699 2621 et
1712 2566 1762 2622 dc-

973 2652 1059 2707 solata
1077 2658 1129 2717 εει,
1145 2650 1219 2707 nitro
1234 2659 1277 2707 est
1297 2653 1452 2723 querenda,
1474 2662 1501 2709 et
1517 2653 1596 2724 insta
1609 2654 1762 2713 doctrinam

135 2741 260 2809 ueniunt,
275 2741 328 2797 nisi
351 2740 482 2808 ahenum,
504 2750 585 2810 prout
610 2750 736 2810 possunt,
756 2740 923 2795 restituendo
972 2746 1050 2802 Ponti
1066 2744 1201 2817 eligenda,
1219 2746 1284 2816 qnia
1297 2746 1356 2802 hac
1368 2747 1538 2821 eleemosyna
1552 2751 1619 2805 nolti
1639 2760 1682 2808 est
1695 2768 1762 2811 ren-

136 2832 266 2888 studeant
276 2833 354 2903 prius
367 2831 540 2887 reconciliari
551 2830 629 2886 fratri
642 2848 693 2888 suo
707 2850 714 2899 ;
730 2840 758 2886 ct
772 2841 837 2886 tunc
852 2845 882 2914 se
895 2841 923 2887 et
972 2838 1071 2905 dentia,
1093 2837 1160 2892 nulli
1178 2836 1301 2908 spoliatis
1319 2837 1409 2894 viduis
1427 2847 1455 2894 ct
1478 2838 1662 2911 indigentibus
1681 2842 1761 2900 exhi·

136 2939 187 2981 sea
208 2939 310 2978 munus
324 2922 491 2992 acceptabile
503 2921 604 2979 iaciant
616 2923 734 2979 Domino
748 2938 780 2979 ac
792 2922 848 2977 beo
859 2938 920 2990 suo,
972 2930 1071 2986 banda.

132 3017 191 3088 jam
206 3029 260 3069 non
273 3015 344 3070 ultra
357 3029 517 3071 communes
530 3023 578 3072 aut
600 3016 733 3073 immundi
756 3015 919 3087 appellandi.
934 3040 956 3098 C
1008 3018 1103 3074 Patres
1117 3017 1190 3074 enim
1210 3018 1326 3090 antiqui,
1343 3020 1429 3091 petris
1442 3020 1628 3092 orphanorum
1646 3033 1673 3079 et
1683 3024 1762 3095 judi·-

134 3107 206 3174 Qnia
223 3122 277 3161 non
289 3106 438 3162 multorum
455 3104 628 3163 dominorum
644 3108 710 3179 jngo
733 3108 809 3179 gravi
825 3115 853 3163 et
882 3109 922 3163 in·
971 3110 1012 3166 cis
1036 3108 1179 3164 viduarum
1208 3108 1356 3167 familiares
1380 3109 1472 3179 amici,
1495 3121 1577 3181 atque
1602 3112 1662 3168 ideo
1687 3114 1760 3170 eirea

135 3197 214 3254 suari
228 3206 403 3267 prementur,
432 3196 578 3255 sedonius
603 3196 712 3254 Domini
729 3214 799 3255 onus
822 3199 881 3254 lere
894 3208 921 3255 et
970 3201 1068 3256 rideas
1086 3209 1113 3256 et
1135 3200 1273 3271 orphanos
1292 3201 1369 3257 ralde
1388 3200 1507 3269 solliciti,
1524 3217 1578 3257 non
1595 3203 1632 3257 ita
1646 3203 1680 3259 de
1693 3218 1761 3275 por-

136 3290 231 3360 iugum
245 3303 329 3344 snare
342 3295 492 3358 portantes,
505 3298 587 3346 crunt
600 3289 687 3345 sancti
705 3299 732 3345 ct
745 3277 852 3356 mnndi,
868 3305 920 3347 nee
970 3289 1045 3347 tione
1073 3306 1222 3362 pauperum
1246 3291 1347 3348 milites
1362 3287 1541 3359 Ι(1ἰιειιειιιιιι,
1564 3293 1635 3349 sicut
1656 3294 1761 3358 iaciunt

135 3396 153 3437 a
165 3380 256 3447 Petro,
270 3379 349 3436 idest
361 3377 637 3448 quotibetCatholico,
649 3387 842 3451 pmptcractus
855 3394 922 3451 pre·
970 3380 1094 3436 moderni
1115 3379 1227 3450 qnidam
1247 3380 1379 3452 episcopi.
1397 3380 1460 3437 ideo
1481 3381 1520 3437 iili
1534 3382 1567 3438 dc
1582 3384 1703 3439 haesita
1716 3400 1760 3441 re-

99 3523 112 3541 ,
136 3473 233 3531 teritos
247 3471 433 3539 abominandi,
443 3471 507 3542 quia
520 3488 581 3543 qnae
595 3470 665 3528 [teris
675 3473 826 3538 mundarit,
840 3486 921 3528 nemo
971 3473 1098 3530 cedentes
1117 3471 1340 3541 tranquillitatem
1355 3481 1382 3528 et
1401 3473 1522 3543 requiem
1542 3475 1614 3545 apud
1633 3474 1759 3531 eumdem

136 3565 216 3623 debet
230 3566 386 3623 communia
403 3566 445 3622 rel
470 3564 610 3620 immunda
629 3564 735 3631 dicere3
760 3564 825 3635 quin
853 3565 919 3630 imo,
971 3557 1079 3617 Patrem
1093 3561 1265 3627 invenerunt,
1278 3560 1357 3631 cnjus
1371 3561 1434 3618 filiis
1446 3563 1473 3617 in
1488 3563 1540 3619 hae
1551 3567 1677 3634 portione
1689 3565 1761 3621 frau-

136 3671 200 3713 eum
223 3658 306 3714 etiam
331 3656 453 3713 studiose
478 3654 569 3711 adhuc
592 3662 716 3725 peccant,
745 3669 796 3723 pro
819 3654 920 3710 talibus
970 3653 1033 3709 (ἱειιι
1055 3651 1157 3708 nuliam
1172 3650 1304 3707 fecerunt.
1327 3650 1374 3708 isti
1392 3662 1482 3711 autem
1501 3670 1590 3725 neque
1604 3656 1649 3711 hic
1664 3672 1758 3726 pacem

136 3747 304 3805 mundandis
314 3761 437 3804 exorare.
453 3744 553 3801 Potens
578 3752 620 3801 est
647 3745 719 3800 enim
740 3744 813 3800 Deus
837 3744 920 3800 etiarn
971 3746 1043 3800 inter
1057 3744 1156 3798 milites
1170 3743 1241 3808 bena
1260 3741 1389 3799 Ecclesiae
1402 3744 1574 3814 possidentes
1587 3747 1697 3816 balent,
1711 3764 1760 3804 ne·

137 3839 245 3910 reptilia
256 3847 283 3896 et
295 3837 397 3894 bestias
410 3837 437 3892 in
457 3836 541 3891 linteo
562 3850 627 3892 rasa
648 3834 858 3906 comprehensas
871 3835 921 3891 l‘e·
970 3850 1024 3905 que
1040 3832 1109 3902 apud
1124 3841 1228 3902 patrem
1244 3833 1428 3902 orphanorum
1442 3843 1469 3888 et
1481 3832 1600 3905 jndicem
1613 3836 1757 3893 viduarum

139 3942 181 3989 tro
195 3930 354 3986 mactandas
364 3937 391 3984 et
402 3926 607 3983 manducandas
625 3926 740 3992 offerre3
765 3941 798 3981 ac
816 3926 849 3982 tle
870 3928 921 3982 im·
970 3925 1086 3993 gratiana
1106 3939 1155 3994 per
1169 3923 1313 3977 militarem
1329 3938 1440 3978 manum
1459 3921 1605 3980 invenient.
1625 3926 1757 3983 hmiliti·

137 4021 271 4080 munditia
286 4034 336 4076 sua
356 4026 484 4090 purgatas
496 4017 524 4073 in
541 4018 641 4073 eoelum
652 4017 754 4085 levare,
777 4031 830 4071 non
855 4017 921 4072 offe-
971 4014 1023 4071 bns
1036 4015 1108 4069 enirn
1127 4028 1201 4068 nnnc
1215 4012 1387 4082 niliiguntnr;
1408 4012 1435 4067 in
1447 4022 1570 4070 extremo
1586 4023 1677 4070 autem
1692 4030 1757 4071 era·

137 4121 229 4170 rentes
243 4112 277 4167 de
299 4108 480 4180 acquisitione
498 4106 620 4173 sceleris,
642 4107 690 4163 sed
710 4107 744 4162 de
764 4121 920 4161 nrammonn
970 4108 1044 4169 mine
1067 4121 1118 4176 pro
1149 4105 1294 4159 viduarum
1316 4119 1349 4159 ac
1376 4104 1561 4174 orphanorum
1589 4105 1757 4163 desolatione

137 4204 305 4275 iniquitatis,
321 4185 361 4268 ιιι,
375 4215 437 4257 cum
452 4199 612 4266 defecerint,
624 4199 791 4269 recipiantur
802 4199 830 4252 in
842 4207 921 4254 ceter·
970 4213 1066 4253 omnes
1080 4198 1182 4267 pariter
1196 4196 1370 4250 turbabuntur
1385 4211 1395 4248 .·
1412 4195 1458 4266 qni
1471 4197 1572 4264 dando,
1589 4196 1755 4267 prestando,

137 4312 172 4351 na
185 4279 427 4362 tabemaeota'per
440 4298 548 4361 portam
562 4289 727 4361 sterquilinii
749 4287 898 4344 introducti
910 4306 918 4356 ;
970 4287 1129 4360 accipiendo
1142 4287 1294 4358 portionem
1306 4299 1467 4357 pauperum,
1479 4288 1680 4343 convincuntur
1691 4303 1755 4359 spo-

137 4388 191 4443 hoc
201 4393 253 4453 est,
266 4384 386 4454 redditisx
397 4382 506 4449 alienis,
532 4381 638 4452 largitis
652 4379 771 4452 propriis
785 4379 917 4444 mundati;
936 4378 957 4433 li
970 4381 1079 4436 liotores
1089 4392 1195 4434 eorum.
1219 4376 1422 4443 furbabuntnr,
1443 4378 1570 4447 inquam;
1585 4378 1632 4434 scd
1646 4394 1754 4450 qnaera·

136 4493 171 4535 ac
197 4484 298 4533 saincte
326 4483 482 4533 sanctorum
509 4471 632 4529 societati
659 4473 768 4545 penitus
793 4472 919 4542 incorpo-
970 4487 1043 4537 nnsis,
1058 4470 1130 4526 unde
1152 4470 1310 4525 turbentur?
1327 4470 1421 4541 utique
1442 4487 1459 4523 a
1483 4470 1552 4539 facie
1576 4469 1644 4537 eins.
1667 4470 1753 4541 Cujus

136 4571 199 4630 rati.
969 4563 1050 4634 ejus?
1065 4561 1155 4616 Patris
1170 4562 1346 4632 orphanorum
1361 4570 1387 4616 ct
1398 4561 1499 4631 jndicio
1514 4561 1652 4615 viduorum
1665 4561 1752 4630 (Preti.

416 4675 531 4736 capua·
549 4676 642 4731 xm,
970 4672 1054 4722 rrrrr,
1078 4655 1117 4725 d).
1143 4653 1221 4709 Tarne
1243 4668 1332 4723 neque
1358 4653 1436 4710 miles
1463 4652 1564 4723 poterit
1595 4653 1752 4722 episcopum

138 4771 242 4841 Qrortn
270 4772 487 4828 oradecirnarmn
511 4767 596 4823 uiduis
618 4776 642 4821 et
662 4768 819 4839 puerperium
830 4768 920 4822 distri·

173 4845 239 4898 buen
260 4850 334 4908 cert,
346 4857 397 4895 raon
407 4838 545 4905 militibus,
556 4854 668 4908 quornm
687 4839 776 4909 actique
791 4838 860 4908 apud
882 4839 921 4891 di-

138 5086 191 5134 test
204 5078 350 5144 aedificare,
369 5079 416 5148 qni
428 5077 463 5138 ab
475 5092 509 5133 co
521 5078 643 5148 pecunie
656 5077 856 5135 ordinationem
872 5093 918 5135 ac-

137 5148 222 5216 cepit.
241 5146 281 5205 Ne
293 5164 359 5218 ergo
376 5149 427 5204 sub
440 5149 552 5203 obtentu
567 5148 747 5222 eleemosynae
767 5164 828 5204 enm
854 5164 919 5218 pec-

137 5224 200 5271 cato
228 5218 387 5274 studeamus
413 5216 515 5288 aliquid
539 5218 683 5289 accipere,
711 5227 803 5287 aperte
839 5234 917 5274 sacra

120 5284 280 5355 ,Scriptura
292 5303 342 5343 nos
365 5287 500 5358 prohibet,
519 5287 633 5343 dicens:
653 5288 756 5343 Hostiae
779 5290 920 5359 inaniorem

123 5355 338 5430 'abominabiles
352 5373 412 5429 qne
429 5358 577 5438 efferuntur
600 5372 632 5412 ea
649 5359 744 5413 scetere
755 5358 846 5429 (Pron.
861 5374 918 5421 nrt,

136 5423 196 5492 li).
210 5422 346 5495 Quidquid
363 5428 478 5482 enimin
495 5427 542 5482 ttei
559 5427 694 5484 sacrificio
703 5442 736 5482 ex
757 5428 857 5483 scelere
879 5429 920 5482 oi·

137 5493 236 5576 fertur,
250 5495 443 5567 omnipotentis
454 5496 501 5552 liei
515 5496 683 5552 iracundiam
696 5512 749 5553 non
760 5497 859 5568 placat,
872 5497 919 5553 scd

138 5572 235 5622 irritat.
251 5583 262 5616 ι
515 5603 518 5608 -

173 5633 202 5690 ln
214 5634 257 5692 bis
268 5634 439 5693 rerbis'beati
453 5636 574 5709 Gregorii
587 5637 730 5710 diligenter
749 5646 843 5694 notent
859 5653 919 5694 arno·

970 4747 1059 4818 gladio
1075 4745 1235 4812 defendere,
1254 4759 1340 4815 neque
1354 4743 1498 4813 episcopus
1513 4742 1625 4796 militem
1639 4757 1753 4798 excusa-

969 4854 1009 4905 re,
1026 4844 1163 4908 quaerente
1187 4835 1239 4891 isto
1250 4834 1342 4905 judice
1357 4834 1498 4888 viduarum
1513 4848 1562 4887 eur
1575 4833 1617 4888 rel
1629 4832 1674 4889 ille
1684 4848 1753 4904 prae-

971 5083 1052 5138 nachi
1064 5089 1091 5136 ct
1108 5081 1199 5136 caeteri
1218 5079 1337 5150 religiosi
1363 5080 1497 5146 cononici,
1512 5081 1584 5150 quod
1600 5079 1751 5150 periculose

971 5154 998 5207 in
1013 5152 1108 5207 talium
1121 5150 1295 5207 dominorum
1313 5152 1439 5206 claustris
1457 5159 1609 5214 morantur,
1630 5159 1678 5204 ant
1701 5150 1752 5203 ali·

969 5236 1087 5292 quorum
1116 5220 1258 5275 bominum
1286 5221 1466 5290 eleemosynis
1491 5227 1652 5288 pascuntur.
1681 5233 1751 5289 quos

971 5294 1063 5347 sciunt
1076 5289 1226 5359 sacrilegos
1237 5290 1481 5345 ecclesiasticarum
1502 5303 1594 5343 rernm
1607 5302 1751 5357 possesse·

969 5376 1031 5424 res,
1063 5370 1092 5432 ει
1122 5359 1206 5428 buius
1238 5359 1443 5415 consuetudinis
1467 5358 1622 5427 pertinaces
1652 5357 1748 5413 denn-

970 5446 1057 5486 sores.

1005 5500 1044 5553 Er
1073 5498 1189 5555 coneilio
1216 5496 1376 5552 Laodicensi
1400 5510 1461 5565 cap.
1491 5495 1567 5550 55η
1593 5495 1670 5564 Quod
1695 5512 1749 5550 non

970 5578 1094 5639 oporteat
1107 5571 1142 5625 ob
1155 5568 1289 5624 haereticis
1304 5566 1426 5636 eulogias
1446 5565 1578 5635 accipere,
1602 5582 1663 5637 quae
1686 5576 1751 5621 sunt
1795 5597 1799 5603 ,

970 5639 1175 5696 maledictiones
1193 5638 1283 5708 potius
1300 5652 1382 5707 qnam
1397 5635 1608 5693 benedictiones.
1629 5654 1639 5690 r
