3892 6067
190 213 244 274 955
677 196 829 257 Caunum
849 189 1044 251 unetosttt
1060 182 1336 243 nfitcttssttstutuc.
1768 175 1844 233 s-:e

187 331 217 384 et
228 339 281 381 ror
297 319 401 380 orantis
413 328 478 375 tane
489 317 541 374 crit
555 315 729 380 exaudibilis,
742 313 852 384 arraudo
865 312 978 380 juratur
993 311 1013 366 A
1028 303 1156 375 {serrendo
1170 312 1219 366 est,
1232 316 1283 354 aaa
1300 294 1479 353 insolubiliter
1493 293 1646 366 ollipaude,
1663 310 1693 349 ac
1714 303 1762 346 aut
1777 292 1844 349 ta·

189 431 238 487 per
265 427 376 469 manum
402 411 479 466 boare
501 408 684 480 operationis:
710 404 831 459 Eleaatio
851 417 979 456 arcanum
1030 404 1095 449 acta
1115 395 1140 447 in
1155 391 1341 459 ait‘orlrlluat,
1354 398 1400 441 aut
1422 387 1634 441 restrictaea'am
1648 386 1679 439 al
1704 387 1846 445 utilitate

191 521 308 562 mearam
333 502 495 573 scrupalum
520 501 693 571 uespertinum
722 498 767 561 sit,
787 495 911 550 uidelicet
940 493 980 548 sie
1032 494 1170 554 torpescat.
1184 482 1260 548 Quod
1276 477 1496 534 lertePsalmista
1512 478 1847 549 consideranslrecipo-

189 596 354 667 acceptabile
373 595 444 650 sicut
453 591 615 662 sacrificium
629 588 801 658 uespertinum
814 586 866 640 luit
879 585 909 639 in
923 585 981 654 lege
1031 578 1173 631 stalatioue
1186 573 1336 642 corrrplecus
1346 580 1384 625 ert
1404 570 1514 623 diceus:
1539 568 1622 635 Pone,
1637 570 1765 637 Domine,
1777 584 1846 627 cu·

191 684 397 757 acceptabilius,
414 684 479 755 quia
494 683 580 752 ligura
601 680 653 734 luit
669 678 742 733 iliius
758 678 814 732 aeri
840 675 979 744 sacrificii,

192 785 264 856 quad
281 797 332 854 ego
345 781 434 838 iactus
445 779 576 835 obediens
594 778 623 833 in
645 776 735 832 crucis
756 791 804 830 ara
832 772 917 828 obtuli
934 772 981 827 tint

193 874 248 932 Deo
257 873 343 929 Patri.

228 963 316 1034 Super
331 963 405 1018 hune
427 961 518 1017 locum
543 959 610 1015 dicit
631 959 728 1019 beatus
742 957 890 1028 Gregorius
901 956 957 1027 (73)
974 975 981 1010 ι

194 1056 264 1122 Quia
279 1055 437 1125 Redemptor
451 1061 539 1107 noster
555 1052 637 1122 jecta
661 1051 754 1105 maadi
767 1051 982 1120 promererer·

193 1151 356 1220 sequentiam
366 1147 485 1217 pertulit,
498 1147 665 1215 seraetipsam
676 1160 724 1214 pro
734 1143 807 1198 nolis
820 1143 983 1213 sacrificium

194 1224 369 1309 uespertinum
383 1237 467 1292 dedit.

230 1328 333 1383 Aliter:
348 1325 466 1397 Vespera
481 1335 574 1382 nostra
587 1325 648 1380 linis
660 1325 721 1381 rita
732 1336 783 1391 cst,
793 1325 820 1379 in
834 1339 889 1396 quo
904 1323 927 1379 si
940 1323 983 1378 di-

195 1435 247 1493 gne
274 1418 441 1490 poenitentia
469 1419 632 1488 sacrificium
654 1417 806 1484 offerimus,
822 1431 983 1488 purgamur,

195 1517 226 1563 ut
236 1523 317 1564 nemo
334 1508 469 1577 desperet,
482 1509 529 1578 arri
544 1508 572 1562 in
583 1508 636 1561 line
648 1507 770 1578 poenitet.

231 1601 331 1657 Aliter:
347 1598 398 1668 Qui
410 1600 481 1655 bona
507 1601 646 1670 operando
670 1600 711 1655 vel
734 1600 916 1656 sacrificando
930 1610 985 1656 ter-

1032 667 1148 722 stodiam
1167 663 1208 718 ori
1236 677 1307 728 ntea,
1331 668 1359 715 et
1377 660 1479 714 ostium
1506 658 1715 714 circumstantia
1741 659 1846 715 labiis

1032 759 1111 813 meis.
1129 755 1234 812 Ostium
1245 769 1356 824 armatae
1367 752 1487 821 aperitur
1495 759 1519 805 ct
1533 750 1676 806 clauditur.
1693 752 1747 818 eri
1764 768 1846 819 erqo

1032 851 1073 903 ori
1086 864 1134 904 rao
1147 861 1312 917 rrraaaaaam
1325 844 1389 915 poai
1411 842 1585 910 obstaculum,
1601 843 1646 897 sul
1668 846 1773 898 ostium
1786 860 1848 913 pe-

1034 942 1087 1007 tiit,
1102 948 1190 1011 aperte
1201 938 1316 1003 edacmt,
1333 935 1404 1006 arrad
1415 944 1440 990 et
1451 934 1622 1006 disciplinam
1638 937 1751 991 retinere
1774 936 1849 989 lin·

1034 1050 1087 1104 prta
1102 1031 1205 1096 deleat,
1218 1039 1243 1083 ct
1263 1044 1296 1082 ec
1309 1029 1462 1083 necessitate
1482 1028 1582 1094 laxari,
1594 1037 1720 1097 quatenus
1735 1045 1773 1081 os
1787 1029 1848 1080 di-

1034 1134 1147 1179 seretam
1158 1139 1272 1194 conprao
1289 1131 1402 1192 tempore
1414 1137 1464 1178 aaa
1476 1122 1589 1193 aperiat,
1601 1132 1625 1176 ct
1644 1139 1749 1177 rursum
1764 1139 1851 1177 cors·

1034 1235 1099 1289 pruo
1119 1218 1290 1272 taciturnitas
1307 1214 1427 1270 claudat.
1448 1212 1518 1269 iiiuc
1539 1230 1650 1284 nuncque
1668 1231 1713 1285 per
1727 1231 1847 1286 auena-

1034 1311 1097 1365 dam
1118 1311 1260 1380 rapimtem
1283 1308 1402 1363 dicitur:
1431 1305 1544 1377 Sapiens
1567 1307 1661 1361 tacelit
1682 1323 1769 1377 usqae
1799 1306 1850 1360 ad

1036 1414 1147 1474 tempus,
1169 1411 1197 1455 ut
1222 1400 1348 1455 trintirnm
1377 1414 1436 1453 cum
1468 1406 1642 1469 opportunum
1663 1401 1848 1467 considerat,

1035 1497 1180 1569 postposita
1194 1511 1304 1551 certsura
1315 1493 1414 1548 silentii
1429 1491 1569 1563 loquenda,
1586 1508 1644 1562 aaa
1664 1502 1847 1564 conpressas,

1036 1591 1065 1644 ia
1083 1605 1159 1643 arunt
1172 1605 1199 1643 sc
1210 1588 1337 1642 utilitatis
1362 1589 1508 1658 impendat.
1526 1585 1597 1641 iiiuc
1617 1583 1739 1642 Satanae
1770 1586 1849 1640 uit:

196 1710 261 1751 rena
284 1694 392 1765 querit,
408 1707 462 1748 aon
475 1692 606 1757 coelcstia,
622 1692 693 1748 sieut
712 1692 751 1747 illi
766 1693 813 1763 qui
827 1709 882 1748 nou
905 1710 986 1748 man-
1003 1644 1023 1699 B
1037 1679 1156 1752 Tssffltlsss
1167 1680 1283 1746 Uettidi,
1294 1688 1321 1735 el
1332 1687 1438 1750 ternpus
1449 1678 1587 1749 loquendi.
1601 1676 1719 1732 discreta
1729 1679 1849 1749 quippe

196 1784 298 1839 ducant
309 1792 338 1838 ιιι
350 1782 545 1853 evangelizem,
566 1782 613 1838 sed
629 1781 817 1852 evangelizam
827 1791 857 1837 nt
871 1786 987 1840 mariun·
1037 1771 1360 1843 atctrrtraotmprmmra
1379 1780 1440 1825 eura
1456 1782 1583 1840 serapam,
1597 1786 1628 1823 ae
1641 1778 1685 1823 aar
1708 1786 1775 1822 cum
1791 1785 1848 1824 re·

197 1884 270 1941 cent,
287 1888 341 1928 non
354 1875 444 1929 lerant
460 1889 558 1929 uranus
573 1890 638 1930 suas
659 1889 748 1944 neque
762 1876 844 1931 corda
870 1876 987 1931 inarriter
1037 1854 1132 1937 stiinpi
1142 1865 1234 1936 litote
1249 1863 1334 1930 «leiti,
1349 1879 1395 1933 per
1411 1860 1487 1917 neria
1504 1877 1532 1916 δι
1543 1859 1673 1915 illinisti
1693 1870 1849 1931 spargat,-

197 1964 348 2028 audientes,
362 1964 434 2033 quod
449 1963 566 2018 dicitur:
581 1961 693 2019 Sarrum
709 1965 805 2020 corda:
816 1963 940 2019 lralemus
952 1964 988 2018 ad
1038 1965 1085 2013 aat
1096 1973 1156 2012 cant
1171 1955 1243 2026 loqui
1263 1954 1365 2010 utiliter
1390 1961 1485 2024 potest,
1503 1953 1669 2023 seuretipsam
1690 1950 1769 2022 piare
1801 1968 1845 2005 re

198 2053 349 2107 [loannem.
364 2053 469 2120 Quibus
481 2052 547 2108 dicit
560 2055 711 2123 propheta:
735 2074 745 2106 ι
757 2054 891 2110 Leremos
905 2054 988 2110 corda
1039 2051 1163 2120 atriupat.

198 2153 291 2199 nostra
316 2159 379 2198 cunr
405 2143 531 2198 manilius
552 2147 578 2198 in
599 2145 698 2199 coelum
728 2144 836 2216 (Taren.
850 2160 890 2212 ru,
906 2145 961 2212 u).
975 2163 984 2195 ι
1072 2140 1147 2196 Saue
1158 2138 1288 2195 discretio
1303 2137 1361 2194 hec
1373 2136 1502 2209 loquendi
1515 2146 1543 2193 et
1558 2136 1674 2200 meeum,
1685 2143 1769 2205 prout
1788 2149 1841 2189 cx-

199 2236 278 2303 Qund
291 2252 354 2292 curn
371 2237 397 2290 in
416 2237 490 2290 amm
512 2251 594 2307 opere
616 2246 711 2293 nostro
732 2238 767 2294 sit
790 2237 987 2303 necessarium,
1039 2233 1122 2305 pedit,
1138 2230 1267 2303 quianon
1281 2229 1361 2285 cstiu
1374 2230 1494 2285 numana
1510 2236 1726 2301 parastatarum
1745 2239 1848 2280 nemo

199 2330 368 2400 permaxime
380 2331 507 2401 corrgruit
518 2329 555 2384 ibi
567 2329 636 2399 deri,
648 2330 695 2386 nbi
716 2331 869 2387 celebratur
885 2345 990 2385 meruo·
1039 2323 1184 2380 hominum
1200 2322 1288 2392 possit
1302 2320 1424 2392 linguam
1439 2319 1563 2387 domare,
1583 2319 1686 2375 ideirco
1697 2325 1759 2388 peto
1783 2333 1850 2388 <fn

199 2421 239 2477 m
254 2422 327 2478 rum
340 2422 478 2492 ιιιριιιιιιι·
496 2422 637 2493 surrepere,
665 2421 739 2492 quot
768 2420 847 2477 naurs
872 2420 990 2475 onasum
1040 2413 1125 2469 uario
1142 2429 1157 2468 a
1177 2421 1203 2467 te
1220 2410 1345 2478 nornine,
1364 2411 1411 2481 qut
1422 2411 1516 2466 omna
1534 2418 1622 2481 notes.
1637 2420 1667 2464 n
1685 2424 1768 2479 aare
1788 2426 1849 2463 r«-

196 2515 465 2570 mamtinnmiumen
477 2515 503 2570 in
516 2530 563 2586 spe
577 2516 787 2571 resurrectionis
799 2512 864 2571 lesu
876 2499 988 2581 Christi,
1040 2504 1154 2560 stodiam
1174 2504 1216 2559 vti
1236 2519 1313 2570 uuo,
1347 2513 1372 2557 ²¹
1396 2504 1494 2558 “iiim
1520 2501 1725 2556 titclmiiamiffl
1748 2500 1849 2554 '⁹1¹¹'ss

196 2608 248 2678 arri
265 2615 380 2662 mortem
409 2615 531 2663 nostram
559 2607 700 2662 moriendo
723 2605 857 2662 destruxit
868 2614 895 2661 et
905 2605 990 2659 sitam
1041 2598 1116 2666 mas,
1130 2606 1155 2652 et

197 2698 365 2769 resurgendo
377 2699 521 2770 repararit.
533 2696 611 2766 Quod
627 2713 678 2754 nos
691 2697 784 2753 uteres
797 2696 914 2753 fideliter
928 2712 989 2752 ere·
1076 2687 1160 2746 Vsus·
1176 2689 1202 2744 l·
1217 2687 1278 2744 Neo
1289 2688 1402 2744 declinet
1422 2704 1467 2742 cor
1478 2703 1564 2742 metm
1577 2687 1605 2743 5¹⁸
1617 2686 1694 2743 teria
1715 2686 1850 2741 mliii&

200 2788 520 2861 dand0,eripsum‚qut
547 2804 597 2861 pro
617 2789 993 2845 nobismortuusasretre-
1042 2781 1256 2836 adeacusanrlas
1271 2781 1454 2837 accusationes
1469 2781 1634 2850 inpeccatis.
1663 2779 1729 2835 Cnrn
1756 2795 1850 2833 uaris

196 2880 329 2949 surrexit,
352 2896 420 2952 pure
442 2882 600 2953 diligendo,
625 2880 789 2951 sarmatiam
817 2882 992 2951 uespertinum
1042 2888 1074 2929 es
1089 2874 1221 2930 nsemluis
1236 2874 1280 2930 iric
1303 2884 1373 2941 orat,
1386 2890 1437 2947 ego
1451 2872 1546 2940 Dauid,
1565 2887 1616 2946 ego
1637 2871 1762 2928 Christus
1778 2872 1851 2928 truc

200 2972 351 3039 offerimus,
364 2972 474 3044 qnando
487 2973 563 3028 illum
578 2987 628 3044 pro
644 2974 723 3029 nobis
741 2979 881 3029 puppinum
908 2987 992 3028 sene-
1006 2980 1027 3042 C
1042 2980 1104 3033 ort),
1119 2963 1166 3036 qui
1179 2973 1206 3019 el
1220 2964 1247 3019 in
1261 2965 1302 3020 eis
1312 2965 1404 3021 esurio
1416 2973 1443 3021 ol
1467 2964 1540 3032 Silio,
1553 2971 1663 3036 propiet·
1683 2978 1753 3034 quos
1776 2964 1850 3018 mi·

202 3078 306 3117 ramur.
319 3063 480 3119 Matutinum
494 3080 557 3120 roro
570 3064 734 3120 sacrificinm
746 3065 826 3120 nobis
835 3064 991 3135 deputatur,
1045 3058 1135 3113 nimos
1156 3072 1233 3112 meos
1245 3056 1271 3111 in
1283 3056 1388 3127 judicio
1415 3056 1540 3113 dicturus
1555 3071 1633 3111 sum:
1652 3052 1795 3123 ιΕιιιιῑιί,
1811 3066 1850 3110 et

201 3155 325 3224 quoiam
341 3155 596 3210 resuscitatusetin
623 3156 723 3212 coelum
740 3155 774 3210 ad
789 3155 928 3211 dexteram
944 3155 992 3211 Dei
1041 3147 1236 3203 uetmasnim
1264 3146 1550 3219 munducatelilsslih·
1567 3147 1717 3220 ¹¹i'‚35)·¹
1741 3144 1791 3201 Sic
1811 3155 1851 3203 02

201 3243 292 3299 Patris
303 3246 439 3301 exaltatus
464 3260 479 3300 a
508 3246 587 3302 nobis
613 3247 813 3316 magnificatur,
826 3247 947 3303 creditur
960 3263 992 3301 ac
1043 3238 1124 3293 niodo
1136 3253 1185 3308 pro
1196 3237 1235 3293 cis
1249 3247 1275 3293 et
1299 3238 1325 3292 iu
1342 3238 1382 3294 eis
1408 3252 1457 3295 oro
1476 3238 1571 3293 dicens
1591 3236 1850 3307 litterararum

203 3337 364 3406 pratiatur
378 3338 477 3408 dignus
492 3338 615 3407 accipere
630 3337 766 3404 virtutem,
782 3347 809 3393 et
822 3338 991 3394 diuinitatem
1042 3330 1157 3387 declivus
1171 3347 1217 3384 cor
1232 3346 1328 3399 meam,
1345 3330 1371 3387 id
1386 3342 1427 3388 est
1440 3322 1564 3387 meorum
1575 3331 1603 3384 iu
1617 3330 1692 3386 cala
1706 3328 1849 3398 malitie,

201 3435 229 3484 et
238 3427 410 3500 sapientiam,
421 3434 449 3483 et
463 3428 606 3493 honorem,
621 3436 648 3483 ct
665 3428 792 3498 gloriam,
812 3429 849 3484 ita
861 3430 991 3485 momnis
1044 3432 1073 3478 ul
1085 3422 1128 3477 tei
1145 3436 1193 3494 per
1207 3437 1305 3478 casum
1320 3423 1362 3478 tel
1393 3424 1583 3478 necessilatem
1609 3422 1651 3477 tei
1670 3420 1721 3475 ²11⁰
1745 3422 1849 3478 modo

199 3518 293 3590 lingua
316 3518 477 3573 cantitentur
489 3517 561 3589 quod
573 3516 705 3573 Dominus
718 3516 799 3575 lesus
814 3517 941 3576 Christus
961 3522 989 3576 in
1042 3514 1151 3585 culpam
1169 3529 1247 3570 suam
1267 3521 1399 3570 excusent
1421 3530 1481 3569 cam
1497 3511 1645 3569 transtailas
1659 3512 1846 3583 operantibus

203 3610 343 3681 gloriaest
359 3608 404 3665 Dei
418 3608 518 3665 Patris.
534 3608 612 3676 Quod
628 3624 702 3666 nune
715 3609 850 3681 sequitur,
870 3627 924 3667 non
949 3628 993 3668 ca·
1042 3605 1221 3677 iniquitatem,
1247 3620 1364 3675 quorum
1389 3604 1471 3676 immi
1496 3604 1607 3661 suerum
1633 3603 1716 3659 *dim
1729 3610 1757 3657 0¹
1772 3601 1846 3659 3¹¹²

201 3700 262 3771 pia,
272 3700 320 3756 sed
330 3701 453 3757 membro
465 3700 525 3772 ejus
536 3700 648 3757 cuilibet
658 3701 784 3773 cerrgruit
795 3703 908 3759 tideiitcr
919 3706 993 3775 psal·
1042 3713 1108 3754 suas
1121 3698 1216 3768 culpas
1231 3697 1356 3769 nequiter
1371 3707 1543 3764 excusantes,
1559 3705 1586 3753 ct
1599 3712 1615 3751 a
1630 3711 1660 3752 se
1671 3696 1697 3751 in
1712 3710 1843 3765 serpen·

200 3792 267 3848 lenti
280 3806 313 3848 ac
323 3791 441 3848 dicenti:
1043 3800 1109 3855 tem,
1126 3791 1182 3846 imo
1196 3800 1223 3846 et
1238 3790 1266 3844 in
1279 3792 1414 3859 serpentis
1437 3788 1595 3844 Creatorem
1616 3786 1762 3843 transferre
1779 3800 1844 3841 co-

237 3880 320 3937 Vaus.
346 3882 372 3937 ὅ.
394 3881 477 3949 Pane,
505 3881 626 3950 Dandae,
653 3884 802 3939 custodiam
822 3901 861 3940 arr
885 3902 952 3952 raca,
967 3897 992 3942 ct
1044 3890 1151 3938 names.
1163 3880 1238 3949 Quos
1250 3880 1340 3937 adhue
1354 3889 1508 3953 sequuntur
1522 3881 1600 3936 multi
1617 3894 1712 3935 eoram
1736 3884 1845 3947 poste-

202 3967 612 4027 ostiana'circumstautialalriis
625 3974 699 4038 arcis,
712 3973 749 4027 ita
771 3983 800 4029 ut
816 3990 903 4046 neque
918 3977 993 4045 cugi-
1043 3973 1081 4029 ris
1100 3972 1225 4029 homines
1247 3972 1372 4028 videlieet
1398 3981 1534 4042 operantes
1559 3972 1773 4045 iniquitatium
1794 3984 1842 4027 ea

201 4064 269 4119 tatio
284 4062 377 4135 iniqua
394 4064 482 4134 sapiat
494 4064 523 4118 in
539 4077 587 4119 ore
610 4062 712 4130 cordis,
737 4080 825 4131 naaria
849 4081 899 4136 per
919 4066 991 4122 latria
1044 4065 1239 4122 transferentes
1252 4065 1295 4120 rei
1308 4065 1439 4122 incarnis
1469 4064 1642 4138 fragilitatem
1660 4065 1838 4134 tanquamin

201 4156 315 4211 stultum
327 4155 392 4226 qnid
407 4163 502 4217 contra
517 4153 602 4210 Beurn
615 4164 750 4228 erumpat.
766 4156 870 4212 Ostium
882 4159 993 4213 circam·
1044 4158 1185 4213 ruralierenr
1198 4156 1339 4212 seductam
1354 4173 1368 4211 a
1383 4166 1508 4227 serpente
1519 4156 1688 4224 diabolum!
1700 4157 1726 4211 in
1738 4154 1838 4226 ipsum

201 4248 416 4304 uantioedicitur
428 4247 547 4319 proprie,
560 4248 633 4318 qnod
642 4249 775 4319 janitores
786 4249 858 4306 cauti
873 4250 992 4321 trudique
1044 4249 1182 4304 diabolum
1199 4256 1352 4317 serpentem
1366 4248 1519 4319 antiquum.
1536 4246 1649 4305 Talibus
1664 4263 1715 4320 ego
1741 4246 1839 4303 Draid

202 4339 392 4406 circumstant,
407 4354 442 4395 ne
455 4339 536 4394 intret
551 4339 695 4408 selescar,
710 4341 817 4397 coinon
830 4340 905 4405 licet,
916 4341 990 4410 quod
1010 4313 1030 4366 ⁰
1045 4354 1099 4394 non
1115 4337 1294 4404 consentiam,
1308 4347 1333 4391 et
1349 4354 1402 4393 raon
1430 4339 1629 4395 communicabo
1656 4356 1716 4395 cunr
1739 4341 1836 4395 electis

202 4437 324 4502 congruo
336 4438 457 4500 tempore
468 4427 598 4499 aperitur,
611 4444 732 4500 congruo
742 4429 888 4485 clauditur.
902 4429 948 4484 Sic
960 4445 991 4484 os
1045 4444 1145 4486 coruus.
1160 4426 1266 4482 earm
1278 4444 1380 4497 corant,
1406 4444 1460 4485 non
1487 4428 1545 4500 net,
1571 4445 1618 4487 eos
1635 4431 1707 4499 dico,
1731 4428 1836 4504 quihus

203 4513 328 4578 madum
343 4521 481 4592 aperiatur
494 4518 527 4574 ad
538 4518 738 4575 corriessionem
750 4525 864 4588 praesu,
876 4520 990 4576 clauda·
1046 4535 1100 4575 nou
1116 4518 1254 4575 sullicitse
1276 4519 1443 4577 mendaciter
1471 4535 1613 4590 excusare,
1630 4519 1677 4580 sed
1692 4533 1719 4578 et
1735 4538 1836 4595 asper-

202 4622 248 4668 tnr
265 4614 299 4668 ad
327 4612 532 4669 excusationem
560 4611 653 4679 talem,
671 4612 838 4682 permaxime
856 4629 917 4686 qua
932 4616 991 4670 lteri
1046 4619 1145 4666 nnntnr
1162 4618 1273 4667 cataros
1288 4611 1372 4667 inflati
1387 4611 1455 4670 salsa
1468 4613 1573 4683 justitia
1586 4623 1612 4669 et
1632 4615 1833 4672 alieniorem.

202 4704 272 4760 solet
283 4718 334 4776 per
344 4704 425 4759 rerba
438 4704 558 4771 malitiae,
570 4702 643 4774 quod
668 4716 805 4758 summurn
831 4704 927 4760 uitium
950 4715 992 4761 ost
1046 4701 1156 4758 ilisaan
1173 4702 1382 4769 communicato,
1405 4704 1447 4758 rel
1472 4713 1502 4759 nt
1531 4704 1602 4760 alius
1622 4704 1707 4760 codex
1730 4702 1834 4762 balatz

204 4794 232 4848 ia
246 4793 371 4863 superbis
385 4793 478 4864 inique
490 4810 529 4864 ¹se
547 4794 752 4861 excusantibus,
764 4803 790 4850 et
804 4796 927 4867 arguenti
945 4812 991 4852 se·
1047 4793 1109 4848 Nou
1119 4793 1297 4849 combinabor.
1315 4793 1466 4850 Coruiiaati
1489 4794 1628 4862 dicuntur,
1643 4794 1753 4867 quando
1775 4794 1834 4851 duo

203 4885 278 4942 nitati
307 4885 482 4955 acquiescere
508 4888 684 4957 nolentibus,
716 4888 788 4946 uode
815 4890 854 4945 ait
882 4888 992 4945 Sanruel
1044 4886 1126 4942 simul
1152 4884 1281 4957 ligantur,
1312 4895 1342 4940 ut
1360 4885 1430 4941 aiter
1452 4885 1567 4941 altermn
1588 4885 1718 4957 impediat
1737 4900 1771 4942 nt
1795 4887 1833 4944 sit

204 4975 298 5033 Sauli:
316 4992 326 5026 ι
342 4973 426 5042 Quasi
441 4984 582 5045 peccaturo
602 4977 736 5035 ariolandi
764 4989 806 5035 est
828 4995 990 5052 repugnare,
1045 4975 1108 5048 tuga
1119 4976 1213 5033 libera.
1231 4976 1293 5031 Nea
1312 4977 1395 5047 igitur
1409 4976 1471 5033 istis
1486 4978 1684 5033 communicate
1698 4977 1740 5033 uel
1758 4993 1834 5032 coar·

204 5078 232 5123 et
246 5066 325 5138 quasi
338 5067 427 5121 scelm
443 5066 605 5122 idololatriac
616 5068 871 5141 naileucqniescere
882 5068 910 5139 (Ι
925 5069 989 5141 nep.
1045 5068 1164 5135 liuntur,
1181 5077 1220 5135 ut,
1233 5068 1305 5124 sicut
1317 5069 1367 5136 int,
1380 5070 1488 5140 cupiam
1502 5068 1569 5126 salsa
1584 5069 1664 5125 laude
1675 5069 1789 5126 muioeri
1804 5078 1833 5125 et

205 5175 250 5227 ιι,
264 5159 347 5230 iol.»
369 5157 471 5213 Contra
487 5157 670 5216 hocmasirne
684 5161 781 5216 uitium
808 5161 990 5218 clarrdaadum
1044 5161 1138 5217 iuberi
1163 5170 1291 5232 murenam
1312 5170 1458 5217 excusatus
1482 5176 1499 5215 a
1522 5161 1641 5233 peccatis
1670 5160 1749 5217 meis.
1777 5156 1833 5217 Pro

203 5257 248 5305 est
262 5250 319 5305 oris
332 5250 444 5315 ostium,
460 5263 494 5303 ae
505 5248 643 5318 aperiatur
661 5250 688 5305 in
703 5252 783 5307 rerba
800 5231 920 5309 malitiae.
1044 5251 1144 5320 auitae

242 5340 331 5410 Super
345 5342 417 5396 hunc
431 5340 521 5396 locunt
538 5339 605 5395 dicit
633 5341 728 5398 beatum
753 5343 903 5415 Gregorius
915 5343 991 5412 till:
1082 5342 1162 5399 Vens.
1176 5344 1203 5401 ll.
1216 5342 1346 5413 Corripiet
1358 5360 1397 5397 mr
1407 5343 1497 5412 justas
1512 5345 1553 5399 rei
1568 5342 1651 5413 Deus,
1662 5344 1704 5400 ret
1717 5342 1832 5416 quilibet

204 5429 435 5503 Stadierrlinpaa
460 5431 507 5487 sul
534 5433 623 5503 mrpui
643 5435 829 5490 moderaminis
851 5435 993 5489 libratione
1044 5434 1129 5492 irater
1145 5435 1245 5502 itanum
1260 5433 1301 5489 rei
1321 5444 1394 5489 certe
1417 5434 1525 5492 animus
1548 5451 1626 5492 mens
1653 5449 1698 5492 me
1719 5448 1830 5491 carnaea

209 5574 214 5581 ’
240 5585 301 5655 lid)
316 5586 375 5643 tto.
390 5605 424 5642 ax
438 5588 530 5646 liutai.
543 5607 602 5658 cap.
617 5592 645 5644 i.

1086 5590 1212 5662 (ilpln‘u.
1227 5606 1263 5645 tn
1278 5589 1372 5645 Metal.
1389 5606 1449 5662 cap.
1464 5591 1507 5647 li.
