3892 6067
172 183 243 239 atta
696 180 849 239 tulluh'ls
865 179 1062 239 enatasset
1083 177 1282 237 REICHERSP.
1739 180 1816 237 132?

168 308 262 365 entus,
278 306 368 353 tamen
384 294 509 353 villosam
529 303 651 353 tunicam
672 311 722 369 pro
746 296 838 354 hieme
863 313 961 354 mona·
976 302 1000 359 Α
1014 296 1165 353 resolutum
1189 302 1242 360 est,
1256 300 1284 348 et
1300 290 1352 347 lxue
1367 288 1464 348 diebus
1484 288 1558 346 mille
1577 290 1704 349 ducentis
1724 309 1819 349 sexa-

168 391 229 447 chis
242 387 421 445 concesserit.
448 385 561 443 Pellieia
575 402 643 444 sane
658 388 763 459 tunica,
779 405 834 461 qua
857 390 899 447 uti
913 405 960 457 soff
1014 389 1100 462 ginta,
1119 388 1198 446 idest
1213 387 1240 443 in
1254 384 1300 441 illa
1308 393 1467 463 tempestate
1476 385 1636 447 htttichtisti
1648 385 1819 445 abundante

169 485 268 549 lemos,
280 480 346 552 quid
360 476 435 536 aliud
449 488 491 535 est
505 495 589 551 quam
604 480 699 538 tunica
714 482 832 539 villosa?
853 481 960 539 Etenim
1013 481 1169 554 iniquitate,
1197 480 1263 552 quia
1286 477 1412 537 videlicet
1431 477 1584 548 iniquitatis
1608 479 1816 539 abundantiam

170 574 297 630 villosam
320 588 383 630 csse
405 572 582 631 manifestum
598 582 650 643 est,
671 576 792 632 tunicam
813 593 879 634 vcro
900 593 962 634 esse
1014 575 1059 630 ille
1074 588 1208 635 numerus
1227 570 1383 642 superdeus
1399 568 1545 640 signifieat,
1559 571 1593 627 de
1613 584 1670 645 quo
1692 586 1750 627 unu
1768 580 1819 628 est

170 666 264 737 negari
289 680 344 721 non
366 673 476 737 potest,
501 681 564 722 cum
597 666 625 721 in
650 666 748 725 Genesi
771 668 903 741 seriptum
926 668 963 726 sit
1013 666 1096 723 modo
1114 663 1260 723 dicendum
1282 678 1330 737 per
1352 661 1485 733 singula:
1505 662 1679 737 prophetant,
1694 676 1766 718 vero
1783 671 1816 718 et

170 755 248 829 (Gen.
266 757 320 827 ιιι),
334 758 408 829 quod
424 758 557 828 Dominus
572 759 639 816 Adae
654 766 683 817 et
701 762 781 818 uxori
807 760 868 833 ejus
888 761 962 819 tuni·
1012 759 1105 816 amicti
1119 773 1210 827 saeco,
1229 755 1255 813 id
1273 763 1316 813 est
1342 754 1369 813 in
1394 753 1551 811 omnimoda
1565 754 1735 825 poenitcntiae
1755 754 1815 811 bu·

169 849 480 922 caspeliiciasderlerit.
497 854 550 911 Sed
567 856 799 929 unusquisquam
814 873 961 917 suosensu
1013 850 1174 915 miliarione,
1192 862 1276 920 quam
1302 846 1385 907 etiam
1405 844 1435 901 in
1458 843 1554 902 habitu
1571 844 1640 905 luris
1658 846 1759 905 humili
1781 855 1816 903 et

170 943 292 1000 abundet
306 963 313 1012 ;
328 954 412 1018 atque
425 945 531 1004 utinam
546 950 639 1009 omnia
661 951 688 1006 tn
706 951 914 1009 aedificationem
934 960 962 1008 rt
1012 944 1120 1016 abiecto
1133 941 1286 1015 prolerunt,
1299 948 1354 995 tarn
1367 938 1459 996 cleriei
1471 952 1554 1011 quam
1565 939 1693 996 monachi
1705 939 1819 1011 griseis

169 1052 225 1092 xrnn
237 1037 265 1091 in
278 1037 434 1110 aliqnorum
449 1041 667 1099 destructionem
678 1043 761 1101 liant!
778 1044 826 1101 sed
838 1053 866 1102 et
876 1045 900 1102 si
911 1043 961 1101 ali·
1011 1046 1040 1094 et
1054 1036 1151 1109 nigris,
1167 1033 1253 1091 lentis
1274 1042 1301 1089 tt
1322 1031 1403 1088 lincis
1414 1030 1517 1100 γεδῑῑῑῑ,
1540 1031 1606 1087 dum
1626 1030 1654 1088 in
1680 1032 1815 1089 vestibit*

170 1129 218 1199 qni
231 1128 314 1185 aliter
327 1131 446 1201 sapiunt,
461 1140 488 1188 et
501 1133 554 1191 hoc
567 1133 621 1191 illis
645 1132 718 1193 Deus
738 1135 877 1192 revelabit.
1012 1126 1071 1186 sois
1087 1142 1143 1182 nnn
1156 1125 1287 1192 nitorem,
1303 1123 1346 1180 vel
1358 1123 1487 1195 pretium.
1504 1130 1553 1178 aut
1569 1121 1725 1189 mollitiem,
1745 1122 1815 1188 sed,

206 1218 270 1278 llaec
294 1230 385 1277 avitam
411 1225 516 1279 nonin
542 1224 748 1298 derogationem
783 1225 904 1295 illorum,
927 1227 961 1284 (le
1012 1221 1085 1294 quod
1098 1217 1256 1277 necessitati
1272 1232 1335 1273 cum
1350 1216 1494 1272 honestate
1504 1213 1630 1283 sulliciat,
1641 1214 1812 1289 requirunt;

170 1311 273 1384 quibus
286 1314 436 1385 loquimur,
447 1313 569 1377 ,teatrum
583 1317 713 1388 dixerim,
725 1318 771 1390 qui
782 1319 851 1379 milri
864 1318 922 1376 lere
932 1321 960 1376 in
1012 1314 1065 1370 hoe
1082 1311 1209 1368 videlicet
1221 1309 1263 1367 eis
1274 1311 1301 1365 in
1313 1321 1459 1366 commune
1469 1305 1734 1379 praenuntiarem
1748 1308 1814 1363 rsit

170 1401 299 1459 omnibus
315 1402 486 1462 admirandae
507 1415 535 1462 et
559 1408 741 1479 praedieandae
755 1409 918 1467 humilitatis
935 1421 961 1468 et
1012 1405 1140 1464 notabilis
1152 1403 1263 1460 habitus
1276 1417 1383 1460 eorum.
1400 1420 1410 1455 ι

174 1493 366 1552 sanctimoniae
402 1497 595 1571 patientiaeque
631 1499 767 1571 videntur,
794 1501 864 1559 inter
890 1495 961 1574 quos
1048 1498 1101 1555 Sed
1115 1496 1244 1568 cuiquam
1260 1494 1378 1551 tortasse
1394 1491 1529 1561 videatur,
1546 1491 1618 1563 quod
1633 1491 1702 1548 ordo
1717 1505 1812 1549 mo·

169 1584 251 1639 ctiam
267 1587 415 1645 nonnullos
431 1588 552 1646 illustres
569 1591 645 1647 viros
661 1600 792 1664 tanquam
812 1591 959 1650 luminaria
1012 1591 1092 1648 nicus
1104 1587 1132 1644 in
1155 1586 1250 1644 habitu
1265 1600 1316 1643 suo
1331 1584 1405 1641 lineo
1426 1592 1454 1642 et
1475 1584 1592 1641 earrdido
1604 1583 1812 1657 aliquantulum

168 1675 291 1732 caelestia
306 1692 423 1735 veneror
438 1689 465 1737 et
478 1681 639 1753 amplector,
652 1682 808 1739 sicutenim
825 1683 852 1738 in
865 1684 961 1741 ordine
977 1669 1166 1739 ”honestatis
1187 1678 1284 1735 ordine
1307 1677 1461 1735 monastico
1483 1678 1644 1753 sequentior
1665 1676 1712 1746 sit,
1731 1676 1812 1748 qaod

171 1774 266 1821 nostro
276 1763 354 1839 llugo
365 1768 423 1838 (15)
436 1783 485 1841 per
497 1769 601 1826 donem
613 1770 735 1826 scientiae
744 1772 888 1845 magnifiee
899 1773 961 1830 illu·
1012 1772 1113 1831 mirum
1128 1782 1260 1831 nonest:
1276 1768 1408 1829 nonnulla
1420 1767 1492 1826 enim
1508 1768 1578 1824 inter
1591 1778 1741 1841 utmmque
1756 1784 1805 1823 or·

170 1858 294 1913 minatus
310 1859 413 1917 nostris
438 1860 608 1931 temporibus
625 1870 755 1933 tanquam
777 1863 854 1919 stella
870 1875 961 1922 matu·
1011 1866 1103 1923 dinem
1118 1864 1300 1939 prolessionis
1313 1878 1345 1920 ae
1358 1859 1508 1920 testimonii
1522 1858 1676 1917 diliercntia
1695 1867 1751 1924 est,
1767 1857 1813 1915 εἰ*

168 1949 226 2004 tina
246 1949 359 2015 cll'ulsit,
381 1958 408 2005 et
422 1953 560 2023 quomodo
574 1953 602 2010 in
626 1952 724 2010 ordine
738 1954 961 2013 cluniaconsium
1012 1959 1122 2030 quidem
1138 1957 1207 2015 ordo
1221 1956 1393 2016 monasticus
1406 1954 1434 2009 in
1449 1952 1544 2009 habitu
1560 1952 1669 2024 lugubri
1682 1953 1811 2024 seipsum

168 2039 326 2097 lrrrdbertus
343 2041 429 2098 abbas
442 2042 591 2101 Tulliensis
602 2045 660 2118 (11)
672 2047 758 2103 totius
771 2063 840 2119 pene
856 2047 962 2106 Veteris
1012 2049 1116 2107 mundo
1132 2049 1314 2117 mortificans,
1330 2053 1445 2103 mortem
1462 2044 1541 2104 nohis
1555 2042 1669 2112 Christi,
1689 2054 1717 2102 et
1736 2061 1811 2116 aaa·

168 2147 202 2188 ae
213 2130 283 2189 Novi
297 2131 467 2191 Testamenti
486 2133 628 2207 expositor
646 2135 773 2203 illustris,
788 2137 912 2194 ordinem
928 2138 963 2193 il·
1012 2145 1076 2200 liter
1090 2143 1116 2200 ei
1132 2158 1194 2200 cum
1213 2142 1289 2199 vitiis
1306 2152 1333 2201 et
1355 2138 1589 2212 concupiscentiis
1604 2136 1744 2199 eomumri
1760 2137 1812 2192 rie-

168 2223 225 2277 lum
236 2238 350 2279 aureum
363 2231 496 2295 unquam
508 2224 635 2295 topazius
645 2235 771 2296 exornat,
779 2227 816 2284 ita
827 2227 855 2285 ia
865 2229 962 2287 ordine
1012 2235 1128 2292 mamus
1142 2233 1316 2301 {denuntiant
1339 2231 1408 2289 ordo
1429 2245 1494 2287 teto
1512 2228 1647 2287 clericulit
1658 2228 1686 2283 in
1710 2227 1810 2283 habiit!

171 2313 399 2392 cisterciensium
414 2315 501 2375 abhas
516 2315 677 2377 clarevallis
701 2318 869 2393 Bernardus,
887 2323 961 2380 donn
1012 2326 1130 2383 candido
1154 2340 1216 2381 eom
1243 2324 1341 2396 angelo
1364 2323 1443 2380 testis
1464 2320 1678 2379 resurrectionis
1702 2319 1811 2375 Christi

168 2406 333 2463 lrnmilitatis
349 2421 382 2462 ac
405 2407 546 2478 sapientiae
567 2410 710 2480 praeditus,
730 2427 860 2486 magnum
877 2415 961 2470 coelc·
1013 2417 1174 2490 prmlulget;
1189 2415 1321 2471 nimirum
1336 2414 1455 2488 qualiter
1473 2414 1586 2470 Christo
1604 2408 1810 2483 conresurge-22

166 2497 218 2553 stis
230 2497 299 2553 ante
310 2497 447 2555 lurninare
460 2508 513 2567 est,
525 2510 554 2556 et
566 2501 698 2558 eximium
712 2502 786 2561 itlius
798 2505 907 2563 ordinis
916 2522 961 2560 nr·
1012 2516 1053 2564 tes
1067 2507 1095 2562 in
1111 2506 1234 2563 novitate
1246 2505 1309 2561 vitae
1321 2504 1463 2562 ambulare
1475 2503 1635 2569 debeamus,
1649 2501 1808 2559 insinuans.

168 2598 337 2644 nomentum.
361 2587 494 2646 Similiter
515 2602 542 2647 et
561 2590 714 2650 llorhcrtus
737 2596 962 2668 archiepiscopus
1012 2598 1148 2672 objicitur
1163 2600 1247 2656 etiam
1263 2598 1379 2672 lursitan
1397 2597 1477 2655 nobis
1491 2597 1526 2653 ah
1545 2595 1679 2669 imperitis
1694 2604 1811 2669 proptoe

168 2680 321 2750 magnificae
333 2680 466 2738 doetrinae
479 2682 553 2739 dorso
567 2686 731 2756 prepollens
746 2686 819 2743 hand
834 2688 959 2757 dubium,
1012 2691 1084 2747 lanae
1098 2691 1126 2746 in
1141 2691 1296 2749 vervecinis
1319 2690 1439 2763 pellibus
1461 2688 1616 2758 mollitiem,
1641 2686 1721 2761 quasi
1740 2687 1810 2745 dieti

168 2773 235 2843 quin
246 2781 274 2828 ct
287 2772 383 2842 ipsein
396 2772 518 2829 Ecclesia
535 2773 584 2830 liei
597 2774 731 2833 luminare
743 2777 909 2849 praeclarum
919 2778 961 2835 el·
1011 2781 1148 2841 Dominiei
1167 2783 1277 2856 eloquio
1293 2782 1433 2839 notabiles
1445 2780 1598 2849 videamur,
1610 2779 1686 2855 quod
1695 2779 1732 2835 ab
1745 2779 1809 2851 ipso

168 2864 286 2920 fulserit.
304 2863 357 2919 Sed
373 2863 438 2935 ipsi,
453 2881 569 2936 quoscx
589 2866 631 2924 eis
650 2867 830 2939 sapientiores
846 2870 910 2926 novi
934 2879 961 2928 et
1015 2887 1100 2945 super
1117 2872 1234 2931 loannis
1256 2873 1384 2944 Baptistae
1398 2872 1501 2928 amictu
1518 2869 1693 2927 dictumest:
1707 2888 1719 2923 ι
1734 2868 1808 2937 Quid

167 2972 297 3032 veneror,
312 2972 367 3012 nen
380 2958 433 3013 alia
445 2957 479 3015 de
492 2958 549 3027 his,
563 2976 646 3031 qrram
661 2976 723 3039 quae
735 2962 881 3032 sentimus,
898 2979 962 3020 sen·
1012 2965 1108 3024 existis
1117 2966 1143 3021 in
1156 2967 1294 3025 desertum
1305 2965 1418 3023 videre?
1427 2963 1566 3021 hominem
1578 2963 1707 3021 mollibus
1720 2963 1810 3019 vesti

168 3050 258 3119 tiunt;
275 3065 338 3105 nam
361 3057 388 3105 et
412 3049 499 3106 abbas
513 3049 673 3108 clarevallis
686 3051 844 3111 herrardus
863 3053 898 3110 de
912 3069 961 3110 ne-
1014 3058 1095 3114 toml
1119 3073 1193 3128 ecee,
1216 3058 1265 3130 qui
1289 3057 1420 3114 mullibus
1440 3055 1606 3123 vestiuntur,
1626 3054 1654 3110 in
1677 3054 1809 3111 domibus

168 3150 227 3198 stro
240 3141 275 3198 ad
291 3158 372 3201 suurn
384 3142 509 3199 ordinem
527 3142 687 3216 translegas
700 3144 848 3217 improbat,
861 3155 889 3202 et
909 3145 962 3202 Pa·
1012 3166 1107 3223 regum
1126 3159 1192 3208 sunt
1211 3150 1324 3225 (berth.
1340 3150 1414 3221 xp.»
1435 3146 1489 3205 Sed
1511 3163 1566 3203 nort
1579 3148 1649 3204 hene
1661 3147 1810 3203 attendunt

168 3245 211 3291 ter
222 3232 527 3292 Norhcrtuslanearum
539 3235 695 3292 tunicarum
709 3236 737 3292 in
748 3238 822 3294 clero
832 3238 961 3294 inductor
1014 3241 1077 3315 ipsi,
1094 3241 1147 3296 boe
1161 3240 1245 3296 verbo
1259 3255 1276 3296 a
1295 3239 1414 3297 Domino
1429 3255 1484 3295 non
1496 3253 1606 3297 omnem
1624 3238 1809 3295 vestimente-

169 3327 242 3382 idcm
253 3328 313 3398 ipse
325 3343 383 3384 sue
395 3328 580 3385 institutionis
590 3330 765 3400 postmodum
781 3332 886 3391 exstitit
896 3347 961 3388 eor·
1011 3347 1074 3388 rum
1085 3329 1226 3387 mollitiem
1241 3331 1450 3403 reprehensam,
1460 3329 1507 3385 sed
1520 3342 1583 3383 eam
1598 3326 1764 3399 specialiter,
1777 3327 1809 3384 in

169 3427 268 3473 rector.
281 3417 400 3488 Etenim,
414 3434 478 3474 cum
489 3430 564 3477 esset
573 3421 669 3493 iunior
676 3420 802 3497 cingebat
814 3439 853 3488 se,
867 3431 894 3481 et
904 3440 961 3481 am·
1012 3439 1067 3495 qua
1082 3423 1226 3480 mollitiem
1250 3421 1334 3480 etiam
1355 3420 1515 3495 pretiositas
1533 3419 1630 3490 iuncta
1645 3419 1807 3488 comitatur,

169 3510 292 3578 balabat,
308 3511 354 3567 ubi
372 3510 492 3581 volebat,
507 3512 603 3585 sicque
617 3528 666 3584 per
677 3514 812 3572 novitium
824 3516 959 3574 terrorem
1012 3527 1043 3574 ut
1058 3525 1124 3574 sunt
1144 3524 1235 3574 vestes
1253 3515 1287 3572 de
1299 3512 1435 3587 pelliculis
1448 3513 1654 3586 peregrinarum
1672 3511 1807 3580 murium,

167 3602 326 3685 etjrrvenilc
345 3602 430 3659 animi
453 3604 539 3661 robur
552 3606 581 3662 in
594 3604 668 3662 illam
689 3606 893 3665 simulationem
913 3607 961 3664 ad·
1012 3619 1040 3668 et
1053 3611 1087 3668 dc
1100 3609 1190 3667 scrico
1211 3615 1354 3675 conuertas,
1365 3613 1393 3662 ct
1414 3604 1438 3662 si
1454 3621 1516 3678 quae
1532 3613 1599 3662 sunt
1611 3603 1760 3683 ejusmodi,
1778 3603 1807 3659 iu

168 3695 268 3750 duetus
283 3703 336 3759 est,
351 3709 415 3751 cum
429 3705 522 3751 autem
536 3695 684 3765 serxuisset,
696 3697 754 3769 jam
771 3695 860 3754 lactus
877 3699 959 3756 ctiam
1012 3706 1113 3778 quibes
1128 3704 1285 3778 pretiositas
1299 3716 1363 3763 cum
1383 3699 1499 3756 mollitie
1515 3699 1619 3757 sociata
1640 3696 1809 3754 Chtissit'm

171 3788 413 3860 archiepiscopus,
434 3788 563 3848 Ecclesiae
587 3790 688 3847 cedens
708 3789 864 3847 auctoritati
877 3791 961 3849 simul
1013 3796 1183 3870 paupertatis
1206 3793 1410 3865 simplieitatem
1433 3798 1462 3848 et
1484 3789 1665 3847 humilitatem
1686 3787 1807 3854 excedit,

160 3872 329 3954 'erarruqoae
345 3881 550 3951 consuetudini,
573 3891 704 3955 maguam
719 3884 826 3942 cinctus
846 3884 880 3940 ab
894 3884 959 3951 ailo.
1012 3890 1086 3963 quod
1113 3887 1289 3944 manilestius
1304 3883 1395 3940 Lucas
1416 3882 1583 3955 evangelista
1605 3880 1740 3953 insinuat,
1757 3878 1806 3951 qui

169 3974 279 4040 tunicas
294 3974 354 4047 ipse
371 3975 460 4032 lineas
473 3975 589 4045 aceepit,
610 3974 693 4032 simul
712 3984 740 4032 et
762 3976 831 4044 suis,
846 3977 893 4049 qui
907 3976 962 4047 sibi¹
1012 3980 1054 4039 sic
1068 3982 1123 4037 ait:
1140 3996 1149 4033 ι
1166 3977 1236 4036 Ecce
1249 3977 1336 4050 quiin
1351 3984 1427 4035 veste
1440 3974 1561 4046 pretiosa
1571 3980 1637 4030 sunt
1648 3980 1677 4027 et
1687 3969 1807 4036 deliciis,

168 4074 320 4138 presentes
337 4076 419 4124 erant
431 4067 587 4140 discipulis,
601 4075 633 4124 ut
645 4067 686 4124 cis
697 4068 874 4139 vestirentur,
889 4084 962 4142 prae-
1012 4073 1041 4129 in
1057 4070 1185 4129 domibus
1202 4084 1298 4143 regum
1322 4075 1388 4125 sunt
1415 4063 1493 4137 (lae.
1517 4064 1604 4137 vn).r
1626 4061 1696 4118 bum
1721 4061 1807 4134 igitur

168 4161 251 4232 cepit,
264 4160 371 4230 volens,
393 4160 447 4219 boe
466 4160 556 4231 ipsum
577 4161 605 4216 in
627 4169 684 4217 toto
699 4175 757 4218 sue
778 4161 961 4221 institutionis
1012 4160 1333 4234 liatthaeuscvangellsta
1345 4167 1437 4214 vestes
1451 4153 1661 4225 molles,hueas
1675 4170 1751 4223 vern,
1774 4162 1807 4210 ut

169 4253 243 4309 clero
257 4251 391 4320 edeeisse,
407 4251 455 4308 sed
470 4261 559 4309 morte
579 4262 800 4323 praeventusest
819 4252 961 4312 etamul-
1012 4258 1114 4321 dietum
1136 4264 1191 4322 est,
1213 4262 1318 4314 vestem
1342 4250 1491 4329 pretiosam
1515 4249 1750 4319 nominatarum
1775 4249 1807 4304 iu

169 4346 206 4401 tis
227 4352 336 4416 recepta
356 4345 530 4407 consuetudo
549 4344 642 4401 subito
664 4344 767 4403 aolcrri
788 4362 842 4409 non
861 4349 961 4422 potuit.
978 4360 1090 4425 preste
1108 4346 1252 4409 mollitiem
1268 4343 1402 4405 [iambres
1419 4342 1609 4416 reprehendat,
1625 4341 1805 4399 manifestum

170 4435 224 4492 Sed
240 4436 274 4492 de
295 4437 339 4495 bis
360 4435 504 4497 haetenus
528 4433 638 4492 interim
654 4450 721 4491 vere
737 4445 766 4492 et
786 4436 870 4508 buius
885 4437 961 4494 verbi
1013 4450 1069 4510 cst3
1085 4449 1115 4498 ut
1131 4438 1299 4507 innocentia,
1313 4451 1396 4510 guam
1409 4450 1458 4509 per
1468 4433 1645 4507 Evangeiium
1656 4433 1804 4507 impugna-

168 4527 307 4599 tpuoddam
315 4527 383 4583 mihi
391 4528 481 4583 lucere
488 4525 635 4597 vestigium
643 4525 843 4602 videtur,quod
853 4528 880 4582 in
888 4527 963 4599 ripn·
1012 4549 1042 4589 re
1055 4529 1307 4596 moliuntur,etiarn
1319 4543 1368 4605 per
1379 4523 1557 4601 Evangelium
1569 4523 1657 4585 valcat
1665 4522 1804 4580 delcnsari

168 4621 716 4697 calypsiioannisabominepraedietum
725 4631 767 4683 est
782 4642 789 4680 :
806 4641 815 4675 r
835 4622 961 4690 Etdabo,
1012 4634 1068 4682 tam
1082 4621 1215 4709 inpubis
1236 4635 1320 4693 quan
1343 4617 1500 4685 monacbis,
1516 4616 1625 4689 pellicia
1646 4624 1733 4685 veste,
1754 4616 1805 4671 sed

170 4712 278 4790 inquit,
304 4711 413 4770 duobus
445 4712 563 4771 testibus
596 4711 686 4780 meis,
712 4720 740 4767 et
759 4711 963 4784 prophetabant
1012 4730 1068 4775 non
1092 4713 1213 4789 pretiosa
1236 4710 1388 4773 utentibus.
1413 4708 1486 4769 Sane
1507 4706 1536 4771 in
1561 4705 1687 4764 vestibus
1715 4704 1809 4764 saeris

168 4804 266 4862 diebm
278 4804 352 4860 mille
361 4805 487 4863 ducentis
497 4806 651 4878 sexaginta,
666 4803 761 4863 amicti
772 4820 853 4869 sacen
867 4806 959 4878 (Aper.
1011 4808 1095 4867 etiam
1113 4804 1314 4880 pretiositatem
1340 4798 1546 4872 hituiptbiiiiet
1572 4798 1755 4865 admittimus,
1775 4807 1805 4853 ὅ

169 4895 221 4970 ιιι).
239 4915 249 4949 x
266 4893 374 4952 Etenim
389 4912 452 4953 eum
468 4897 499 4953 ita
512 4898 621 4955 duobus
636 4898 753 4959 estraes
770 4907 845 4959 recte
859 4906 962 4972 marty·
1011 4899 1102 4957 solent
1124 4895 1269 4957 admittere
1290 4894 1320 4955 bi
1339 4890 1466 4966 11111,ψὶ
1482 4890 1517 4953 de
1531 4888 1684 4957 1101181100
1705 4886 1806 4944 θῑΰῖΰθ

169 5004 214 5045 res
228 4985 438 5046 etennlessores
455 4989 653 5064 intelligantur,
668 5005 725 5050 non
740 4991 962 5052 intervenienter
1012 5003 1110 5047 sanum
1129 4987 1252 5059 sapiunt,
1273 4984 1410 5050 videlieet,
1433 4990 1465 5043 vt
1484 4979 1622 5063 eiusnodi
1645 4977 1806 5049 militm,

169 5082 252 5138 etlam
270 5081 316 5140 hic
328 5082 384 5139 duo
397 5080 519 5149 ordines,
540 5080 705 5141 elericorum
719 5083 846 5145 videlieet
861 5093 889 5145 ct
903 5099 962 5140 mo·
1012 5081 1156 5153 mysticam
1180 5078 1315 5141 rationetur
1339 5074 1516 5142 habentihttx
1537 5072 1691 5133 mihim
1712 5071 1806 5128 ⁰⁰⁸²st

170 5171 323 5229 racharum
337 5185 447 5245 percos
459 5170 551 5227 volem
565 5159 692 5245 intelligi,
705 5172 807 5249 quibes
816 5172 898 5229 etiam
911 5188 961 5228 ne-
1012 5171 1163 5231 nomiman
1174 5184 1259 5231 erute
1272 5169 1347 5226 irrisi
1358 5167 1489 5227 decenter
1503 5164 1705 5239 cooperiamus.
1720 5161 1805 5221 lasu-

170 5274 229 5329 stru
242 5265 270 5321 in
286 5273 408 5336 tempore
422 5279 471 5337 per
494 5264 587 5321 daem
600 5262 732 5322 divinitus
748 5264 911 5336 sapientiam
929 5278 961 5320 os
1011 5271 1100 5336 peret
1115 5259 1214 5321 lutere
1226 5257 1343 5337 gloriam
1357 5256 1580 5324 msorrecuonis,
1591 5267 1654 5327 qaae
1665 5253 1802 5311 revelabi

170 5359 204 5414 ad
223 5357 442 5430 prophetandum
456 5367 485 5415 ct
505 5357 709 5431 praedicendum
732 5353 892 5430 mysterium
912 5353 960 5412 liei
1012 5349 1345 5424 toriunobis,ejusmodi
1357 5345 1803 5420 vestiumdecorepraesignamus,

206 5492 265 5562 (11)
284 5492 430 5560 Presbvtcr
444 5506 471 5561 et
489 5492 576 5549 abbas
597 5492 627 5549 S.
652 5491 772 5550 Victoris
796 5490 960 5547 Parisiensis
1048 5487 1105 5561 (11)
1124 5485 1163 5543 lto
1176 5489 1228 5545 boe
1246 5487 1422 5559 anonymum
1440 5481 1628 5566 Hellieensem
1646 5481 1675 5539 ln
1689 5480 1746 5537 une
1757 5480 1799 5535 lti-

172 5563 232 5615 enl.
247 5572 347 5644 canon.
359 5578 416 5686 rer.
429 5560 550 5645 ηις...
560 5564 671 5619 natione
682 5562 764 5617 Saxo.
777 5560 815 5616 lta
825 5560 958 5627 Trlthem.
1010 5557 1154 5616 turturea
1165 5554 1503 5637 benedictinofhlaurianae
1519 5564 1638 5624 persuum
1660 5553 1742 5608 adeat
1761 5554 1800 5608 lc·

172 5634 206 5687 te
220 5630 385 5707 Serrptrssce
399 5630 594 5701 diethelmus,
607 5642 677 5714 tonr.
686 5631 719 5686 lll
732 5631 796 5688 iter.
811 5631 939 5715 Gerrnan'.
1011 5637 1084 5683 ator.

1628 5691 1674 5719 .·.·
1702 5698 1709 5706 ·
1732 5706 1784 5748 ,ἱ
