3892 6067
104 202 175 261 {389
523 198 696 257 btnteutts
716 198 761 254 DE
778 194 936 254 ctsstttets
956 193 1094 251 SAECUL.
1116 194 1160 250 tta
1178 170 1307 252 REGUL'.
1354 168 1357 177 *
1664 202 1733 258 teet

102 320 166 384 bus,
179 316 275 373 altaris
288 316 407 372 ministri
420 331 482 372 cum
495 317 668 388 junioribus,
684 326 715 373 ut
733 332 765 372 ea
785 333 846 388 quae
863 319 891 371 in
906 322 929 379 Α
944 315 971 369 ιιι
985 314 1043 385 ipsa
1060 313 1209 368 officiorum
1224 311 1367 368 temeraria
1381 314 1607 386 praesumptione
1620 318 1663 373 rel
1674 336 1735 376 mn-

101 410 211 466 oeculto
231 410 309 475 liunt,
325 423 386 479 que
405 417 432 463 ιι
447 415 526 478 turpe
536 418 579 464 est
592 409 693 477 dicere,
705 417 820 473 taceam,
835 417 895 464 tan·
946 423 1012 463 nere
1026 407 1152 477 obsequii
1165 407 1290 473 indebiti,
1305 407 1376 477 quod
1392 407 1422 462 ιι
1442 408 1469 463 ιιι
1484 411 1660 466 exsecutione
1682 415 1736 467 mi-

100 511 157 559 tam
176 500 283 557 habetis
296 500 324 555 in
336 499 494 557 defensione
507 500 580 557 illius
594 502 656 557 vite
669 511 766 557 vestrae
779 516 894 558 concor·
946 499 1051 556 nisterli
1070 499 1105 555 ab
1126 498 1233 555 altioris
1261 499 1442 570 professionis
1471 500 1629 558 hominibus
1655 504 1737 558 erhi-

100 591 186 658 diam,
204 599 235 645 ut
248 604 299 663 ιιι
313 576 455 660 provehis
469 590 564 647 timere
578 606 677 662 cogar,
693 607 728 645 nc
742 590 894 661 adaptanda
946 591 1044 659 bendi;
1065 591 1106 647 vel
1120 591 1327 662 pecuniaeque
1342 590 1471 649 Simoniac
1489 595 1595 664 speeies
1607 595 1736 651 omuibus

100 684 180 740 vobis
192 683 228 739 sit
242 683 287 737 ills
306 682 353 738 liei
369 683 514 749 sententia,
537 699 591 753 qua
605 683 720 751 loquens
734 683 768 737 ad
784 683 894 736 beatum
945 692 989 739 cst
1001 683 1086 739 nuda.

99 773 153 830 tob
162 773 292 830 describit
307 788 437 844 squamas
458 772 607 827 Leviathan
622 773 700 842 quasi
725 782 802 827 scuta
829 772 895 828 insi-
982 773 1201 829 Secundinum
1220 778 1349 847 estquod
1372 779 1481 833 conaris
1506 788 1631 836 astruere
1646 789 1674 835 ut
1689 782 1737 850 qni

100 865 149 932 lia,
166 865 283 920 invicem
295 865 497 935 sepremeutia,
508 871 538 920 ut
551 881 586 919 ne
597 863 767 935 spiraculum
782 866 893 935 quidem
944 880 990 920 res
1006 857 1219 921 'ecclesiasticas
1246 867 1281 921 ab
1303 867 1357 936 his,
1380 869 1414 924 ad
1431 885 1492 940 ιιι
1520 871 1645 927 instituta
1661 880 1736 937 sunt,

99 957 211 1013 incolat
225 972 272 1025 per
282 954 338 1009 illa.
364 952 440 1010 Unde
452 956 476 1010 si
491 970 550 1021 vos,
563 955 610 1025 ιιι
621 955 767 1010 sanctioris
794 956 820 1009 in
850 954 894 1010 illa
945 958 1067 1013 alienant
1081 958 1226 1028 speciebus
1240 977 1385 1016 mainerum
1400 963 1639 1033 praesignatorum,
1663 964 1737 1020 inci·-

99 1047 157 1102 vita
178 1046 256 1112 falsa,
276 1054 304 1100 et
318 1059 383 1101 vem
397 1054 484 1102 morte
506 1045 653 1113 videmini,
671 1046 707 1100 ad
722 1046 895 1116 bocy‘ejuna·
945 1046 1013 1100 dant
1028 1046 1189 1102 idololatriae
1208 1050 1250 1103 ιιι
1273 1048 1403 1105 Simonias
1418 1053 1587 1122 contagium.
1606 1056 1736 1109 Attamen

100 1138 148 1206 tis,
164 1137 198 1193 ad
214 1137 268 1192 hoc
284 1137 472 1209 eleemosynas
487 1137 569 1203 datis,
588 1137 623 1193 ad
642 1137 695 1192 boc
718 1138 844 1208 psallitis,
864 1147 895 1193 nt
945 1152 997 1193 nos
1012 1153 1065 1193 non
1087 1137 1192 1194 fuinrus
1218 1140 1300 1210 primi
1326 1142 1501 1210 alienatores,
1520 1143 1596 1214 quod
1619 1143 1737 1204 fortasse

100 1245 158 1284 non
173 1228 207 1284 de
221 1229 265 1283 illa
279 1229 332 1284 vita
347 1229 511 1296 liberemini,
527 1229 574 1285 sed
594 1237 623 1284 ιι
637 1229 664 1282 ιι
680 1229 725 1283 illa
740 1229 893 1297 salvemini,
945 1230 1035 1284 reddit
1048 1245 1100 1286 nos
1111 1231 1146 1286 ab
1160 1232 1212 1287 bae
1224 1232 1358 1288 sententia
1370 1233 1518 1291 immunes.

98 1320 220 1393 judicem
234 1320 352 1376 uitirnini
367 1336 552 1391 corrumpere,
563 1330 594 1375 ut
604 1328 699 1390 parcat
710 1335 763 1374 non
777 1320 893 1386 hornini,
981 1318 1085 1375 hesua.
1102 1317 1162 1374 Non
1177 1336 1238 1392 ego,
1252 1322 1299 1376 sed
1320 1320 1422 1379 Lucios
1437 1340 1506 1395 papa
1526 1335 1553 1381 et
1568 1335 1674 1399 martyr
1687 1328 1738 1385 tibi

100 1412 151 1469 sed
167 1412 287 1496 hominis
305 1412 402 1483 eulpae,
415 1411 490 1483 quod
503 1411 666 1482 penitus'est
678 1411 856 1482 impossibile,
867 1423 895 1466 et
946 1411 1119 1479 respoudeat,
1135 1411 1231 1481 quide
1251 1413 1419 1482 raptoribus,
1443 1414 1659 1486 fraudatoribus,
1672 1417 1739 1475 alie·

101 1515 192 1562 tamen
208 1505 290 1559 etiarn
304 1520 355 1574 pro
368 1505 421 1561 boe
431 1504 512 1560 babet
528 1519 575 1560 vos
589 1505 729 1573 daumare,
742 1507 818 1575 quia,
832 1504 895 1560 licet
945 1503 1090 1558 natoribus
1107 1519 1200 1558 rerum
1223 1504 1484 1573 ecclesiasticarum,
1503 1522 1655 1579 corumque
1672 1525 1742 1566 c0n2

101 1596 359 1664 [castrametatis
376 1611 439 1652 eum
453 1612 639 1668 corrumpere.
946 1593 1108 1649 sensoribus
1132 1593 1203 1649 inter
1219 1602 1315 1649 caetera
1340 1596 1381 1651 sic
1397 1596 1503 1652 intonat
1525 1614 1586 1668 cap.
1605 1600 1642 1654 l:
1662 1619 1671 1651 r
1685 1600 1739 1669 Qui

139 1686 244 1743 Secta.
265 1685 337 1741 Dure
357 1702 410 1742 nos
433 1686 555 1756 tetigisti,
569 1702 632 1741 cunr
648 1702 698 1742 nos
719 1687 799 1758 quasi
813 1702 897 1758 squa-
912 1686 933 1741 E
947 1682 1050 1739 Christi
1075 1683 1207 1754 pecunias
1221 1693 1248 1739 et
1263 1683 1392 1742 Ecclesiae
1414 1686 1513 1755 aufert,
1529 1688 1639 1744 fraudat
1652 1700 1680 1746 et
1693 1706 1739 1746 ra-

102 1793 163 1833 mas
173 1777 281 1847 corpori
293 1776 442 1832 Leviathau
453 1777 611 1848 assignasti.
947 1775 997 1845 pit,
1013 1774 1151 1830 homicida
1171 1777 1198 1830 in
1218 1787 1368 1848 conspeetu
1381 1778 1450 1848 justi
1467 1780 1570 1849 judicis
1579 1795 1642 1837 esse
1654 1781 1741 1852 depu-

139 1869 242 1925 lisset.
264 1869 333 1925 llere
346 1879 376 1925 ut
389 1871 423 1927 de
437 1871 515 1927 vobis
531 1880 646 1939 taceant,
661 1886 777 1942 quorum
789 1888 842 1926 non
857 1872 897 1927 in·
948 1867 1061 1922 tabitur.
1084 1864 1163 1921 Unde
1186 1877 1213 1924 et
1230 1867 1326 1937 ludas,
1348 1869 1395 1938 qui
1418 1872 1563 1940 pecuniam
1589 1871 1739 1941 fraudarit,

101 1969 181 2016 tueor
193 1960 399 2027 conscientiam,
416 1961 495 2017 valde
515 1977 560 2017 nte
580 1962 677 2017 liberet
696 1974 792 2018 contra
817 1964 894 2018 illurn
947 1973 1010 2029 ιιιιι
1025 1959 1125 2013 usibus
1140 1956 1280 2027 Ecclesiae,
1296 1960 1324 2016 id
1346 1963 1577 2032 estpanperibns,
1594 1978 1667 2034 qrms
1688 1963 1742 2020 Ec·

102 2050 253 2108 Leviathau
277 2051 425 2107 durissima
439 2060 467 2108 ιι
481 2051 641 2108 acutissima
661 2052 753 2121 iacula
777 2054 857 2109 dictis
869 2062 897 2110 ιι
947 2050 1031 2105 clesia
1045 2065 1159 2121 pascere
1169 2051 1261 2117 debet,
1277 2051 1497 2109 distribuebatur
1512 2054 1593 2124 jussu
1613 2054 1740 2113 Salvato-

103 2147 214 2218 scriptis
240 2147 358 2214 mittere,
384 2146 438 2202 nisi
459 2146 544 2218 quod,
563 2154 679 2202 testante
708 2145 834 2215 Domino,
862 2147 897 2203 ad
949 2141 1092 2211 ris,cujtts
1114 2141 1203 2197 ricem
1226 2150 1322 2198 tenent
1342 2143 1475 2214 episcopi,
1493 2160 1548 2200 non
1574 2145 1663 2202 solum
1683 2146 1740 2213 fur,

103 2240 177 2297 beati
187 2239 239 2296 lob
251 2241 278 2295 in
295 2239 423 2309 stipulam
436 2239 507 2295 versi
523 2248 586 2293 sunt
600 2240 624 2293 ei
641 2238 730 2308 lapide
742 2238 842 2294 fundae.
948 2234 996 2290 sed
1007 2232 1052 2287 fur
1061 2242 1089 2288 ιι
1099 2233 1251 2306 sacrilegus
1261 2233 1374 2291 effectus
1384 2243 1437 2291 est.
1450 2233 1512 2291 llaee
1521 2236 1579 2291 lleri
1590 2237 1740 2308 prophetae,

141 2328 248 2385 Saeua.
269 2328 321 2396 Qui
336 2328 462 2398 lapides?
482 2326 515 2382 Et
527 2328 607 2397 cujus
620 2326 731 2383 fundar?
948 2325 1007 2380 haee
1019 2325 1147 2395 apostoli,
1161 2334 1189 2381 et
1200 2340 1377 2382 successores
1392 2340 1499 2395 eorum,
1518 2336 1546 2383 et
1558 2328 1682 2384 omnium
1695 2344 1743 2385 ca·

141 2418 245 2477 ιιιιιι.
265 2419 362 2477 Nonne
383 2421 439 2492 jam
462 2419 568 2476 ostendi
583 2427 702 2476 vestram
723 2420 797 2475 illam
813 2404 897 2476 vitam
950 2416 1116 2472 tholicorum
1138 2414 1251 2473 Petrum
1281 2425 1374 2473 vetant
1390 2417 1511 2486 decreta,
1536 2428 1564 2475 et
1585 2418 1654 2476 tales
1670 2435 1742 2490 ιιι-

104 2512 158 2568 ιιι)
170 2514 343 2568 anathemate
357 2513 385 2568 in
399 2511 529 2568 Ecclesiis
542 2511 703 2568 matricibus
713 2511 899 2582 prohibitam!
949 2509 1120 2580 sumptiones
1131 2510 1275 2583 sacrilegia
1297 2525 1357 2565 esse
1379 2510 1542 2580 dijudicant.
1556 2509 1680 2576 Quorum
1691 2525 1743 2566 uos

103 2602 176 2671 Quid
190 2612 232 2659 est
253 2613 344 2659 autem
356 2604 502 2659 anathema
519 2602 692 2668 maranatha,
714 2602 788 2673 quod
812 2603 899 2657 intor-
949 2608 1097 2670 sequentes
1112 2600 1248 2671 exempla,
1273 2615 1369 2655 omnes
1383 2601 1451 2656 tales
1477 2608 1702 2671 presumptores,
1715 2612 1744 2658 et

103 2703 170 2765 quet
195 2692 322 2750 Urbanus
351 2701 455 2764 martyr
475 2692 503 2747 in
529 2693 725 2762 prenominata
751 2693 897 2759 sententia,
950 2689 1081 2745 Ecclesiae
1095 2701 1231 2761 raptores,
1253 2699 1335 2760 atque
1355 2705 1469 2746 suarum
1495 2690 1657 2747 facultatum
1675 2692 1744 2749 alie-

104 2786 340 2858 nisilapisdurus
357 2786 385 2841 ιι
400 2785 575 2856 fundatque
589 2784 709 2851 tandem,
723 2799 786 2839 curn
805 2782 900 2838 bonti-
950 2789 1063 2836 natones
1078 2797 1094 2836 a
1109 2782 1253 2836 liminibus
1268 2791 1370 2836 sanctae
1381 2781 1477 2837 matris
1488 2779 1617 2839 Ecclesiae
1629 2784 1744 2839 anathe-

104 2891 159 2932 ιιι
172 2876 286 2940 venerit,
300 2883 438 2931 sternetur
448 2874 573 2940 altitudo,
591 2890 621 2929 se
638 2888 711 2929 rrunc
727 2873 836 2944 erigens
849 2873 898 2929 ad·
953 2874 1100 2931 tratizatos
1115 2874 1266 2945 apostolica
1284 2873 1447 2928 auctoritate
1464 2872 1604 2943 pellimus,
1626 2882 1653 2928 et
1665 2874 1744 2929 darn·

104 2984 215 3025 tersum
234 2969 377 3024 scientiam
391 2967 517 3024 Christi?
536 2967 590 3023 Sed
614 2968 685 3024 hanc
706 2966 819 3022 fundam
835 2982 898 3022 cum
951 2980 1062 3033 narnus,
1090 2975 1172 3035 atque
1197 2964 1347 3036 sacrilegos
1372 2979 1434 3020 esse
1453 2964 1620 3034 judicamus.
1648 2963 1745 3023 Sedet

106 3059 217 3117 Goliath
232 3058 393 3115 Philisthaeo
407 3074 481 3114 nunc
497 3058 575 3114 multi
587 3058 722 3125 derident,
737 3059 783 3128 ιιι
799 3066 901 3113 temere
952 3075 1049 3116 omnes
1081 3060 1284 3116 consentientes
1308 3059 1360 3128 eis,
1377 3059 1443 3129 quia
1467 3073 1523 3114 non
1538 3058 1626 3116 solum
1641 3059 1688 3129 qui
1704 3057 1746 3115 fa-

106 3153 277 3208 eommittere
292 3152 460 3207 andentnon
475 3151 576 3217 solum,
594 3150 694 3220 quaein
711 3147 824 3219 praelata
846 3147 901 3204 Ur·
953 3154 1040 3221 ciunt,
1066 3153 1107 3210 rei
1130 3152 1302 3222 iudicantur,
1319 3152 1476 3218 sedetiam,
1502 3152 1550 3223 ιιι
1579 3151 1746 3210 facientibus

107 3241 171 3297 bani
185 3240 330 3306 sentientia,
344 3241 390 3296 sed
406 3249 433 3295 ιι
445 3239 514 3295 alias
526 3239 702 3294 inveniuntur
716 3238 768 3294 sub
786 3241 902 3296 anathe-
952 3246 1137 3302 consentiunt
1154 3244 1208 3300 Par
1222 3245 1294 3300 enim
1307 3259 1388 3315 prena
1403 3253 1430 3299 et
1446 3253 1558 3315 agentes
1579 3252 1607 3301 ιι
1626 3260 1746 3303 eonsen-

109 3341 181 3387 mate
204 3331 354 3402 prohibita,
378 3331 479 3402 quibus
504 3330 628 3400 adaptari
650 3337 750 3400 potest,
776 3331 851 3401 quod
874 3333 902 3388 in
952 3337 1051 3392 tientes
1059 3337 1277 3407 conlprehendit.
1293 3355 1303 3388 t
1318 3335 1400 3404 Ecce,
1414 3337 1508 3404 frater,
1524 3338 1572 3408 ιιι
1586 3336 1620 3394 de
1631 3338 1684 3395 hoe
1697 3339 1747 3394 tibi

108 3424 270 3496 Apocalypsi
283 3423 384 3479 dieitur
395 3423 429 3478 de
439 3422 537 3491 hestia,
556 3438 618 3493 ιιι
632 3424 715 3479 habet
724 3424 831 3495 plepem
844 3424 903 3494 qic-
953 3428 1149 3500 applaudebas,
1163 3429 1228 3500 quia
1241 3445 1285 3485 res
1304 3427 1435 3485 Ecclesiae
1453 3437 1483 3484 ιι
1498 3444 1554 3484 ιιι
1581 3431 1688 3501 primus
1711 3432 1747 3487 ab

109 3517 148 3573 dii
158 3527 184 3573 ιι
194 3518 259 3572 risit
273 3516 365 3589 (Aper.
381 3533 441 3583 xrrr,
458 3516 514 3586 tt).
535 3515 588 3582 Qui
603 3518 676 3572 enim
691 3518 744 3572 sibi
764 3517 902 3587 impreca·
954 3536 1006 3577 usu
1019 3523 1179 3592 apostolieae
1196 3523 1259 3577 vitae
1278 3520 1459 3586 alienaveras,
1474 3538 1544 3594 quas
1566 3523 1631 3580 huie
1644 3532 1748 3581 sanctae

109 3618 168 3667 tum
184 3610 329 3667 anathema
344 3608 506 3675 contemnit,
520 3608 670 3678 ipsebabet
686 3609 794 3679 plagam
807 3608 901 3679 gladii,
954 3613 1016 3668 virae
1030 3612 1148 3668 affirmat
1161 3621 1266 3685 martyr
1277 3624 1303 3669 et
1318 3629 1388 3684 papa
1411 3612 1540 3671 Urbanus
1563 3616 1748 3686 mancipatas,

110 3710 200 3760 etsuo
213 3702 317 3772 judicio
330 3700 406 3768 vivit,
422 3699 486 3770 qnia
501 3714 573 3765 cam,
592 3699 672 3770 quasi
690 3699 763 3755 nulla
776 3697 822 3767 ιιι,
836 3715 904 3755 eon·
957 3716 1014 3755 non
1032 3700 1136 3758 audisti
1156 3702 1377 3771 compontificem
1399 3711 1426 3758 et
1437 3704 1653 3760 commilitonem
1675 3706 1747 3777 ejus,

112 3794 217 3849 temnit.
236 3792 275 3849 Dc
290 3791 449 3861 lmjusmodi
471 3790 676 3846 timendunrest
699 3805 734 3846 ne
749 3790 904 3860 pertineant
955 3806 1055 3863 papam
1080 3801 1107 3849 et
1132 3802 1282 3864 martyrem
1303 3791 1441 3861 Lucium,
1467 3796 1607 3865 quomodo
1628 3811 1747 3853 eonsen-

111 3887 148 3943 ad
169 3902 268 3957 eorpus
289 3885 362 3940 illius
385 3883 489 3952 bestie,
511 3881 590 3952 cujus
618 3881 696 3953 plaga
717 3885 814 3938 mortis
836 3883 901 3937 dici·
956 3886 1056 3940 tientes
1081 3901 1144 3941 cum
1161 3886 1306 3957 agentibus
1321 3885 1460 3941 involutos
1482 3887 1602 3943 ostendit
1625 3887 1653 3942 in
1676 3890 1748 3945 idern

113 3987 159 4032 tur
176 3987 271 4035 curata
290 3993 363 4044 esse,
382 3992 446 4033 euru
464 3989 520 4031 nou
540 3987 614 4040 vere,
633 3973 682 4028 sed
706 3972 776 4029 falso
797 3974 905 4030 dicatur
953 3976 1099 4047 judicium.

112 4080 217 4128 curata.
993 4067 1233 4126 smannens
1258 4069 1398 4138 Ecclesia,
1423 4070 1488 4125 licet
1507 4072 1666 4141 apostolieae
1692 4072 1755 4129 ιιιιι

149 4163 257 4220 Sancus.
288 4162 345 4236 Ego
360 4162 409 4218 tibi
429 4166 557 4220 consensi
571 4164 604 4220 de
618 4151 716 4235 prieris
731 4161 906 4218 avulsoribus
957 4163 1136 4228 abalienatas,
1153 4161 1282 4218 Ecclesiae
1296 4171 1387 4218 tamen
1401 4179 1455 4220 non
1471 4164 1672 4232 abalienamus,
1689 4166 1755 4234 quia

113 4255 188 4312 illius
200 4255 262 4311 vitae
274 4257 425 4313 secundum
441 4264 563 4312 tenorem
579 4255 731 4319 sententie,
744 4254 779 4309 ab
794 4251 906 4308 Urbano
956 4253 1046 4311 eidem
1061 4253 1200 4320 Ecclesiae,
1214 4255 1294 4326 cujas
1305 4270 1350 4311 res
1362 4255 1415 4310 illae
1430 4264 1504 4322 sunt,
1520 4270 1590 4326 quas
1603 4255 1755 4322 babemus,

114 4348 197 4415 datae,
215 4348 288 4419 quod
305 4349 344 4403 illi
356 4347 501 4420 periclitati
525 4346 627 4403 fuerint
646 4347 699 4403 sub
713 4346 904 4413 anathemate;
921 4358 1098 4418 putcunque
1118 4347 1281 4416 militamus,
1296 4357 1325 4403 et
1340 4348 1402 4404 ideo
1417 4350 1565 4405 anathema
1580 4349 1659 4406 Lucii
1677 4364 1755 4421 papae

114 4451 142 4498 et
154 4451 184 4499 tu
198 4455 354 4498 aesomnes
363 4455 462 4496 eurum
473 4455 607 4510 sequaces
624 4440 666 4497 vis
681 4438 800 4494 notare?
959 4448 1057 4495 corrtra
1085 4447 1221 4510 raptores,
1247 4440 1421 4497 fraudatores
1435 4449 1463 4497 et
1477 4442 1641 4499 alienatores
1659 4440 1756 4511 prast-

151 4533 255 4589 ιιιιιι,
274 4531 303 4587 Si
315 4547 412 4602 parunr
430 4531 537 4587 videtur
558 4530 661 4587 dixisse
678 4531 795 4600 primus,
819 4527 907 4587 Urbe·
957 4540 1056 4605 gnatos
1070 4531 1214 4600 dictatum,
1230 4541 1261 4589 ut
1272 4548 1364 4604 spero,
1377 4533 1535 4590 evademus.

119 4641 174 4684 uus
188 4624 325 4681 sccundus
336 4638 407 4695 papa
418 4624 444 4677 in
456 4624 515 4678 suis
530 4621 716 4679 Decretalibus
733 4642 740 4677 r
760 4642 770 4674 r
784 4622 908 4688 Quicun-
994 4622 1098 4680 haunt.
1112 4623 1146 4678 Et
1160 4623 1245 4681 ludas
1258 4632 1399 4696 utcunque
1410 4625 1548 4693 militavit,
1560 4642 1642 4697 quent
1658 4634 1750 4683 tanten

117 4731 188 4788 que,
219 4716 274 4783 ait,
299 4731 344 4771 res
365 4713 565 4770 ecclesiasticas
588 4727 643 4769 non
668 4715 704 4769 ad
732 4714 803 4779 hoc,
833 4714 909 4785 quod
959 4713 1032 4769 idem
1043 4713 1146 4770 Lucius
1158 4715 1185 4769 in
1197 4715 1340 4786 praemisse
1351 4716 1471 4786 capitulo
1483 4716 1571 4772 furem
1586 4717 1751 4789 sacrilegum

117 4810 250 4868 institutae
262 4817 338 4877 sunt,
353 4808 401 4865 sed
415 4807 570 4879 adpropria
582 4807 659 4862 lucra
674 4806 907 4878 nrunerelinguae,
956 4803 1099 4874 iudicavit,
1122 4807 1187 4876 quia
1211 4805 1336 4861 videlicet
1354 4806 1499 4875 pecuniam
1516 4808 1596 4877 jussu
1624 4806 1750 4864 Salvato-

116 4903 162 4962 ιιι
175 4901 289 4958 indebiti
303 4899 438 4970 obsequii,
454 4900 496 4956 vel
513 4898 629 4970 pecunia
653 4899 778 4969 largitur,
793 4898 836 4953 vel
852 4898 910 4953 adi·
960 4897 999 4952 ris
1014 4897 1180 4966 pauperibus
1191 4898 1407 4954 distribuendam
1420 4899 1448 4953 in
1462 4899 1531 4954 alios
1542 4916 1609 4956 usus
1624 4900 1749 4956 detorsit.

118 4996 247 5068 piseitur,
259 4993 434 5052 simoniacus
455 5002 514 5062 est,
533 5009 596 5050 eum
619 4994 778 5063 principalis
794 4992 910 5047 intentio
961 4986 1008 5043 Sic
1022 4997 1050 5044 et
1065 5003 1125 5054 vos,
1145 4989 1208 5044 licet
1236 4988 1365 5047 Ecclesiae
1387 4999 1526 5062 ιιιιιιιιι
1540 4992 1674 5059 militetis,
1685 4990 1751 5061 quia

121 5086 244 5144 Simonis
258 5086 342 5143 fuerit
355 5085 413 5140 sola
425 5086 548 5156 pecuniae
559 5087 685 5152 avaritia,
696 5085 775 5141 idest
797 5084 911 5140 idolola-
960 5094 1016 5135 non
1041 5080 1205 5136 habentibus
1233 5081 1324 5137 debita
1346 5098 1394 5140 ros
1420 5084 1552 5141 haberrtes
1576 5081 1750 5149 consumitis,

120 5177 185 5243 tria,
196 5186 226 5232 ιι
239 5179 278 5233 ait
293 5178 452 5248 Apostolus,
467 5186 495 5232 et
505 5177 631 5242 avaritia,
647 5186 760 5247 quaeest
775 5177 910 5232 idolorum
960 5172 1085 5228 eamdem
1097 5173 1261 5229 sententiam
1274 5173 1424 5232 incurritis.

122 5269 253 5325 servitus.
273 5289 283 5322 ι
300 5269 395 5341 ltaque
409 5279 563 5326 consonant
578 5270 629 5326 sibi
642 5270 810 5340 antiquaret
823 5284 911 5324 ιιοιιι
997 5263 1104 5321 Saeua.
1123 5265 1211 5333 Quam
1237 5266 1316 5323 multi
1341 5268 1382 5323 sic
1404 5268 1475 5323 inter
1494 5282 1545 5322 nos
1564 5277 1655 5337 egent,
1666 5271 1698 5322 ut
1709 5263 1752 5319 eis

123 5357 263 5428 Urbanus,
289 5363 355 5417 dnm
380 5362 426 5418 ille
442 5363 477 5419 ad
492 5377 666 5418 communem
690 5363 775 5418 vitant
795 5361 912 5417 affirmat
961 5356 1076 5413 mininie
1101 5358 1228 5425 sufliciat,
1243 5358 1317 5428 qaod
1335 5358 1370 5412 ab
1396 5357 1530 5421 Ecclesia,
1553 5357 1598 5411 cui
1615 5355 1750 5422 serviunt,

124 5469 170 5510 res
181 5453 383 5512 ecclesiasticas
398 5454 554 5522 institutas;
568 5456 619 5512 istc
631 5471 697 5511 vero
711 5454 911 5522 simoniacum,
961 5449 1074 5505 habent.
1088 5448 1282 5520 Nunquidnam
1294 5457 1322 5503 et
1333 5449 1372 5503 illi
1389 5449 1441 5505 sub
1458 5448 1631 5503 anathemate
1642 5460 1753 5519 praeno·

123 5557 150 5605 et
163 5547 338 5605 idololatram
351 5565 412 5607 esse
433 5548 560 5608 ostendat
571 5549 719 5621 quemlibet
730 5564 777 5606 eas
800 5549 833 5604 ad
848 5562 912 5619 pro-
963 5549 1019 5597 ltfo
1032 5541 1143 5611 iacenti

124 5642 185 5703 etia
197 5642 275 5700 lucra
296 5651 446 5701 vertentem
471 5643 514 5699 vel
530 5643 769 5721 munerelingua,
783 5641 855 5718 qnod
867 5649 910 5698 est
974 5709 981 5719 ,
1000 5634 1103 5717 heaut.
1118 5632 1146 5691 Si
1163 5648 1218 5694 nou
1233 5633 1380 5690 obtineant·
1398 5648 1430 5689 ιι
1450 5648 1499 5703 per
1522 5632 1697 5704 obsequium.
1707 5642 1752 5691 ιιι»
