3892 6067
381 219 455 280 89
913 216 1221 278 Genuum
1252 210 1640 274 PuAEPost’rt
1680 212 2232 272 niztcttssnsrmc.
2272 211 2628 271 COMMENT.
2672 213 2739 271 m
2777 213 3121 276 Pssmtos.
3555 221 3624 277 to

375 346 509 388 eure
523 330 739 403 potuit?
767 347 788 382 ι
815 328 1100 399 Ingressus
1120 341 1203 394 es,
1230 347 1249 379 1
1280 327 1554 399 inquiunt,
1583 346 1603 379 ι
1628 337 1687 382 ut
1707 328 1951 395 advena;
1982 337 2030 395 Α
2055 326 2375 395 bilantibus,
2399 327 2663 383 assistunt
2699 343 2892 386 eorum
2938 328 3157 386 feminae
3195 338 3453 401 tanquam
3500 335 3627 390 miae

375 421 621 492 nunquid
652 427 712 476 ut
742 418 998 488 judices?
1021 437 1042 471 »
1075 418 1229 487 (Gen.
1259 433 1374 485 ιιι,
1399 419 1479 488 9.)
1496 417 1715 489 vimque
1739 417 1951 474 faciunt

373 514 425 570 ei
448 510 936 577 vehementissime,
968 510 1042 566 ita
1080 518 1276 565 utnon
1307 510 1453 565 aliud
1507 519 1675 566 restet
1722 510 1949 565 cuilibet

374 604 615 659 animam
646 600 857 657 salvare
878 600 1138 672 cupienti,
1175 599 1281 656 nisi
1324 600 1393 656 de
1423 599 1606 656 medio
1637 600 1825 655 talium
1856 599 1947 655 fu·

373 706 521 764 gere,
549 706 650 746 nec
675 692 731 745 in
758 690 905 747 omni
936 690 1345 759 circumjacenti
1368 690 1588 761 regione
1609 689 1944 760 subsistere3

373 782 468 837 sed
496 780 550 836 in
575 790 759 837 monte
789 781 1000 835 altioris
1029 778 1384 850 professionis
1410 781 1622 835 salvum
1654 795 1714 835 se
1742 778 1945 836 facere.

375 870 551 926 Unam
573 879 753 926 tamen
779 871 1067 927 considero
1086 872 1231 926 viam
1256 871 1397 926 banc
1426 870 1728 927 litterarum
1758 872 1951 927 civita-

376 967 484 1015 tem
505 960 872 1030 expugnandi,
902 975 1009 1030 qua
1036 959 1257 1015 cuilibet
1301 976 1431 1015 vero
1463 959 1687 1032 Calepb,
1722 962 1949 1018 cuilibet

373 1050 673 1107 secundum
699 1065 795 1106 cor
817 1049 911 1106 Dei
942 1051 1190 1107 ordinato
1210 1060 1513 1106 castrorum
1545 1051 1950 1108 Dominicorum

372 1140 500 1197 duci
523 1140 680 1197 video
706 1141 1099 1210 accessibilem,
1133 1156 1242 1212 qua
1275 1141 1535 1211 paulatim
1574 1142 1711 1198 tales
1753 1142 1949 1198 Caria-

372 1230 584 1286 tbarbei
611 1232 910 1301 expugnari
929 1238 987 1287 et
1008 1232 1359 1288 exterminari
1381 1231 1614 1303 possint,
1641 1232 1715 1288 ita
1752 1241 1811 1288 ut
1838 1250 1949 1289 non

371 1321 649 1393 redigatur
669 1329 810 1377 terra
834 1323 890 1377 in
916 1323 1296 1386 solitudinemz
1326 1322 1373 1378 si
1413 1322 1663 1380 videlicet
1688 1338 1724 1378 a
1751 1323 1950 1381 throno

371 1423 567 1468 cuncta
592 1413 851 1469 innovare
879 1414 1147 1484 cupientis
1178 1411 1294 1480 Dei,
1317 1421 1371 1468 et
1402 1414 1471 1469 ab
1499 1414 1585 1470 his
1608 1431 1840 1485 quornm
1866 1425 1951 1470 cst

373 1502 429 1557 in
461 1503 622 1559 terris
647 1503 814 1559 vicem
856 1502 1061 1558 Christi
1096 1518 1302 1575 gerere,
1333 1503 1440 1558 tale
1475 1504 1714 1560 edictum
1757 1520 1950 1576 proce-

371 1592 465 1647 dat
493 1611 506 1646 :
536 1602 632 1647 aut
659 1594 902 1659 ctiam,si
928 1594 1154 1665 quilibet
1173 1595 1552 1664 episcoporum
1575 1595 1837 1651 divinitus
1862 1595 1949 1648 in-

2049 414 2344 488 Babylonis
2382 417 2617 485 miserae,
2654 418 2727 474 ita
2761 434 2981 489 egressa
3011 420 3298 493 iniquitate
3332 437 3365 477 a
3404 423 3624 480 clericis

2050 516 2104 562 et
2132 506 2439 562 senioribus
2461 508 2556 577 qui
2586 507 2837 565 videntur
2861 527 3052 583 regere
3073 512 3360 583 populum;
3399 530 3627 570 cernere

2050 595 2317 653 habemus
2351 596 2663 653 miserabile
2688 602 3079 669 spectaculum,
3108 602 3316 659 scilicet
3354 606 3409 658 in
3443 604 3627 660 medio

2049 684 2151 751 tui,
2217 683 2544 756 Jerusalem,
2591 688 2854 759 populum
2904 704 3044 761 pene
3102 699 3278 747 totum
3329 690 3622 764 Babyloni·

2049 790 2198 832 cum.

2120 866 2182 921 L.
2219 865 2507 934 Quomodo
2538 884 2667 939 ergo
2692 877 2742 924 te
2760 869 2902 924 decet
2925 871 3179 941 hymnus,
3203 871 3363 941 Deus,
3384 873 3442 927 in
3470 873 3623 940 Sion,

2050 956 2207 1027 cujus
2242 959 2495 1029 populus,
2522 962 2757 1030 populus
2787 960 3107 1017 Gomorrbae
3152 978 3249 1019 seu
3292 965 3623 1037 Babyloniae,

2049 1047 2257 1118 absque
2282 1050 2599 1106 doctoribus
2638 1060 2694 1106 et
2727 1052 3047 1109 ductoribus
3084 1054 3344 1124 justitiae?
3379 1054 3515 1113 Nam
3543 1060 3626 1129 bi,

2055 1153 2075 1188 ι
2103 1137 2199 1208 qui
2227 1138 2550 1194 videbantur
2575 1156 2760 1211 regere
2783 1142 3042 1213 populum
3074 1143 3238 1216 (Dan.
3265 1149 3408 1217 xm),
3436 1166 3458 1201 »
3485 1163 3627 1219 pene

2054 1244 2075 1279 t
2105 1242 2297 1283 omnes
2341 1228 2772 1298 declinaverunt,
2815 1232 2981 1287 simul
3025 1234 3244 1290 inutiles
3288 1235 3418 1292 lacti
3448 1250 3621 1295 sunt:

2049 1326 2269 1373 nonest
2298 1319 2392 1389 qui
2424 1318 2587 1375 saciat
2630 1321 2857 1389 bonum,
2887 1339 2994 1378 non
3020 1335 3103 1380 est
3126 1342 3301 1396 usque
3334 1328 3401 1383 ad
3454 1345 3624 1385 unum

2051 1401 2226 1476 (psat.
2257 1422 2379 1473 ιιιι,
2424 1408 2489 1475 53
2530 1407 2684 1463 Rom.
2709 1409 2816 1479 ’111,
2859 1401 2970 1483 12).
3001 1433 3022 1467 »
3079 1414 3253 1470 Etiam
3282 1418 3380 1486 illi,
3424 1420 3625 1490 quibus

2048 1497 2209 1566 quasi
2230 1496 2524 1554 Cherubim
2555 1499 2840 1557 flammeus
2863 1503 3023 1561 datus
3070 1514 3154 1562 est
3189 1508 3401 1578 gladius
3420 1512 3487 1567 ad
3524 1529 3621 1567 cu·

2050 1585 2390 1641 stodiendam
2428 1587 2573 1642 viam
2622 1590 2755 1660 ligni
2798 1591 2923 1647 vitae
2953 1592 3106 1666 (Gen.
3140 1597 3246 1666 ιιι),
3287 1613 3414 1655 cum
3459 1600 3625 1657 debe·

372 1682 613 1752 spiratus
650 1681 756 1737 boc
803 1683 1031 1738 lii-miter
1062 1684 1117 1738 in
1152 1684 1318 1739 corde
1345 1700 1447 1740 suo
1472 1695 1657 1756 ponat,
1704 1694 1765 1741 ut
1806 1701 1946 1740 uno-
1975 1657 2020 1712 Β
2047 1684 2168 1732 rent
2189 1674 2475 1732 manifeste
2506 1678 2818 1735 criminosis
2846 1681 3189 1751 interdicere,
3233 1701 3299 1742 ac
3333 1691 3626 1758 prohibere

371 1772 616 1843 quolibet
642 1788 833 1828 corum
875 1773 969 1842 qui
1013 1774 1281 1844 ejusmodi
1313 1786 1443 1832 sunt
1483 1776 1796 1844 decedente,
1836 1792 1945 1833 non

369 1865 599 1920 alterum
629 1866 678 1920 ei
714 1852 961 1921 ‘similem
1010 1865 1066 1921 in
1101 1866 1283 1923 locum
1324 1868 1445 1940 ejus
1492 1870 1815 1937 substituat;
1849 1871 1944 1926 sed

369 1954 684 2025 praebendas
709 1963 765 2010 et
783 1955 1042 2011 beneticia
1064 1958 1430 2013 ecclesiastica
1453 1959 1507 2014 in
1535 1974 1698 2014 manu
1725 1975 1824 2015 sna
1855 1975 1943 2014 re-

370 2046 572 2114 tinens,
603 2047 935 2118 pauperibus
983 2048 1199 2104 interim
1248 2050 1500 2106 distribui
1545 2052 1600 2106 in
1648 2050 1946 2127 elcemosy-

370 2151 498 2193 nam
523 2135 706 2204 l'aciat,
733 2137 909 2194 donec
933 2145 1083 2194 tanta
1114 2140 1208 2195 liat
1234 2140 1646 2211 praebendarum
1674 2141 1941 2208 liberatio,

368 2227 514 2284 unde
539 2227 623 2283 vel
653 2243 748 2283 sex
770 2228 855 2282 vel
877 2227 1095 2298 decem,
1129 2237 1225 2284 aut
1251 2239 1387 2301 quot
1416 2230 1711 2286 canonicos
1732 2232 1913 2302 regula

366 2319 502 2376 riter
528 2319 868 2375 viventesin
902 2320 1079 2376 vicina
1108 2320 1290 2391 aliqua
1321 2322 1527 2392 capella
1559 2324 1758 2389 loveat,
1801 2336 1944 2393 quos

367 2409 478 2466 illis
513 2408 673 2465 malis
697 2406 1025 2465 vinitoribus
1069 2409 1271 2464 viritim
1299 2409 1704 2477 decedentibus,
1753 2410 1945 2466 subin-

350 2501 655 2575 ‚troducere
682 2500 736 2555 in
766 2499 1135 2555 haereditatem
1162 2498 1378 2556 Domini
1401 2501 1643 2557 haeredes
1665 2501 1940 2572 legitimos

364 2592 561 2665 possit.
591 2591 746 2660 Quod
771 2592 825 2646 in
850 2606 958 2647 una
975 2591 1088 2663 jam
1113 2591 1340 2647 ecclesia
1364 2590 1549 2647 Sancti
1588 2590 1836 2648 Mauricii
1886 2592 1943 2648 in

365 2683 679 2757 Burgundia
703 2682 929 2751 lactum,
972 2682 1131 2738 nobis
1163 2697 1264 2754 pro
1301 2683 1550 2755 exemplo
1588 2685 1724 2741 satis
1746 2684 1854 2740 sit:
1885 2684 1942 2740 in

363 2790 473 2847 qun
515 2775 840 2831 introductis
865 2774 1169 2840 canonicis,
1199 2774 1462 2845 aliquanti
1493 2775 1674 2831 adhuc
1700 2776 1767 2831 de
1795 2776 1942 2845 prio-

366 2865 520 2922 ribus
547 2864 763 2921 clericis
793 2863 1113 2935 superstites
1138 2864 1390 2920 vidcntur
1419 2865 1688 2936 stipendia
1717 2881 1819 2923 sua
1862 2864 1942 2920 so-

360 2956 442 3011 ris
482 2955 829 3025 accipientes.
883 2953 1001 3011 Non
1045 2963 1227 3010 autem
1277 2955 1332 3011 hi
1381 2956 1797 3029 Burgundiones
1830 2971 1941 3027 prae
1967 2978 2010 3035 C

361 3050 575 3103 caeteris
602 3046 857 3102 omnibus
883 3041 1216 3103 saecuiariter
1235 3048 1556 3119 degentibus
1582 3049 1795 3105 clericis
1816 3065 1941 3120 pec·

363 3142 580 3192 catores
608 3135 831 3213 suerunt
861 3154 875 3190 ε
907 3138 999 3193 sed
1027 3140 1083 3192 in
1115 3139 1221 3195 illis
1260 3137 1444 3193 divina
1474 3153 1706 3195 censura
1752 3154 1941 3195 exom-

359 3226 512 3298 plum
530 3226 740 3293 statuit,
766 3226 970 3283 imitari
991 3221 1333 3300 cupientibus
1354 3227 1768 3299 possibilitatem
1791 3244 1921 3284 mon

359 3316 574 3384 stravit,
616 3317 850 3389 qualiter
875 3318 931 3374 in
961 3327 1075 3375 toto
1103 3320 1173 3376 de
1197 3319 1468 3377 similibus
1495 3319 1800 3383 laciendum
1831 3306 1947 3386 sits

360 3419 428 3462 ac
449 3407 568 3461 sine
592 3407 905 3465 difficultate
931 3408 1047 3464 fleri
1080 3411 1272 3481 possit.

433 3498 621 3557 xux,
659 3498 834 3567 Quam
864 3502 1034 3558 multa
1080 3518 1302 3560 moveor
1324 3501 1504 3561 dicere
1526 3512 1715 3560 contra
1742 3503 1939 3575 buius·

360 3591 508 3646 modi
564 3592 1005 3650 exordinationes
1040 3603 1097 3649 et
1144 3593 1502 3669 Babylonicas
1549 3594 1938 3661 confusiones;

363 3681 566 3753 quibus
618 3681 833 3739 tandem
877 3684 1095 3751 ablatis,
1140 3693 1187 3740 te
1213 3686 1357 3742 decet
1401 3686 1645 3758 hymnus,
1682 3684 1845 3753 Deus,
1888 3686 1943 3739 in

365 3772 519 3840 Sion,
568 3788 730 3843 quem
782 3789 928 3831 nunc
978 3774 1319 3846 blasphemat
1363 3777 1621 3832 meretrix
1677 3775 1939 3848 Babylon,

367 3880 391 3915 ι
417 3861 486 3918 de
512 3863 779 3934 sanguine
799 3853 1136 3932 sanctorum,
1167 3885 1186 3917 1
1223 3865 1364 3922 sicut
1401 3866 1457 3921 in
1493 3866 1818 3939 Apocalypsi
1864 3866 1943 3920 lc·-

363 3953 511 4024 gitur
545 3951 730 4022 (Αροο.
766 3968 899 4020 xvn,
929 3952 1006 4022 θ),
1053 3942 1205 4008 ebria
1236 3972 1252 4009 t
1290 3955 1420 4025 quia
1453 3956 1685 4028 gratiam
1723 3954 1938 4010 Domini

364 4041 700 4099 transferens
728 4043 783 4098 in
806 4042 1101 4111 luxuriam,
1122 4044 1409 4101 deliciatur
1457 4046 1514 4101 in
1567 4046 1830 4103 conviviis
1871 4046 1941 4102 de

360 4135 669 4192 substantia
681 4144 998 4193 sanctorum
1026 4136 1247 4207 copiose
1268 4136 1547 4194 ferculatis
1567 4144 1622 4194 et
1648 4137 1935 4209 poematis,

360 4226 540 4283 mistis
573 4228 628 4282 in
668 4227 848 4285 medio
897 4228 1302 4284 convivantium
1360 4228 1579 4285 seminis
1623 4229 1932 4300 impudicis.

2047 1779 2328 1821 accessum
2357 1766 2425 1820 ad
2452 1782 2696 1822 mensam
2740 1766 2956 1826 Domini
2995 1788 3169 1844 usque
3200 1776 3269 1830 ad
3297 1777 3621 1850 condignam

2046 1852 2496 1924 satisfactionem,
2539 1856 2744 1928 passim
2783 1860 3013 1917 contuse
3038 1866 3293 1924 omnibus
3321 1870 3623 1925 accedenti·

2042 1943 2170 2011 bus,
2205 1944 2330 2000 licet
2355 1946 2641 2004 manifeste
2669 1949 3004 2020 criminosis,
3047 1955 3337 2029 porrigunt
3381 1958 3622 2018 fructum
3734 1973 3737 1975 ’

2045 2032 2175 2105 ligni
2231 2036 2376 2102 vitae,
2423 2054 2586 2109 quem
2627 2041 2828 2098 talibus
2864 2046 3136 2104 ¹deberent
3182 2064 3400 2122 negare.
3452 2050 3624 2110 «Ideo

2046 2123 2233 2177 inter»
2275 2140 2375 2181 nos
2414 2145 2433 2178 ι
2464 2128 2621 2184 multi
2669 2131 2871 2189 infirmi
2917 2144 2973 2190 et
3017 2136 3334 2207 imbecilles,
3382 2149 3438 2196 et
3490 2142 3623 2198 dor·

2046 2213 2222 2269 miunt
2250 2216 2405 2271 multi
2438 2216 2493 2287 (1
2524 2219 2651 2276 Cor.
2678 2237 2756 2290 ιι,
2784 2224 2896 2295 30).
2934 2245 2955 2280 s
3012 2228 3076 2283 Et
3122 2230 3251 2300 quia
3292 2229 3623 2305 Babylonica

2045 2302 2149 2358 ista
2184 2303 2433 2362 confusio
2462 2309 2640 2365 nullos
2689 2315 2867 2384 magis
2918 2316 3146 2387 respicit
3193 2335 3357 2391 quam
3408 2323 3625 2381 desides

2045 2392 2484 2465 negligentesque
2510 2409 2769 2468 rectores,
2797 2402 2918 2458 ideo
2939 2405 3089 2475 justo
3099 2408 3310 2479 judicio
3331 2410 3425 2467 Dei
3450 2415 3623 2471 effusa

2043 2490 2129 2537 est
2155 2484 2430 2541 contentio
2471 2502 2637 2558 super
2674 2492 2949 2563 principes
2989 2505 3099 2552 tam
3134 2502 3425 2559 saeculares
3456 2519 3624 2574 quam

2045 2573 2340 2643 spiritales,
2367 2583 2421 2630 et
2441 2591 2628 2634 errare
2656 2579 2782 2636 fecit
2810 2599 2909 2639 eos
2936 2585 2992 2639 in
3022 2585 3169 2643 invio
3192 2598 3245 2643 et
3271 2606 3380 2646 non
3413 2592 3467 2648 in
3500 2595 3620 2650 via:

2041 2661 2173 2719 dum
2199 2672 2253 2720 et
2277 2665 2547 2736 spiritales
2595 2669 2863 2741 implicari
2893 2689 2952 2730 se
2983 2677 3218 2746 gaudent
3266 2682 3624 2740 saecularibus

2044 2754 2296 2825 negotiis„
2317 2766 2373 2811 et
2398 2759 2688 2817 saeculares
2715 2761 3087 2822 intermiscere
3128 2784 3189 2824 se
3225 2771 3429 2827 audent
3461 2775 3626 2844 spiri·

2043 2844 2246 2901 talibus
2283 2848 2487 2903 causis.
2528 2849 2663 2916 Quae
2703 2853 2961 2910 nimirum
3001 2856 3253 2914 confusio
3287 2875 3488 2931 corpus
3537 2872 3622 2920 to-

2045 2936 2154 2993 tius
2178 2934 2435 2993 Ecclesiae
2453 2937 2585 2995 lacit
2608 2943 2887 3014 languere,
2927 2955 2981 3003 et
3023 2949 3264 3004 membra
3285 2952 3405 3021 ejus
3432 2964 3618 3012 contra

2045 3043 2108 3083 ae
2132 3028 2361 3084 invicem
2382 3031 2646 3088 dissidere
2678 3052 2693 3088 ε
2731 3043 2987 3107 tanquam
3028 3041 3074 3095 si
3113 3042 3296 3098 dicant
3347 3046 3490 3102 oculi
3528 3064 3622 3118 pe·

2046 3115 2209 3173 dibus
2240 3128 2296 3175 et
2328 3122 2602 3188 manibus,
2629 3140 2795 3194 opera
2837 3137 3019 3184 vestra
3057 3146 3166 3186 non
3194 3132 3535 3206 indigemus;
3565 3148 3622 3195 et

2047 3223 2243 3265 manus
2268 3211 2353 3267 vel
2383 3213 2547 3283 pedes
2574 3216 2770 3287 oculis,
2810 3235 2918 3274 non
2948 3222 3080 3278 estis
3115 3224 3273 3281 nobis
3302 3231 3615 3287 necessarii.

2047 3296 2332 3368 Spiritales
2370 3302 2539 3371 enim,
2559 3305 2653 3375 qui
2682 3308 2842 3376 quasi
2889 3309 3032 3366 oculi
3083 3312 3318 3385 dirigere
3360 3316 3622 3377 deberent

2045 3406 2244 3447 manus
2272 3391 2341 3447 ad
2366 3395 2698 3463 operandum
2727 3398 2808 3451 vel
2829 3401 3200 3470 pugnandum,
3223 3406 3385 3473 pedes
3405 3409 3473 3463 ad
3496 3425 3619 3465 am-

2046 3479 2368 3557 bulandum,
2396 3482 2477 3537 sic
2521 3492 2774 3540 tenentur
2795 3488 2992 3558 captivi
3017 3492 3120 3546 sub
3140 3495 3361 3564 regibus
3389 3505 3445 3551 et
3468 3499 3619 3568 prin·

2046 3572 2258 3643 cipibus
2277 3572 2645 3645 Babylonicis,
2669 3585 2728 3632 ut
2751 3577 2834 3634 eis
2853 3580 3067 3636 dicatur
3092 3597 3106 3637 ι
3142 3602 3162 3635 ι
3188 3583 3460 3657 Hymnum
3490 3605 3619 3645 can-

2047 3672 2155 3732 tate
2187 3663 2345 3718 nobis
2367 3665 2435 3720 de
2456 3667 2684 3723 canticis
2708 3667 2840 3726 Sion
2873 3670 3049 3741 (Psat.
3081 3690 3201 3742 ιιιι,
3224 3678 3277 3743 6,
3302 3678 3379 3751 5).
3404 3697 3424 3731 1
3453 3677 3620 3752 Hym-

2044 3774 2198 3827 num,
2232 3759 2507 3831 inquiunt,
2532 3771 2748 3818 cantate
2777 3763 2957 3831 nobis,
2991 3780 3099 3821 non
3126 3777 3316 3824 contra
3342 3786 3443 3826 nos
3462 3813 3478 3840 ,
3515 3789 3618 3831 vo·

2042 3850 2279 3907 luntates
2304 3861 2523 3911 nostras
2549 3855 2723 3910 malas
2770 3855 3093 3926 cohibendo,
3127 3859 3222 3914 sed
3258 3862 3417 3919 nobis
3452 3863 3617 3921 bene-

2039 3942 2238 4014 placita
2263 3943 2555 4015 loquendo.
2595 3944 2874 4020 Hymnum
2904 3957 3083 4005 tamen
3112 3951 3178 4007 dc
3205 3953 3432 4011 canticis
3460 3954 3614 4025 Sion,

2040 4034 2168 4106 quia
2191 4035 2448 4093 nolumus
2480 4038 2652 4094 videri
2667 4038 2947 4111 principes
2987 4040 3315 4115 Babyloniae,
3341 4047 3432 4102 sed
3458 4045 3612 4104 Sion.

2045 4123 2308 4182 Volumus
2340 4126 2532 4183 audire
2560 4126 2838 4185 coelestem
2863 4129 3207 4200 doctrinam;
3234 4135 3331 4190 sed
3377 4137 3444 4190 ad
3487 4152 3616 4207 per·

2038 4217 2349 4285 liciendam,
2387 4232 2497 4273 non
2535 4216 2935 4288 impediendam
2971 4221 3305 4279 voluntatem
3344 4235 3608 4284 nostram.

361 4315 467 4372 Vix
503 4321 782 4373 cuminenl
816 4337 1009 4373 manus
1037 4321 1105 4373 1111
1129 4337 1193 4373 (ἑτι
1217 4321 1519 4391 sacrilegio,
1562 4335 1674 4391 quo
1703 4335 1800 4376 rex
1826 4319 1934 4375 Ba·
1965 4302 2012 4358 D
2111 4307 2198 4364 ¹⁴¹·
2252 4306 2382 4364 Tale
2427 4306 2529 4364 snit
2558 4308 2704 4380 quod
2735 4325 2828 4366 ¹⁸⁸¹
2873 4309 3115 4369 RemdeS
3148 4314 3372 4373 lumem
3397 4325 3453 4372 ΘΙ
3480 4332 3612 4373 00¹¹·

359 4406 572 4480 bylonis
624 4409 804 4461 11311113
816 4425 905 4461 531·
961 4409 1189 4461 hilwmln
1225 4418 1277 4465 et
1325 4409 1564 4480 potando
1604 4409 1937 4466 concubinas

361 4514 494 4556 suas
514 4501 583 4555 de·
616 4505 788 4553 sacris
816 4501 985 4565 13515,
1017 4501 1153 4553 iram
1185 4500 1277 4556 liei
1307 4500 1635 4571 promeruit,
1682 4515 1805 4571 quae
1858 4499 1937 4555 1111

360 4603 461 4659 pet·
488 4589 752 4643 arnnnlns
784 4605 981 4645 (11311115
1009 4593 1057 4641 in
1093 4593 1296 4661 pai-inte
1338 4588 1627 4644 scribentis
1677 4586 1936 4653 innotuit,

362 4685 556 4732 unctu
576 4677 792 4729 Daniele
820 4681 1205 4745 interpretanti:
1229 4677 1390 4750 (Dan.
1418 4678 1494 4747 v).
1528 4677 1707 4748 Atque
1730 4677 1938 4734 utinam

360 4775 557 4824 contra
579 4768 718 4824 istos
750 4770 1127 4827 convivatores
1150 4771 1257 4829 tale
1286 4770 1491 4842 aliquid
1530 4771 1696 4827 scribi
1739 4771 1934 4840 valeat,

364 4874 477 4930 quo
507 4859 589 4914 ira
616 4856 715 4914 Dei
743 4859 824 4915 eis
860 4860 1165 4917 innotescat
1202 4880 1216 4917 ι
1248 4864 1342 4932 qui
1374 4861 1606 4918 tortasse
1642 4861 1767 4918 inde
1813 4863 1937 4933 plus

362 4949 643 5015 irascitur,
664 4948 809 5020 quod
841 4950 1153 5021 hujusmodi
1192 4953 1528 5011 manducant
1553 4962 1607 5009 et
1631 4953 1818 5010 bibant
1852 4953 1937 5009 in-

363 5039 528 5111 digne
573 5050 977 5099 sacramentum
1011 5042 1194 5099 carnis
1229 5052 1283 5099 et
1313 5044 1598 5116 sanguinis
1628 5044 1736 5112 sui,
1769 5060 1935 5117 quam

362 5131 413 5189 si
442 5132 691 5205 exemplo
719 5132 864 5205 regis
902 5130 1191 5189 Baithasar
1222 5132 1413 5191 vinum
1465 5134 1534 5191 de
1579 5136 1751 5193 sacris
1789 5136 1937 5193 vasis

361 5219 631 5289 biberent,
650 5230 705 5278 et
730 5236 762 5276 a
787 5230 1133 5277 sacramento
1156 5220 1345 5277 altaris
1386 5221 1742 5290 abstinerent,
1768 5238 1835 5279 ne
1878 5222 1934 5278 in

361 5312 564 5383 populo
595 5311 692 5369 Dei
713 5311 1030 5369 scandalum
1054 5310 1334 5369 lacerent!
1364 5310 1596 5379 Quando
1635 5314 1782 5370 enim
1809 5315 1934 5372 laici

363 5402 588 5456 omnino
615 5402 879 5460 illitterati
920 5404 1105 5460 vident
1144 5403 1459 5474 bulusmodi
1503 5404 1734 5461 clericos
1777 5405 1932 5461 altari

364 5489 628 5547 audenter
645 5494 979 5564 ministrare,
997 5495 1199 5566 quibus
1223 5495 1494 5552 interdum
1520 5496 1602 5552 sic
1620 5497 1935 5553 ministran-

365 5578 533 5652 tibus,
556 5590 655 5637 aut
672 5582 906 5656 hymnos
925 5583 1245 5643 docanticis
1275 5582 1410 5643 Sion
1454 5600 1658 5643 canora
1687 5601 1822 5645 voce
1842 5586 1933 5657 iu·

2038 4414 2273 4471 gregans
2299 4414 2491 4456 omncs
2525 4401 2798 4472 principes
2823 4404 3168 4460 sacerdotum
3193 4413 3249 4461 et
3266 4405 3487 4465 Scribas
3513 4425 3613 4480 po·

2037 4490 2172 4562 puli,
2215 4489 2601 4547 sciscitabatur
2627 4491 2697 4547 ab
2721 4493 2804 4548 eis
2833 4494 2925 4549 ubi
2952 4495 3206 4552 Christus
3252 4510 3603 4570 nasset-etun

2038 4591 2299 4655 tanquam
2315 4582 2521 4639 diceret
2538 4602 2553 4639 ε
2575 4602 2594 4637 ι
2606 4582 2652 4638 11
2657 4600 2879 4656 ymnum
2896 4596 3111 4643 cantate
3128 4588 3285 4645 nobis
3298 4590 3366 4646 de
3378 4592 3609 4648 canticis

2040 4672 2193 4730 Sion.
2219 4693 2240 4727 ›
2258 4675 2436 4745 Atque
2452 4672 2658 4730 utinam
2681 4675 2819 4732 tales
2848 4676 2925 4732 illi
2955 4676 3205 4746 fuissent,
3232 4688 3292 4735 ut
3310 4679 3361 4735 ei
3382 4680 3463 4736 sic
3490 4696 3610 4737 ma-

2038 4765 2180 4835 ligne
2208 4764 2508 4821 sciscitanti
2557 4766 3005 4836 respondissent:
3037 4786 3058 4820 (
3087 4766 3370 4833 Quomodo
3417 4779 3608 4829 canta-

2038 4856 2219 4913 bimus
2241 4857 2513 4913 canticum
2535 4855 2751 4911 Domini
2774 4856 2829 4911 in
2850 4864 2993 4914 terra
3021 4858 3237 4915 aliena!
3264 4876 3284 4912 1
3313 4858 3502 4932 (mm,
3525 4861 3607 4932 4.)

2036 4942 2324 5011 Quomodo
2357 4946 2651 5016 prodemus
2681 4945 2927 5003 coelestia
2974 4949 3230 5020 mysteria
3283 4949 3379 5007 tibi
3414 4952 3609 5007 alieni-

2037 5049 2187 5107 genae
2215 5035 2417 5091 volenti
2439 5051 2618 5108 regem
2649 5051 2838 5092 rerum
2870 5036 3162 5095 occidere?
3196 5038 3369 5098 Filius
3390 5056 3609 5113 quoque

2036 5126 2209 5197 ipsius
2233 5126 2370 5183 alter
2389 5126 2651 5196 Herodes,
2682 5136 2923 5199 paternae
2974 5130 3269 5202 impietatis
3314 5132 3507 5202 haeres,
3549 5144 3608 5191 et

2036 5215 2152 5288 ipse
2177 5218 2392 5274 volebat
2431 5218 2651 5277 audisse
2691 5219 2955 5292 hymnum
2990 5221 3059 5277 de
3084 5220 3314 5278 canticis
3350 5221 3481 5280 Sion
3507 5238 3608 5296 per

2034 5323 2099 5364 os
2122 5306 2351 5365 loannis
2377 5308 2653 5381 Baptistae,
2678 5327 2838 5383 quem
2874 5310 3150 5367 metuebat
3168 5319 3225 5367 et
3248 5311 3481 5371 libenter
3506 5328 3607 5370 au-

2034 5398 2235 5465 diebat,
2270 5400 2629 5474 quoadusque
2656 5402 2734 5458 illi
2760 5402 2989 5459 molesta
3039 5417 3238 5459 canere
3291 5402 3603 5474 incipiebat.

2033 5489 2221 5547 dicens
2253 5508 2268 5547 ε
2306 5509 2326 5544 o
2351 5490 2471 5549 Non
2502 5492 2631 5551 licet
2663 5493 2763 5550 tibi
2807 5493 3010 5550 babere
3036 5508 3260 5551 uxorem
3308 5493 3497 5551 fratris
3523 5495 3605 5553 tui

2034 5580 2233 5652 (flare.
2255 5598 2334 5651 vt,
2372 5583 2483 5658 18).
2513 5602 2535 5639 t
2573 5583 2843 5642 cantabat
2866 5586 3085 5657 quidem
3107 5586 3197 5645 ille
3218 5588 3480 5660 hymnum
3534 5586 3605 5642 do
