3892 6067
224 89 296 150 tois
863 77 1016 136 BUGONlS
1035 73 1207 134 pictavim
1788 81 1864 138 tego

226 206 304 263 darc.
320 220 330 255 v
348 200 495 270 Dixitque:
515 216 525 249 r
541 193 619 252 Sicut
634 209 667 251 er
685 195 814 266 praesenti
831 193 1016 265 chirographo
1030 192 1139 260 iliaci,
1151 200 1179 248 et
1194 191 1317 249 substitit
1332 192 1359 249 in
1378 191 1564 264 pradioquod
1579 195 1681 252 dicitnr
1691 194 1864 254 llorenrloo·

223 297 368 354 rocitatum
378 300 431 355 est,
446 298 473 345 et
483 303 534 360 ego
545 288 618 343 buna
629 286 683 343 tide
697 286 829 358 intelligo,
841 300 945 356 vosone
958 300 1017 339 urn-
1069 293 1159 350 tanas,
1174 286 1369 355 mandavitque
1381 284 1439 355 regi
1453 294 1483 340 ut
1494 285 1545 342 sibi
1559 287 1673 344 ubilibet
1689 300 1862 356 occumcret,

224 402 275 443 nes
291 384 340 456 qui
361 380 469 450 astatis,
491 378 654 451 intelligitis,
670 378 712 435 sic
726 377 824 433 tenebo
840 388 867 431 ct
887 377 1018 432 observa·
1068 376 1116 444 qni
1131 376 1282 449 assignavit
1304 378 1329 433 ei
1343 377 1434 435 lucum
1455 380 1483 435 in
1502 378 1654 436 crastinum
1674 379 1746 450 apud
1762 377 1792 435 S.
1808 378 1861 435 Pe

225 478 272 544 bo,
287 482 317 531 et
331 487 408 532 rocos
422 472 571 528 observare
592 469 703 527 iselam.
723 467 769 525 Sic
791 484 836 525 me
851 467 921 524 Deus
939 468 1019 538 adJu·
1069 477 1141 523 trum
1154 468 1327 537 inferiorem
1348 470 1421 542 quod
1437 478 1480 527 est
1494 471 1624 541 praedium
1641 472 1802 527 monasterii
1818 470 1864 527 vt

225 574 271 624 ret
283 575 311 623 et
324 574 419 621 sancta
432 562 495 619 ista.
511 582 521 615 r
536 561 570 620 Et
584 563 772 619 clamaverunt
784 574 881 617 omnes
893 547 929 614 :v
945 558 1020 617 Satis
1070 557 1180 627 cellach
1195 559 1269 630 quud
1289 566 1320 616 ιιι
1332 558 1495 617 Guilielruus
1512 561 1597 618 abbas
1607 557 1804 618 vizeliacensis
1817 577 1865 618 oo

225 664 279 723 est,
297 655 365 723 satis
379 653 518 709 estlienc
530 659 558 706 et
580 650 733 707 luculenter
747 650 850 706 dictum
864 660 917 705 est.
936 668 946 703 t
966 647 1020 704 Vo-
1069 650 1174 721 gnevit,
1196 651 1272 707 misit
1294 652 1327 707 ad
1343 667 1406 708 eum
1426 651 1578 709 lienaldum
1600 653 1865 725 eleemosynarium,

226 763 348 818 cansqrae
358 746 510 802 Gnidonem
525 742 636 800 iratrcm
648 757 730 799 suurn
740 740 870 813 precepit
880 750 910 797 ut
921 750 948 796 et
962 739 1021 809 ipse
1069 750 1097 799 et
1110 742 1279 800 Gaudricum
1295 744 1415 815 priorem
1431 745 1466 800 de
1485 744 1699 816 Campo-molli:
1723 760 1796 816 quus
1818 745 1865 802 vix

224 840 331 908 iuraret
352 838 380 893 in
393 836 520 892 eumdem
535 834 668 891 modum:
689 833 763 904 quod
784 842 812 889 et
828 831 904 901 lecit,
927 830 968 889 sic
982 831 1021 887 di·
1070 835 1104 890 ad
1129 849 1158 891 sc
1186 833 1358 892 introductos
1383 851 1446 892 cum
1473 836 1604 902 audisset,
1633 852 1688 892 noo
1711 836 1869 892 msalutsto

228 945 317 986 cens:
337 947 347 980 v
366 927 444 984 Sicut
466 927 597 984 dominus
621 940 714 982 cemes
738 923 824 981 irater
847 939 926 980 meus
946 923 1021 979 buna
1071 923 1228 990 Goillclmu,
1244 924 1352 981 remisit
1372 923 1529 997 Stephanus
1541 925 1636 982 dicens
1649 926 1819 982 collaturam
1836 942 1868 982 se

228 1021 282 1077 ilde
294 1020 409 1090 iurarit,
425 1019 466 1075 sie
483 1020 596 1076 etboua
616 1017 669 1074 lide
685 1015 783 1073 tenebo
804 1024 831 1073 et
856 1015 1019 1072 observabo.
1071 1030 1134 1071 cum
1147 1013 1280 1072 iratribus
1292 1015 1351 1072 suis
1372 1031 1456 1086 super
1474 1031 1507 1071 ea
1527 1031 1590 1086 qna
1611 1015 1662 1071 sibi
1678 1015 1865 1086 protulerant

230 1112 278 1169 Sic
291 1127 336 1167 me
350 1110 423 1167 Deus
442 1109 593 1182 adjuvetet
607 1120 703 1166 saneta
717 1108 780 1165 ista.
798 1127 807 1161 v
822 1107 925 1164 Deinde
939 1123 1021 1164 roeo·
1071 1108 1156 1163 Erant
1177 1117 1268 1163 autem
1291 1121 1354 1163 eum
1375 1105 1515 1176 Stephano
1537 1107 1637 1162 abbate
1659 1107 1786 1163 cluniaci
1802 1107 1869 1163 Ber·

232 1214 279 1260 tus
297 1202 462 1274 praepositus
486 1201 657 1269 Altisiodori,
681 1202 793 1257 numine
814 1201 945 1269 loannes,
968 1201 1023 1257 Cu·
1072 1200 1176 1256 nardus
1197 1197 1272 1267 prior
1287 1195 1317 1251 S.
1333 1195 1464 1267 Stephani
1489 1193 1679 1265 Nivemensis,
1693 1206 1720 1252 et
1735 1196 1819 1270 llugu
1832 1199 1869 1253 de

229 1296 341 1351 lumbus
354 1309 464 1366 quoque
477 1294 641 1366 praepositus
655 1292 820 1361 Tomudori,
833 1303 861 1350 et
873 1293 937 1349 hlilu
949 1310 1022 1364 prae·
1073 1289 1232 1353 silviniaco,
1244 1286 1366 1344 'ihomas
1384 1295 1413 1343 et
1424 1287 1590 1343 Amblardus
1605 1287 1706 1359 aliique
1717 1288 1870 1360 quamplu-

230 1387 340 1459 pusitus
366 1385 497 1453 llalliaei,
514 1395 598 1459 atque
613 1384 691 1459 llugo
711 1386 845 1442 lietardus
859 1387 1022 1458 prepositus
1072 1398 1128 1449 res,
1150 1381 1198 1453 qui
1220 1395 1318 1436 omnes
1339 1379 1504 1436 unarrimiter
1519 1390 1721 1452 rogaveruntet
1734 1381 1869 1438 laudare-

232 1476 453 1545 Castricensorli,
479 1476 583 1548 aliique
609 1476 868 1548 circumadjacentis
889 1479 1022 1535 territorii
1074 1483 1140 1529 runt
1153 1481 1185 1529 ut
1194 1474 1381 1543 acquiesceret
1396 1472 1521 1544 petitioni
1536 1474 1645 1531 abbatis
1658 1473 1799 1531 viceliaci.
1816 1474 1870 1531 Pe·

228 1570 393 1640 juraverunt
413 1568 486 1626 sicut
509 1567 536 1623 in
558 1568 742 1641 chirographo
762 1568 907 1626 diffinitum
922 1570 1022 1627 inerat.
1075 1564 1118 1621 tiit
1131 1563 1205 1622 enim
1221 1564 1307 1621 abhas
1317 1562 1521 1640 vizeliacensis,
1538 1574 1569 1622 ut
1580 1565 1639 1636 ipse
1654 1567 1741 1623 abbas
1753 1565 1869 1623 Clunia·

232 1658 278 1716 lda
291 1673 358 1715 veru
379 1667 468 1714 mater
484 1659 594 1715 comitis
616 1657 830 1729 subterfugiens,
847 1660 970 1733 ingressa
982 1671 1024 1717 est
1074 1659 1165 1717 oensis
1178 1658 1345 1719 vizeliacum
1370 1663 1494 1730 reniret,
1509 1662 1554 1718 ille
1575 1672 1666 1720 autern
1692 1663 1745 1719 sibi
1767 1677 1866 1719 occur·

231 1749 384 1804 oratorium
402 1749 512 1803 intactae
525 1749 639 1821 virginis
653 1747 747 1805 llariae
760 1768 766 1803 :
781 1749 1022 1823 quudcontiguum
1074 1759 1147 1808 reret
1171 1766 1234 1807 cum
1258 1752 1328 1809 duce
1358 1751 1523 1824 Burgundio
1545 1762 1575 1809 et
1600 1755 1702 1812 comite
1725 1752 1866 1817 Niverais,

231 1848 290 1895 erat
301 1841 431 1909 capitulo,
443 1843 532 1898 accito
554 1855 649 1897 secum
665 1839 776 1907 llilune,
792 1841 908 1913 aliisque
925 1858 1024 1914 qnam·
1075 1844 1257 1914 urriversatpre
1287 1845 1383 1900 militia
1410 1860 1568 1916 procerum,
1598 1847 1647 1917 qui
1674 1856 1740 1903 tune
1765 1847 1867 1902 ibidem

232 1931 371 2002 pluribus,
394 1945 464 2001 quos
477 1931 611 1988 vecordia
626 1946 684 1988 suae
696 1931 824 2002 sperabat
835 1934 985 2004 parituros,
996 1944 1025 1991 et
1075 1945 1270 2002 convenerant,
1292 1946 1320 1992 ct
1342 1939 1447 1994 ornatis
1471 1939 1569 2009 plateis
1590 1940 1732 2012 multoque
1752 1940 1866 1994 incenso

232 2035 295 2078 curn
311 2020 460 2076 multifarie
479 2029 658 2077 retractarent
671 2022 810 2092 quomodo
828 2022 1024 2094 jusjurandum
1074 2027 1265 2100 flagrantibus,
1276 2029 1426 2086 solemnem
1436 2031 1639 2102 processionem
1649 2046 1712 2087 cnm
1723 2032 1867 2102 signomm

232 2111 372 2167 comitissa
396 2111 500 2168 evitare
522 2120 628 2181 posset,
650 2112 799 2181 nullusque
819 2113 871 2169 sibi
891 2113 1026 2172 honestus
1075 2120 1198 2176 omnium
1213 2123 1315 2188 sonitu,
1329 2121 1427 2179 festive
1447 2137 1524 2179 more
1538 2125 1700 2194 susciperet,
1713 2123 1868 2193 capitulum

232 2210 338 2272 Ρθῑθῐθῑ
352 2203 454 2269 exitus,
470 2209 640 2257 mmmm
654 2202 782 2257 ⁰⁰¹⁰le
795 2219 802 2256 ²
816 2215 872 2273 11⁰⁰
888 2207 1024 2271 lllae⁸⁰¹¹¹0
1075 2225 1126 2280 pru
1142 2210 1256 2267 arbitrio
1276 2221 1391 2280 teneret,
1405 2213 1439 2269 ad
1456 2214 1612 2286 cymbalum
1631 2213 1769 2270 relectorii
1788 2215 1869 2270 sede·

233 2291 407 2364 ”williamt
428 2302 517 2348 ¹⁰²oe?
538 2306 572 2347 ¹¹⁰
586 2306 648 2348 0²⁰¹
661 2291 756 2362 iurare
774 2290 957 2360 ⁰0¹¹¹i⁰¹¹0l⁰b
972 2280 1026 2342 ΒΘ·
1076 2311 1117 2359 rct
1131 2302 1154 2358 si
1174 2302 1265 2369 vellet,
1284 2313 1333 2359 aut
1344 2313 1418 2361 certe
1434 2305 1462 2360 in
1487 2320 1595 2362 camera
1608 2305 1716 2364 abbatis
1730 2315 1870 2377 quomuot

233 2382 345 2455 spondit
358 2382 383 2438 ei
398 2397 513 2438 comes:
532 2401 541 2434 ι
558 2381 695 2439 Simoeis
709 2382 860 2453 perjurium
872 2382 1024 2446 incurrere,
1077 2389 1157 2447 veltet
1179 2389 1276 2448 diebus
1302 2393 1569 2464 comperendinaret,
1589 2392 1778 2464 ,requiescens
1800 2408 1871 2467 ρῳ

233 2473 290 2529 ¹³⁰5
303 2474 408 2544 lutare·
425 2493 435 2527 ι
450 2472 517 2540 0¹¹ae
535 2472 625 2529 dixit:
653 2490 663 2525 t
681 2471 768 2528 Velim
786 2472 882 2539 nilum,
905 2470 1027 2526 wlloed‘l
1076 2480 1267 2539 cluniacensis
1282 2498 1396 2539 suorum
1416 2484 1544 2553 consilio,
1559 2485 1701 2542 mandarit
1715 2484 1812 2541 abbati
1826 2484 1872 2541 Vi-

234 2567 262 2622 in
280 2564 363 2621 verbo
381 2565 504 2636 legitimo
519 2562 652 2635 quidquid
669 2578 720 2634 pru
733 2563 874 2618 voluntate
885 2561 1023 2631 iurasti.»
1077 2571 1393 2645 201130‚90‚11030„0m
1412 2582 1440 2630 εἰ
1454 2574 1645 2644 mmmm,
1669 2576 1746 2647 quod
1758 2575 1872 2633 mm.

233 2656 309 2713 birit
318 2656 344 2714 ci
357 2671 464 2712 comes:
476 2673 486 2709 t
496 2656 525 2710 Si
538 2656 590 2711 hoc
598 2654 864 2720 satisiueritabbati,
877 2654 944 2709 mihi
958 2667 1027 2725 quo·
1077 2672 1152 2720 cerer
1165 2663 1290 2735 petitioni
1303 2665 1387 2721 riuus,
1409 2664 1563 2738 statimque
1577 2666 1662 2724 ann„
1674 2669 1809 2739 'impie
1823 2685 1871 2723 ω.

233 2763 288 2819 (μιθ
301 2747 369 2804 Salis
382 2747 445 2803 erit.
462 2765 471 2800 t
489 2745 524 2803 Αἱ
538 2746 583 2803 illa
597 2763 605 2803 ἓ
620 2764 631 2800 t
646 2745 733 2818 Roga,
748 2745 847 2817 inquil,
860 2745 986 2812 fili,ellm
997 2754 1027 2800 ul
1078 2756 1139 2811 nari
1160 2755 1303 2813 basilicam
1315 2766 1343 2813 ει
1358 2771 1455 2814 omnes
1476 2757 1592 2829 plateas,
1616 2759 1750 2831 omnique
1768 2763 1875 2832 populo

234 2839 283 2896 tihi
298 2839 345 2895 det
357 2839 411 2895 lroc
424 2837 631 2911 jusjurandum.
649 2856 659 2893 t
676 2837 813 2894 Reversus
827 2851 920 2893 rorncs
930 2835 964 2891 ad
978 2835 1027 2892 ab·
1040 2857 1063 2921 C
1078 2844 1213 2902 clamante
1227 2860 1353 2917 praeeone
1363 2849 1493 2920 pracepit
1503 2857 1533 2905 ιιι
1544 2847 1619 2907 iores
1632 2858 1660 2906 ct
1672 2851 1815 2907 vestibula
1827 2854 1875 2908 ‹to-

235 2932 328 2988 batem
341 2929 434 2986 diritr
453 2949 463 2981 ι
480 2929 572 3000 Turpe
584 2929 778 2986 estmulierem
788 2928 894 2999 jurare,
909 2927 1029 2984 marine
1077 2949 1186 2992 morum
1200 2952 1313 2994 suarum
1337 2937 1464 2995 decenter
1483 2950 1624 3009 ornarent,
1644 2952 1672 2997 ct
1695 2942 1816 2999 bunesoe
1830 2959 1875 3000 se·

235 3037 301 3078 vero
318 3030 432 3078 matrem
455 3036 555 3090 meam,
574 3036 636 3093 quae
651 3020 752 3079 nobilis
774 3030 860 3078 estet
879 3036 980 3093 genere
1001 3028 1029 3077 ct
1078 3039 1140 3080 cum
1153 3026 1332 3096 procederent
1345 3027 1372 3082 in
1385 3041 1532 3084 occursum
1547 3028 1655 3087 abbatis
1666 3030 1873 3091 cluniacensis.

234 3121 391 3187 potentatu,
415 3112 463 3169 sed
479 3122 508 3169 et
528 3113 611 3170 sidua
625 3130 632 3169 ι
648 3127 730 3184 parce
745 3112 796 3179 ilii,
818 3127 923 3182 queso,
946 3119 975 3168 ct
994 3126 1029 3169 ne
1079 3112 1279 3187 Superveniens
1292 3126 1383 3173 autern
1394 3117 1570 3176 Theobaldus
1584 3121 1660 3191 prior
1671 3120 1813 3189 cluniaci,
1825 3123 1874 3193 qui

234 3204 310 3260 illam
329 3203 478 3274 compellas
494 3203 607 3274 jurare3
628 3202 677 3260 sed
697 3202 806 3273 suscipe
819 3212 930 3273 paetum
954 3203 1029 3260 illios
1077 3207 1253 3276 postmodum
1270 3207 1358 3264 lactus
1379 3219 1422 3265 est
1435 3209 1522 3267 abbas
1536 3211 1698 3267 monasterii
1711 3210 1876 3267 ilolistuex·

206 3353 208 3360 χ
234 3294 266 3351 ix
280 3295 365 3351 verbo
384 3294 523 3366 legitim03
537 3307 589 3364 ego
602 3300 694 3349 autern
709 3307 803 3363 proca
823 3292 936 3349 tenebor
952 3293 1029 3364 quud
1078 3295 1128 3365 sis,
1156 3296 1323 3367 vituperavit
1348 3299 1495 3356 consilium
1521 3300 1637 3358 fratrom
1665 3317 1797 3359 suorum.
1823 3302 1874 3359 le·

236 3386 277 3443 sic
301 3384 469 3442 obsecrabit.
488 3403 498 3438 t
516 3383 667 3455 Respondit
689 3382 794 3439 abbas:
811 3399 821 3435 t
836 3380 911 3447 Noli,
927 3383 1027 3454 lnquit,
1078 3385 1287 3457 nieusquecum
1300 3385 1399 3445 Pontio
1410 3396 1476 3445 tune
1487 3388 1685 3461 prioreParedi
1696 3393 1873 3457 monasteri,

235 3478 294 3535 nuli
307 3476 413 3534 solvere
428 3477 630 3534 firmamentum
642 3476 734 3549 pacis3
751 3477 810 3534 scio
826 3476 899 3532 eninr
910 3486 1027 3532 matrem
1055 3537 1060 3542 ,
1078 3477 1200 3533 tentabat
1223 3477 1346 3535 animum
1360 3478 1498 3536 Guillelmi
1519 3481 1639 3549 abbatis,
1655 3483 1805 3553 inquirens
1819 3499 1874 3554 ouo

236 3579 312 3626 tuam
329 3568 438 3625 initium
453 3577 481 3626 et
497 3584 610 3626 causam
624 3566 712 3625 luisse
725 3567 849 3625 omnium
871 3567 1029 3624 inimicitia·
1078 3568 1183 3626 bonore
1197 3570 1323 3628 abbatem
1337 3571 1462 3628 cluniaci
1478 3572 1619 3644 suscipere
1632 3573 1807 3645 disponeret
1821 3574 1872 3629 Cui

235 3676 300 3718 rura
313 3669 436 3728 tuarum,
452 3676 534 3732 quarn
550 3660 674 3732 prolecto
687 3667 797 3716 constat
809 3660 887 3729 plura
902 3672 1029 3728 compro·
1078 3662 1164 3719 abhas
1187 3665 1337 3736 respondit,
1360 3664 1476 3722 dicens:
1494 3683 1505 3717 ι
1519 3665 1676 3736 desumptis
1698 3681 1813 3722 mecam
1830 3682 1873 3721 co

236 3751 362 3819 minere,
386 3767 473 3823 pauca
504 3750 614 3806 effectui
641 3748 807 3818 mancipare.
833 3746 1029 3803 Verumtamen
1078 3753 1191 3812 mitibus
1216 3766 1244 3812 et
1272 3755 1433 3827 proceribus
1458 3764 1540 3827 atque
1569 3756 1722 3823 militibus,
1749 3773 1872 3827 quorum

236 3857 332 3900 amore
345 3842 397 3910 tui,
410 3842 446 3907 si,
460 3850 491 3895 ut
500 3839 605 3904 uixisti,
618 3837 736 3894 formam
753 3837 960 3908 compositionis
970 3853 1029 3895 ser·
1078 3844 1281 3903 multitudinem
1306 3847 1403 3904 adesse
1428 3848 1557 3915 cernitis,
1584 3862 1731 3905 oecumm
1756 3849 1871 3904 domm

237 3945 365 3993 raturaru
383 3947 414 3990 se
438 3932 467 3986 in
487 3930 571 3986 verbo
592 3927 713 4000 legitimo
737 3928 879 4000 pepigerit,
894 3930 983 4000 patiar
999 3938 1030 3986 ut
1077 3935 1267 4006 cluniacensi,
1290 3947 1318 3994 et
1339 3940 1489 3995 soleinnem
1513 3939 1538 3995 ei
1559 3939 1768 4010 processionem
1793 3941 1872 3995 exhi·

236 4023 355 4096 quilibet
369 4021 507 4093 legitimus
521 4018 600 4075 miles
616 4018 773 4089 riceipsius
788 4028 895 4076 astante
907 4020 952 4074 illa
966 4029 1029 4077 ante
1073 4026 1159 4084 hebo.
1175 4028 1244 4084 Cum
1266 4037 1357 4086 auom
1373 4030 1428 4086 buc
1443 4031 1583 4102 ingressus
1607 4029 1702 4100 luerit,
1718 4031 1870 4102 capitulata
1939 4085 1940 4092 ,

236 4124 334 4173 sancta
346 4114 431 4186 juret.
447 4132 457 4165 ι
473 4110 507 4169 Ει
522 4109 626 4169 lactum
641 4110 731 4168 estita
745 4129 752 4167 :
767 4120 794 4168 et
805 4110 908 4183 juravit
922 4110 1030 4167 Baldui·
1079 4124 1106 4171 et
1121 4117 1293 4175 relectorium
1312 4135 1362 4190 pro
1380 4120 1495 4177 arbitrio
1512 4122 1625 4192 tenebit,
1639 4131 1687 4179 aut
1704 4122 1734 4178 in
1749 4124 1812 4193 ipsa
1824 4138 1871 4178 ca·

236 4223 301 4277 nus,
315 4207 364 4279 qui
379 4207 469 4264 dictus
482 4214 525 4262 est
535 4218 587 4277 pro
597 4218 641 4261 ea.
656 4202 691 4260 tir
700 4201 773 4260 lacta
786 4213 828 4259 est
837 4203 929 4259 latitia
943 4213 971 4259 et
983 4219 1029 4258 cx·
1043 4196 1066 4252 Ι)
1080 4223 1155 4263 mera
1170 4224 1231 4264 mea
1245 4208 1367 4280 quandiu
1383 4210 1511 4281 soluerit,
1530 4212 1797 4284 comperendinabit,
1812 4227 1870 4268 ora·

237 4299 350 4356 sultatio
366 4314 465 4369 magna
479 4298 554 4356 omni
566 4297 667 4369 populo
682 4296 711 4350 in
725 4294 770 4351 die
781 4294 836 4350 illa.
853 4293 886 4351 Et
901 4293 972 4349 laeta
986 4303 1030 4349 est
1080 4313 1197 4368 nemque
1215 4297 1254 4353 illi
1274 4298 1406 4354 honorem
1421 4300 1568 4369 exhibebo,
1591 4301 1618 4356 in
1633 4299 1785 4368 lrumcnto,
1806 4304 1871 4356 rino

238 4390 385 4448 eoncordia
405 4398 433 4446 et
454 4388 575 4446 amicitia
591 4402 690 4464 magna
708 4386 780 4442 intcr
796 4385 964 4441 abbatemet
983 4400 1030 4442 co-
1079 4396 1106 4444 et
1118 4403 1201 4444 carne
1215 4396 1243 4443 et
1258 4388 1390 4459 piscibus.
1406 4407 1416 4440 ι
1436 4387 1684 4445 submurmurante
1697 4388 1870 4456 Tbcobalde,

237 4485 343 4552 mitem,
357 4491 385 4539 et
403 4482 479 4538 nulla
493 4481 546 4538 luit
558 4478 687 4536 distantia
702 4478 773 4533 iuter
787 4484 945 4547 utrumque,
960 4478 1029 4547 quin
1079 4480 1219 4549 respondit
1241 4478 1376 4536 Pontius:
1408 4498 1419 4532 ι
1433 4478 1498 4537 llaec
1521 4482 1615 4537 omnia
1640 4496 1704 4554 quse
1725 4483 1871 4552 proponis,

238 4573 352 4628 sentiret
364 4572 438 4628 idem
458 4587 531 4628 unus
554 4570 629 4642 quod
650 4569 729 4624 alter.
749 4565 782 4622 lli
794 4574 886 4622 autem
900 4567 947 4637 qui
963 4582 1029 4638 ope·
1079 4569 1154 4624 bona
1177 4569 1288 4639 quidem
1304 4578 1379 4636 sunt,
1394 4569 1442 4625 sed
1464 4570 1557 4626 minos
1577 4568 1729 4626 sufficentia
1744 4583 1872 4641 persona
1939 4559 1940 4564 ’

238 4671 346 4718 ratores
356 4671 384 4718 et
395 4663 552 4718 incitatores
567 4659 775 4716 inimicitiarum
786 4657 910 4713 omnium
920 4656 1030 4713 iuer-ant
1080 4660 1186 4715 abbatis
1195 4659 1330 4717 cluniaci.
1342 4679 1352 4713 ι
1365 4661 1400 4715 ht
1411 4660 1472 4716 illc:
1490 4679 1500 4712 ι
1516 4659 1675 4732 bortergo,
1688 4661 1738 4725 ait,
1751 4662 1872 4732 amplius
1939 4667 1940 4684 ¹

239 4754 273 4809 ad
290 4752 374 4823 pedes
387 4752 495 4809 abbatis
509 4761 653 4819 venerunt,
664 4761 692 4808 ct
702 4759 732 4807 ut
742 4764 791 4806 eus
801 4748 895 4805 comiti
909 4747 1030 4807 offensos
1080 4751 1236 4807 laciendum
1256 4751 1336 4807 vobis
1352 4751 1479 4807 ridetur?
1501 4750 1561 4809 elit
1578 4752 1720 4823 respondit
1732 4750 1869 4808 Pontius:
1939 4805 1940 4820 ,

237 4843 429 4902 reconciliaret
453 4844 612 4915 suppliciter
637 4856 829 4900 exoraverunt.
857 4839 916 4898 Iler
937 4849 1028 4897 numm
1083 4839 1215 4912 «Optime
1236 4842 1311 4900 nosti
1323 4842 1389 4913 quid
1404 4842 1430 4899 ei
1445 4851 1590 4913 congruat,
1602 4843 1755 4914 praesertim
1773 4843 1804 4899 in
1819 4845 1869 4899 boc

189 4987 193 4999 ,
237 4935 395 4994 Ludoricus
405 4935 481 4991 venit
493 4932 672 5013 vizeliacum,
687 4944 713 4991 et
727 4936 830 5007 gratias
842 4934 867 4992 ei
879 4936 935 5004 egit
943 4923 1029 4989 abbas
1080 4933 1343 5005 monasterio,quod
1356 4942 1640 5002 praetereummoncru
1654 4934 1868 5005 hospitalitate·
1939 4981 1940 4992 ,

236 5043 301 5084 eum
317 5027 448 5085 iratribus
471 5025 530 5082 suis
547 5040 598 5098 pro
609 5025 706 5097 adepta
727 5040 804 5096 pace,
818 5036 846 5082 et
862 5024 983 5082 occurrit
1003 5023 1029 5080 ei
1080 5022 1204 5092 ampliori
1218 5033 1324 5080 tenetur
1335 5023 1388 5079 sibl
1399 5025 1563 5080 reverentia.
1576 5044 1586 5078 r
1597 5054 1634 5064 -
1647 5043 1657 5077 ι
1672 5022 1758 5091 hene,
1769 5025 1867 5097 inquit,
1939 5035 1940 5044 ¹

237 5120 312 5176 lilius
326 5119 436 5177 comitis
453 5116 606 5188 Cabilonis,
621 5124 649 5172 et
673 5125 771 5189 agente
790 5116 887 5172 abbate
901 5113 965 5170 iecit
983 5127 1030 5184 pa·
1080 5115 1144 5171 nori
1161 5116 1226 5187 quid
1249 5116 1302 5172 sibl
1322 5121 1467 5188 cuvvpruat,
1485 5115 1603 5188 ideoque
1621 5130 1733 5172 omnem
1747 5116 1868 5173 debituri

237 5222 298 5265 conr
313 5224 377 5265 curu
393 5225 469 5282 reae.
1079 5208 1119 5265 illi
1131 5208 1264 5265 honorem
1275 5207 1420 5265 exhibebo.
1437 5206 1467 5265 st
1479 5217 1571 5265 autem
1582 5209 1653 5266 forte
1665 5209 1738 5265 ultra
1752 5208 1868 5266 intendi·

272 5300 314 5357 tu
329 5303 383 5359 lruc
391 5305 562 5376 colloquium
576 5303 691 5359 renitet
705 5299 861 5371 Stephanus
873 5298 958 5355 abbas
968 5296 1029 5354 Clu·
1080 5299 1126 5366 tis,
1146 5297 1199 5355 hoc
1209 5300 1282 5372 apud
1296 5313 1345 5356 vos
1369 5308 1474 5356 certum
1486 5310 1615 5357 constare
1628 5300 1701 5368 vulo,
1714 5303 1792 5374 quod
1811 5300 1868 5359 eol-

238 5392 321 5455 uiaci,
336 5394 385 5462 qui
397 5410 508 5453 exosam
521 5397 625 5452 babens
639 5407 784 5466 personam
797 5389 935 5447 Guillelmi
949 5390 1031 5447 abba·
1080 5392 1134 5448 lata
1148 5392 1216 5449 mibi
1233 5393 1298 5450 sede
1311 5409 1366 5449 nun
1386 5394 1438 5451 sibi
1461 5396 1567 5452 oedam.
1584 5414 1594 5449 t
1611 5395 1647 5452 Αι
1663 5395 1702 5452 illi
1717 5396 1867 5453 dixerant:

237 5484 274 5537 tis
290 5482 431 5555 iliaeliaci,
444 5488 608 5559 dedignatus
620 5492 663 5543 cst
677 5486 782 5558 ingredi
804 5488 935 5558 oppidum
953 5484 1031 5542 lize-
1084 5503 1093 5537 ι
1114 5481 1174 5540 lloii
1192 5500 1259 5558 ergo
1273 5483 1391 5557 fatigari,
1414 5487 1546 5558 quoniam
1566 5488 1696 5545 dominos
1717 5488 1806 5546 abbas
1819 5486 1869 5544 tal·
