3892 6067
128 229 180 286 tol
390 228 570 288 couleur.
589 227 622 285 lli
641 225 811 284 Psanites.
832 259 866 268 —
883 223 974 281 PARS
993 224 1038 291 lx,
1058 225 1104 281 EX
1124 222 1287 283 dononio.
1307 254 1343 265 -
1359 224 1458 282 rste.
1478 224 1546 284 xci.
1717 226 1771 284 its

162 346 264 404 Aliter:
284 345 362 416 dapis
377 356 419 402 est
433 363 519 418 genus
533 347 755 418 serpentisque
770 364 824 404 non
849 345 921 419 pali·
937 341 1074 408 boleslao,
1091 344 1138 414 qui
1151 343 1273 400 coelestia
1289 344 1415 400 nuntiant
1430 343 1531 416 populo
1552 341 1612 397 liei.
1630 338 1679 396 iiis
1690 357 1770 396 mnu·

124 447 174 495 tur
190 439 401 504 incantatorem,
413 437 461 493 sed
475 438 587 494 obturat
601 452 683 492 aures
698 451 761 492 cum
776 436 873 502 cauda,
890 449 924 490 ne
975 432 1051 489 darii
1073 433 1145 490 Deos
1166 442 1197 489 ut
1213 434 1305 491 ildeles
1330 435 1358 489 in
1372 435 1501 491 omnibus
1515 433 1567 490 riis
1592 449 1684 490 mores
1697 445 1769 504 prac-

52 523 56 528 ’
127 529 223 585 audiat
240 529 451 598 incantatorem,
462 530 544 601 eujus
558 529 657 585 veneni
676 539 752 586 tanta
767 531 809 586 ris
825 535 877 598 est,
895 535 925 584 ut
975 524 1093 582 dicando
1113 526 1279 593 custodiant,
1306 538 1333 582 et
1358 526 1386 582 in
1407 526 1535 582 manibus
1555 533 1683 596 portent,
1703 523 1771 581 dum

127 625 292 694 priusquam
320 624 475 691 sentiatur,
503 623 622 680 occidat.
649 621 797 678 Basiliscus
811 633 862 689 est,
876 621 923 694 nuri
973 618 1129 691 exemplum
1151 619 1231 674 bonae
1255 619 1423 690 operationis
1447 619 1488 677 eis
1511 617 1662 690 prebeant,
1691 616 1770 674 acin

127 709 226 766 Latine
236 712 339 768 dicitur
353 711 470 783 repaire,
486 713 533 783 qui
561 711 627 768 latu
657 722 838 779 sumnonem
862 712 924 767 ani·
976 709 1065 784 legem
1097 708 1206 767 Domini
1226 711 1254 767 io
1284 711 1375 782 lapide
1399 712 1532 783 scriptam
1555 709 1703 766 uisendam.
1727 707 1770 764 Tu

126 802 234 858 orantia
252 804 458 871 interimir,scd
481 805 571 875 ipsum
593 804 710 860 mustela
735 805 853 875 perimit.
871 802 924 859 lea
976 819 1053 876 ergo,
1083 804 1184 876 popule
1195 803 1230 860 ab
1242 804 1347 876 angelis
1359 803 1504 871 custodite,
1521 819 1599 873 saper
1614 801 1734 872 aspidem
1745 809 1772 857 et

124 903 169 950 esi
183 895 354 951 iortissimus
369 895 531 964 bestiarum,
544 897 626 952 draco
645 898 784 954 rrraximus
810 913 923 969 serpen·
977 894 1132 949 basiliscam
1151 893 1311 959 ambulabis,
1327 894 1354 950 id
1377 902 1420 951 est
1446 902 1558 968 peccata
1577 900 1605 950 et
1618 893 1685 949 viiia
1697 908 1772 948 uvor-

125 989 207 1055 tium,
221 988 350 1045 iaimieus
363 990 516 1061 elephantis
528 991 598 1046 casti
614 989 753 1059 animalis,
766 990 847 1061 eujus
871 989 925 1046 ini·
978 995 1031 1041 tem
1057 987 1199 1058 operantia
1224 987 1367 1058 superabis
1382 1005 1390 1055 ;
1406 994 1432 1042 ei
1450 984 1618 1041 canonicalis
1632 983 1732 1040 lenirem
1747 994 1772 1037 et

124 1079 241 1139 miciliae
253 1098 335 1138 eausa
351 1084 409 1140 lraec
423 1092 483 1138 est:
500 1099 635 1139 cenenum
659 1084 789 1141 draconis
803 1085 924 1140 maximo
976 1078 1127 1146 draconem,
1140 1077 1167 1135 id
1189 1087 1232 1135 esi
1260 1078 1399 1135 diablilssffi
1424 1076 1570 1135 manifesti
1582 1077 1612 1132 ιι]
1638 1073 1773 1132 membris

123 1175 220 1233 calore
237 1174 332 1240 lervel,
348 1174 461 1244 sanguis
480 1186 571 1232 autem
584 1176 737 1248 elephantis
761 1191 844 1246 quam
865 1189 925 1230 ma·
976 1170 1035 1226 suis
1050 1171 1217 1239 saevientem,
1239 1171 1282 1227 vel
1297 1171 1405 1227 occuito
1418 1170 1490 1230 maia
1505 1176 1707 1242 suggerentem.

124 1268 202 1325 xime
217 1267 308 1340 iripet.
324 1265 467 1338 l'ultergo
479 1269 562 1324 draco
576 1285 657 1326 suom
678 1270 797 1326 calorem
817 1279 923 1339 tempe·
1013 1260 1145 1333 Sequitur
1168 1261 1317 1334 promissio
1343 1260 1400 1317 liei.
1432 1261 1564 1333 Superius
1581 1262 1685 1318 dietum
1709 1267 1770 1316 esi:

124 1376 190 1416 rare
205 1374 269 1415 cnm
282 1359 435 1430 elephantis
444 1358 543 1430 frigido
556 1361 699 1432 sanguine.
716 1360 795 1430 dapis
818 1373 924 1414 ueneno
977 1353 1093 1428 Speralo
1104 1361 1131 1413 in
1146 1372 1217 1423 eam,
1233 1353 1297 1410 ideo
1313 1370 1386 1411 ouvrc
1404 1355 1472 1411 dicit
1488 1373 1495 1411 ε

123 1466 232 1507 necans
247 1460 290 1507 est
303 1466 379 1506 mars
391 1451 485 1506 omnia
512 1451 664 1508 trucidans.
688 1450 835 1507 Basiliscus
858 1451 923 1508 ilatu
1012 1444 1096 1503 iens.
1114 1447 1158 1502 ti.
1180 1443 1313 1512 Quoniam
1330 1445 1358 1500 in
1378 1462 1419 1501 ene
1436 1445 1551 1515 sperate
1564 1444 1661 1520 [Vrrlp.
1674 1443 1773 1515 Spera·

124 1559 179 1599 suo
192 1552 293 1599 cuncta
308 1542 504 1613 perimensest
525 1552 667 1615 peecatum
697 1544 804 1600 animas
828 1545 924 1599 interi·
976 1535 1040 1610 rit],
1056 1535 1173 1593 liberabo
1186 1553 1245 1592 ervm
1267 1551 1282 1592 a
1305 1536 1396 1602 malis,
1415 1546 1551 1608 protopanv
1563 1552 1623 1591 eam
1637 1537 1664 1590 in
1678 1536 1771 1596 bortis.

123 1649 216 1688 mens.
228 1631 282 1688 Leo
294 1647 391 1688 omncs
404 1632 506 1689 bestias
517 1642 724 1703 perterrenscst
736 1633 924 1689 Antichristus
975 1631 1102 1702 qnoniam
1113 1629 1237 1702 copreouit
1257 1645 1349 1684 aornar
1372 1645 1469 1696 oneum,
1483 1628 1557 1699 qnod
1569 1636 1612 1682 cst
1625 1624 1770 1698 Dominus.

122 1725 259 1780 omnibus
270 1724 400 1795 gentibus
414 1732 550 1779 terrorem
563 1724 710 1781 incutiens.
728 1713 816 1779 Draco
831 1724 924 1779 inimi·
938 1710 960 1765 Β
973 1721 1091 1779 Sarrum
1104 1738 1194 1778 meum
1209 1722 1273 1779 iecit
1292 1738 1322 1779 se
1338 1722 1407 1778 bene
1422 1721 1573 1793 operando,
1590 1720 1618 1775 in
1637 1720 1681 1776 iris
1692 1719 1773 1776 bortis

124 1835 179 1874 cus
194 1817 263 1876 casui
282 1816 464 1873 animalisest
487 1816 615 1875 diabolus
627 1816 758 1874 iuimicus
783 1817 846 1872 Filii
867 1817 923 1872 rir·
975 1823 1118 1887 protegam
1133 1829 1196 1871 eum
1208 1814 1321 1885 praemia
1335 1813 1537 1870 conservando-
1639 1873 1643 1880 ,

123 1910 213 1981 ginis.
229 1906 356 1964 Christus
374 1908 467 1978 iiarpue
479 1924 560 1978 super
583 1907 704 1978 aspidem
722 1916 748 1963 et
770 1906 924 1962 imiliream
1012 1905 1096 1963 Vens.
1121 1906 1166 1962 li.
1186 1904 1319 1962 Ciamaiit
1335 1903 1370 1960 od
1392 1921 1444 1972 mc,
1460 1903 1519 1960 sive
1533 1912 1563 1960 ut
1578 1903 1634 1960 olla
1657 1899 1774 1960 transla-

124 1999 290 2065 ambalavit,
303 1998 370 2054 dum
382 2007 524 2070 peecatum
535 2009 563 2056 et
575 2007 691 2055 morteto
702 1999 858 2070 superarit:
870 1999 926 2055 ieo-
975 2000 1015 2056 tio
1036 1998 1138 2056 babet:
1154 1995 1291 2053 laaocaiit
1313 2011 1364 2064 nro,
1381 1994 1511 2062 subaudi,
1528 1995 1557 2050 iu
1572 1993 1733 2059 tentatiomo,
1748 2000 1774 2047 rt

124 2107 188 2146 nrm
202 2099 228 2145 et
240 2089 382 2146 draconem
395 2090 579 2158 conculcabit,
594 2091 659 2146 dum
674 2091 875 2149 Antichristum
898 2100 926 2148 et
975 2108 1023 2163 epo
1034 2090 1179 2146 exaudiam
1194 2105 1266 2157 earn,
1283 2087 1451 2161 protegendo
1464 2103 1480 2143 a
1494 2085 1685 2144 subversione.
1705 2082 1774 2142 Gom

122 2180 269 2238 diabolum
304 2182 332 2237 io
359 2181 465 2253 judicio
490 2182 519 2237 io
543 2190 672 2254 stagnum
696 2183 770 2255 ignia
800 2183 926 2256 praecipi-
976 2185 1034 2256 ipso
1050 2184 1149 2239 samio
1164 2180 1347 2246 tribulatione,
1366 2180 1516 2238 smuteum
1539 2176 1654 2249 losepb,
1674 2191 1709 2234 na
1726 2176 1776 2234 rie·

124 2275 207 2330 tabit.
790 2277 801 2300 '
976 2276 1051 2334 liciat
1066 2295 1074 2332 ι
1089 2286 1117 2332 ιι
1136 2276 1245 2331 rarvdem
1261 2273 1375 2344 eripiam
1401 2287 1463 2327 eum
1484 2270 1521 2328 ab
1535 2270 1612 2328 omni
1629 2267 1776 2340 perturba·

163 2366 261 2423 Potest
276 2374 305 2423 et
321 2366 375 2424 boc
394 2375 482 2424 lotum
505 2367 602 2432 reierri
625 2371 659 2427 ad
683 2370 818 2444 populum
838 2371 926 2429 ricta-
978 2371 1063 2436 tione,
1079 2377 1105 2423 et
1116 2367 1271 2440 pioripcala
1285 2381 1356 2431 enrrt,
1372 2357 1582 2420 immortalitate
1599 2359 1774 2432 etimpassl·

124 2475 185 2514 rem
197 2459 341 2524 vitiorum,
355 2460 403 2531 qni
419 2461 486 2517 dicit
501 2460 556 2517 beo
574 2481 581 2517 ι
600 2461 720 2520 Terrena
740 2479 883 2536 respuo‚a
899 2473 926 2521 ta
977 2461 1092 2519 bilitato.

124 2552 255 2608 caelestia
274 2568 378 2623 spero:
399 2551 533 2619 Quoniam
551 2563 580 2609 ta
591 2571 618 2612 eo
633 2573 691 2626 spes
704 2573 773 2623 ntea,
799 2557 923 2613 Domine.
1013 2552 1096 2610 Vens.
1110 2551 1154 2609 lii.
1175 2549 1353 2623 Lanpiiudine
1363 2548 1468 2605 dieram
1480 2545 1583 2618 aspicio
1596 2541 1709 2612 conniti
1732 2552 1776 2602 ιιι

123 2642 179 2700 Cui
194 2645 344 2714 respondet
355 2660 409 2701 vox
431 2645 524 2703 divina
539 2664 547 2702 t
564 2646 735 2705 licissimum
750 2651 865 2719 pasalan·
884 2664 926 2705 rr·
977 2646 1101 2717 longasi
1119 2643 1294 2700 iudeileieote
1308 2641 1375 2707 rita,
1390 2650 1416 2697 et
1435 2637 1574 2695 comedam
1587 2635 1631 2691 iiii
1652 2633 1774 2698 salutare

125 2736 234 2810 {amant
252 2748 339 2792 taum.
365 2735 493 2795 ldeotraa
511 2739 665 2796 asurirtad
680 2741 832 2810 tamaium,
851 2744 926 2813 quod
978 2754 1076 2804 mea-n,
1098 2736 1127 2792 id
1157 2745 1200 2792 est
1219 2732 1381 2790 monstrabo
1410 2731 1447 2787 illi
1480 2729 1580 2786 l’ilium
1607 2741 1714 2793 meunt,
1737 2725 1775 2788 sl·

126 2827 211 2884 malis
225 2837 267 2884 est
287 2839 482 2900 praeparatum.
504 2827 540 2886 Et
554 2830 703 2902 popeline,
727 2831 755 2886 id
777 2841 820 2890 est
834 2832 927 2896 vindi·
978 2829 1034 2886 euti
1048 2836 1101 2895 est,
1121 2825 1188 2882 mibi
1207 2823 1386 2895 coronalem,
1404 2834 1434 2878 ot
1455 2834 1565 2890 semper
1591 2818 1684 2880 rideat
1709 2831 1775 2872 etna

124 2931 184 2987 cta,
207 2937 259 2974 nort
288 2922 510 2992 appropinquabit
541 2922 599 2989 tili,
619 2922 666 2978 obi
694 2923 750 2979 erio
772 2923 800 2980 in
818 2923 927 2984 liomisi
979 2920 1049 2977 iaeie
1072 2919 1106 2977 ad
1137 2918 1246 2975 faeiem.
1273 2914 1408 2971 Similiter
1431 2913 1491 2984 ipso
1525 2910 1612 2968 Filius
1647 2909 1776 2982 prontltii

125 3013 170 3068 tui
187 3012 298 3083 gaudio.
324 3013 457 3079 Quoniam
478 3015 580 3085 arrpeiia
594 3014 652 3069 orda
675 3014 812 3072 mandarit
834 3016 867 3071 de
890 3026 926 3084 te,
941 3050 962 3107 C
980 3010 1249 3071 suisdilectoribus:
1267 3028 1277 3061 ι
1295 3005 1348 3075 Qui
1360 3005 1450 3078 diligit
1464 3019 1518 3072 me,
1535 3003 1777 3074 ultramarinae

127 3114 159 3160 at
182 3104 374 3160 custodiarum
394 3107 423 3159 ia
439 3105 561 3161 carolina
580 3108 628 3163 uiis
645 3108 708 3162 tuis.
733 3106 793 3162 Nou
808 3118 851 3164 cst
876 3109 927 3165 du·
980 3104 1162 3166 maniiestaba
1176 3103 1201 3158 ei
1216 3116 1261 3158 me
1275 3101 1365 3171 ipsum
1381 3096 1472 3170 (ioan.
1490 3111 1546 3164 arr,
1565 3095 1640 3163 all.»

129 3194 274 3251 bitandom
291 3211 456 3268 quenvquam
469 3198 571 3265 iustum
584 3207 639 3253 tam
651 3198 679 3255 iu
692 3200 832 3270 prosperis
843 3215 927 3271 quana
1013 3198 1095 3256 bunc
1110 3195 1248 3269 psalmum
1276 3192 1338 3249 idco
1366 3190 1401 3246 ad
1423 3187 1635 3259 eonrplmrimu
1653 3184 1775 3242 aalma

128 3287 159 3343 in
176 3285 301 3341 adversis
322 3286 357 3342 ab
383 3288 489 3359 angelis
512 3286 559 3342 liei
585 3289 732 3357 cusudiri,
760 3291 832 3347 sieut
859 3291 928 3350 scri·
979 3291 1064 3360 canit,
1089 3297 1122 3347 ιιι
1141 3302 1204 3344 eaor
1232 3283 1323 3355 angeli
1349 3296 1367 3340 a
1392 3279 1491 3337 droam
1511 3287 1650 3337 nocturno
1679 3284 1775 3336 susbt-

129 3386 210 3448 ptum
229 3385 292 3432 est:
310 3395 319 3428 ι
342 3377 433 3449 angeli
460 3392 556 3433 eorum
586 3395 694 3450 semper
715 3381 809 3438 vident
831 3381 927 3440 luciam
978 3384 1065 3443 diarii.

129 3466 223 3524 Patris
252 3468 432 3539 mailliaci.
462 3486 541 3538 xvrvr,
572 3472 628 3541 llll.
645 3490 655 3525 ι
675 3471 709 3528 Ει
728 3474 815 3530 alibi:
835 3494 845 3527 r
863 3474 929 3532 Ota·
1014 3473 1084 3531 Nota
1111 3471 1234 3529 ordinem
1262 3466 1471 3527 nonmdemdis
1490 3465 1636 3527 minorem
1661 3461 1773 3520 ordivms

130 3576 184 3619 nes
211 3569 277 3615 aunt
296 3561 525 3617 administratorii
556 3562 676 3635 Spiritus
695 3565 723 3620 in
744 3567 927 3624 ministerium
979 3567 1139 3639 angelorum
1173 3561 1346 3635 pertinentis.
1385 3558 1495 3614 Primus
1533 3555 1657 3629 psalmus
1679 3560 1722 3610 est
1741 3552 1777 3611 tls

131 3652 212 3709 missi
227 3662 340 3724 propter
356 3668 415 3717 eos,
431 3654 477 3725 nui
502 3654 689 3712 baereditatem
704 3658 816 3728 capium
831 3660 929 3718 salutis
980 3657 1045 3714 liliis
1062 3655 1109 3712 liei
1132 3654 1187 3710 diis
1202 3653 1292 3719 iactis,
1315 3659 1343 3707 et
1357 3649 1513 3708 beer-edibus
1533 3647 1609 3720 regni
1632 3643 1681 3703 bel
1696 3644 1777 3702 irrati-

132 3744 231 3815 (lleir.
253 3761 274 3808 ι,
295 3745 383 3813 ill.»
415 3743 449 3800 lo
479 3745 602 3801 nraniiaa
622 3747 765 3817 portabam
791 3757 826 3813 te,
841 3749 868 3806 id
888 3759 930 3805 est
980 3748 1057 3817 tutis;
1082 3746 1220 3804 sccundus
1242 3745 1276 3801 de
1291 3742 1467 3800 invasoribus
1486 3740 1535 3796 nei
1556 3736 1776 3805 haereditariam

132 3836 162 3892 in
179 3836 234 3893 bon
246 3853 259 3894 s
269 3837 398 3908 operibus
413 3837 582 3907 adjuvabunt
597 3846 631 3902 te,
644 3838 749 3908 nefor-re
759 3840 879 3908 offendas
894 3840 929 3895 ad
980 3838 1138 3896 irrereditate
1164 3835 1312 3903 abdicatis3
1332 3834 1429 3891 tertios
1445 3830 1480 3888 de
1504 3830 1589 3887 durno
1611 3829 1660 3886 liei
1674 3836 1701 3885 et
1715 3827 1776 3899 eius

132 3929 251 4000 lapidem
268 3929 359 4000 pedem
385 3941 470 3997 taam,
493 3929 520 3986 id
542 3938 583 3985 cst
609 3944 645 3985 ne
671 3945 768 4000 pecces
792 3931 819 3986 in
843 3933 929 4003 legem
980 3928 1181 3988 balneatoribus
1195 3927 1223 3983 in
1242 3934 1376 3982 nmmum
1389 3922 1475 3979 Ιιιιιιιι
1489 3921 1678 3986 laudantibus
1693 3934 1777 3990 oum·

131 4020 248 4077 Christi.
270 4020 396 4077 Christus
426 4030 470 4077 est
497 4021 572 4076 enim
591 4039 602 4073 ι
619 4018 691 4091 lapis
718 4020 878 4078 offensionis
903 4032 931 4079 et
982 4031 1026 4079 tus
1050 4022 1084 4078 de
1106 4020 1257 4092 gratiarum
1282 4017 1391 4074 actione
1413 4024 1441 4072 et
1464 4012 1557 4070 letitia
1589 4026 1700 4073 eorum,
1726 4007 1775 4080 uui

131 4120 212 4186 petra
228 4114 355 4170 scandali
370 4113 458 4186 (liam
483 4129 522 4179 rx,
539 4113 618 4184 53),ι
634 4112 661 4169 io
686 4128 767 4184 quem
785 4110 873 4169 iudaei
888 4112 931 4170 oi·
980 4128 1048 4185 pace
1067 4117 1096 4166 et
1108 4110 1196 4182 gloria
1208 4107 1313 4181 porlrul
1336 4113 1507 4172 merueruot3
1528 4102 1647 4174 quintus
1660 4100 1696 4156 ds
1710 4115 1776 4154 ora·

132 4205 292 4274 iendcront,
317 4207 382 4262 dum
399 4205 519 4277 peccatis
531 4204 698 4262 autumares
718 4219 783 4260 curo
798 4204 930 4275 reproba·
982 4205 1056 4260 tione
1072 4216 1178 4267 eorum,
1192 4200 1239 4273 qui
1254 4201 1300 4255 bie
1317 4199 1343 4254 iu
1361 4197 1461 4255 exsilio
1472 4196 1776 4259 remanserunt;aerttus

131 4308 245 4351 reram.
272 4296 313 4351 od
326 4295 402 4353 bunc
416 4294 533 4366 lapidem
550 4295 645 4365 pedem
663 4293 788 4361 offendit,
804 4293 931 4365 auidiis·
981 4298 1016 4355 de
1030 4296 1150 4368 gloriosa
1167 4292 1278 4350 civitate
1300 4290 1348 4347 bei
1367 4297 1396 4345 et
1417 4289 1452 4344 de
1477 4287 1539 4358 ejus
1561 4285 1668 4342 civibus
1688 4281 1718 4346 ip
1742 4297 1776 4340 aa

130 4385 255 4441 ctionem
272 4383 318 4440 Dei
332 4396 360 4441 er
380 4385 497 4456 proximi
515 4383 676 4442 coutemnit.
692 4383 745 4452 Qui
759 4399 841 4456 super
857 4384 930 4440 bunc
945 4391 968 4447 l)
983 4388 1158 4454 bernardius,
1175 4385 1308 4456 septimus
1329 4383 1363 4440 de
1377 4390 1494 4454 angusta
1512 4387 1593 4451 porta
1607 4375 1777 4447 lmiuseiri·

132 4477 255 4547 lapidem
286 4476 414 4534 ceciderit
441 4476 716 4549 coniriogetrrr,qoia
732 4478 782 4548 qui
799 4477 826 4532 in
846 4476 930 4532 Cbri·
986 4481 1061 4550 tatis,
1077 4492 1222 4551 perquam
1245 4475 1377 4549 ipsellex
1392 4472 1620 4548 gloriosiorem
1638 4484 1717 4526 suam
1732 4467 1778 4524 ia·

133 4584 211 4630 stom
237 4588 292 4628 ooo
320 4573 418 4639 eredit,
447 4574 482 4628 ab
505 4572 626 4630 Ecclesia
658 4574 810 4630 scindetur.
838 4572 929 4644 Super
983 4575 1075 4642 travit,
1094 4581 1122 4630 et
1137 4573 1196 4629 suis
1213 4571 1347 4628 militibus
1368 4583 1416 4640 per
1435 4568 1506 4624 baruc
1519 4563 1624 4638 ingredi
1638 4569 1778 4620 morisim·

134 4681 219 4737 quoru
239 4680 306 4721 rero
322 4665 463 4732 ceciderit,
478 4673 600 4721 conteret
622 4680 697 4732 erim,
725 4665 752 4719 id
770 4673 814 4721 est
847 4678 930 4736 qrrem
981 4665 1031 4733 vit;
1061 4673 1175 4722 octavos
1194 4663 1229 4719 de
1248 4664 1384 4718 immensa
1407 4660 1479 4731 regis
1505 4658 1635 4730 gloriaet
1655 4667 1772 4713 suoram

136 4758 301 4829 inpeccatis
321 4743 464 4827 meruerit,
485 4757 632 4828 injudicio
655 4757 859 4815 condemnabit.
875 4757 932 4811 Au·
983 4759 1102 4816 militum
1121 4757 1232 4823 laetitia;
1265 4751 1407 4811 narrastis
1427 4751 1561 4808 brevitate
1584 4748 1631 4807 hic
1656 4747 1777 4805 milina-

135 4848 193 4922 geii
204 4850 335 4906 dicuntur
357 4849 457 4918 nuntii,
472 4856 500 4905 et
512 4848 702 4920 intelliguntur
729 4849 855 4905 doctores
877 4846 931 4903 Ee·
985 4849 1064 4914 tium;
1079 4847 1203 4904 declinus
1215 4845 1249 4901 dc
1262 4843 1413 4908 aeternitate
1424 4841 1481 4900 illle
1493 4838 1677 4913 regnantium.

139 4963 1771 4998 ww*

745 5115 1010 5208 Psltllus
1044 5116 1169 5206 xci.

754 5419 799 5480 lie
821 5417 915 5481 leude
930 5435 1066 5499 operum
1082 5418 1142 5481 liei

176 5563 334 5619 Bonumeat
351 5562 472 5631 confiteri
492 5558 680 5624 balniantes
708 5556 825 5615 lirnium
850 5555 932 5612 ‹lera-
987 5565 1058 5621 clus‚
1082 5554 1146 5628 quia
1163 5554 1304 5624 'rnroqrtia
1328 5559 1436 5608 aelerrrae
1450 5549 1539 5606 laudis
1551 5548 1661 5605 <labiim
1674 5548 1777 5626 samiis

140 5657 213 5712 diso
230 5654 311 5710 lande
327 5663 353 5709 et
371 5650 464 5723 requie
478 5651 560 5707 sumit
573 5648 716 5704 exordium
736 5638 854 5718 Spiritus
868 5664 932 5702 sua-
987 5648 1048 5702 vitre
1068 5646 1209 5703 denarius.
1238 5639 1398 5700 Procedens
1418 5640 1548 5698 denarius
1567 5639 1730 5697 terminatur
1746 5640 1773 5696 in
