3892 6067
667 31 741 129 lsn}
1304 33 1488 98 ausones

700 164 908 226 Curant'rsrnnro
921 157 1022 229 Pontis.
1035 156 1066 212 de
1076 154 1289 212 irnmunitotilur
1306 153 1389 211 viaet.
1400 170 1460 210 cerr·
1474 159 1488 217 ,t

666 257 832 319 treuertitnr.
849 254 960 310 [decidit
979 269 995 306 o
1020 266 1102 305 rouro
1115 250 1252 321 episcopus
1269 246 1387 302 Edatur.
1411 243 1460 300 llis

665 349 837 422 temporibus
849 342 999 402 universali
1011 338 1138 397 Ecclesiae
1148 337 1310 410 presidebat
1321 335 1461 407 Eugenius

666 437 872 503 sanctissimus,
883 434 932 506 qui
946 433 1040 490 audita
1053 431 1171 497 insania,
1200 444 1255 500 qna
1271 427 1407 485 Educnsis
1417 426 1460 482 ni·

664 529 773 584 rebatur
797 526 954 583 adulterare
976 523 1130 581 castitatem
1153 535 1211 577 suae
1233 517 1361 590 specialis
1385 515 1458 583 lilia,

668 615 865 672 vizeliacensis
881 614 943 670 dico
963 610 1104 677 Ecclesiae,
1118 624 1190 681 sepe
1214 608 1291 664 illum
1306 603 1459 671 admonuit,

665 721 739 780 sape
762 704 907 778 corripuit,
931 713 959 760 et
979 702 1149 769 intentando,
1175 700 1204 756 ni
1224 700 1408 771 resipisceret,
1425 695 1460 753 de

666 800 769 870 gradus
793 797 838 854 sni
857 793 1171 868 pericnlo‘praemonuit.
1185 790 1246 849 Jam
1262 804 1328 863 ergo
1347 788 1459 847 Eduen·

666 890 706 948 sis
719 905 734 945 a
751 905 801 962 spe
811 889 921 960 propria
934 886 1094 956 frustratus,
1111 894 1140 942 ct
1153 884 1278 942 dillldens
1293 882 1328 939 de
1339 882 1461 938 sanitate

665 982 795 1054 potentian
823 996 892 1048 sua,
916 978 1069 1034 Romanam
1102 977 1170 1034 adiit
1192 976 1309 1040 curiam,
1331 985 1359 1031 et
1389 974 1460 1031 laisa

665 1072 1011 1143 comminiscens,ucrique
1021 1069 1121 1125 similia
1131 1081 1309 1139 componens,
1320 1066 1459 1135 querelam

666 1163 803 1221 aduersus
817 1163 945 1220 abbatem
960 1162 1068 1229 statuit,
1084 1176 1211 1217 asserens
1226 1174 1258 1214 ea
1272 1175 1335 1231 quar
1356 1160 1391 1215 ab
1413 1158 1461 1214 vi·

665 1255 717 1313 ael.
734 1254 858 1311 Ecclesia
869 1254 1020 1325 repetebat,
1033 1251 1169 1324 perlongi
1182 1253 1314 1322 temporis
1329 1252 1458 1324 presepi-

666 1347 789 1418 ptionem
804 1344 937 1402 hactenus
950 1344 1055 1400 adbuc
1071 1358 1159 1413 usqne
1173 1351 1297 1413 tempora
1317 1357 1375 1398 suae
1385 1341 1460 1397 sedis

666 1438 818 1496 Ecclesiam
837 1437 942 1508 absque
964 1435 1081 1508 alicujus
1105 1432 1299 1491 controuersiae
1322 1433 1459 1489 calomnia

670 1531 805 1587 tenuisse.
821 1528 1062 1586 elementissimus
1086 1543 1152 1584 uero
1164 1542 1234 1599 papa
1257 1525 1396 1597 Eugenius
1423 1527 1462 1583 di·

668 1621 765 1693 priuati
793 1619 950 1692 apostoliea
972 1619 1139 1687 autoritatis,
1152 1619 1228 1675 salva
1247 1618 1401 1689 integritate
1415 1634 1463 1674 re-

668 1715 772 1782 ritatis,
786 1728 835 1783 per
846 1712 939 1768 omnia
954 1710 1133 1780 consulendo,
1146 1709 1284 1778 deterens,
1306 1708 1379 1764 diern
1394 1709 1463 1765 utri·

663 1817 722 1874 quc
743 1801 814 1873 parti
839 1801 951 1865 statuit,
975 1809 1003 1855 ct
1036 1808 1159 1855 notatam
1179 1798 1273 1854 abbati
1297 1799 1462 1871 designarit,

667 1901 754 1964 utque
768 1890 810 1947 uel
824 1906 873 1962 per
894 1906 934 1957 se,
956 1889 1000 1945 rel
1018 1904 1067 1961 per
1095 1888 1262 1946 sufficientes
1287 1888 1462 1961 responsales

667 1998 734 2040 suos
754 1998 818 2039 cum
840 1981 1023 2038 munimentis
1039 1979 1169 2037 Ecclesiae
1183 1995 1240 2036 suae
1260 1979 1295 2035 ad
1317 1980 1378 2051 ejus
1394 1994 1463 2051 prae-

669 2075 789 2130 sentiam
802 2073 982 2130 denominato
1000 2073 1044 2129 die
1057 2080 1232 2140 occurreret,
1259 2071 1293 2126 ad
1318 2071 1393 2127 illata
1407 2086 1463 2127 res·

1476 1500 1488 1554 l

667 2173 818 2230 pensurus,
847 2175 895 2231 pcr
907 2160 1018 2231 pictatis
1031 2174 1088 2214 snae
1101 2159 1203 2229 scripta
1220 2160 1370 2215 mandavit.
1382 2158 1463 2215 Uter-

667 2263 722 2320 que
744 2249 828 2323 igitur
853 2266 947 2307 secum
960 2249 1085 2306 adhibito
1097 2249 1253 2317 sufficienti,
1266 2259 1294 2306 et
1317 2260 1348 2306 ut
1361 2251 1463 2323 cuique

668 2340 824 2411 uidebatur,
838 2342 962 2413 legitimo
978 2344 1089 2400 testium
1110 2344 1255 2410 comitatu,
1272 2342 1421 2400 uniuersali
1433 2359 1462 2401 se

667 2433 846 2504 presentavit
859 2434 954 2503 curiae,
967 2433 1050 2490 finem
1062 2437 1181 2507 quisque
1200 2450 1257 2492 suae
1278 2451 1370 2493 causae
1386 2449 1463 2495 ratus

668 2534 746 2581 tanto
764 2527 816 2582 sub
828 2527 956 2582 euantine
979 2528 1141 2600 adepturum
1162 2544 1192 2585 se
1208 2529 1277 2585 lore.
1300 2529 1461 2602 lntereaju·

669 2615 706 2672 sti
732 2626 814 2672 tenax
830 2618 929 2674 merito
942 2619 1076 2676 dicendus
1091 2619 1178 2675 abbas
1195 2618 1311 2676 Pontius
1329 2621 1463 2678 accedens

671 2708 708 2765 ad
725 2724 865 2766 summum
892 2711 1063 2782 pontillccm,
1079 2723 1247 2784 conquestus
1262 2724 1305 2769 est
1333 2729 1387 2768 non
1414 2713 1462 2768 de-

669 2800 735 2858 bere
754 2817 784 2858 se
798 2803 912 2858 omnino
925 2803 1019 2858 subire
1034 2803 1170 2859 actionem
1183 2802 1343 2874 quamlibet,
1358 2805 1399 2859 rel
1413 2803 1488 2885 iu(

670 2894 773 2950 dicium
797 2895 913 2966 hujusce
928 2896 979 2962 rei,
994 2895 1075 2967 cujus
1085 2911 1133 2966 per
1145 2894 1333 2966 Apristolicam
1349 2912 1460 2952 manunt

660 2996 697 3043 -ct
712 2997 844 3058 perpetua
860 2988 1037 3059 possessione
1052 2996 1185 3055 tueretur,
1206 2998 1234 3044 et
1254 2988 1378 3060 ejusdem
1394 3003 1461 3059 apo

671 3079 780 3136 stulicae
800 3081 971 3137 auctoritatis
987 3095 1036 3151 per
1049 3079 1128 3151 plura
1142 3086 1171 3135 et
1184 3078 1297 3149 antiqua
1310 3077 1391 3133 Rom.
1403 3079 1461 3149 pri·

663 3170 768 3242 silesia
780 3179 945 3227 testamento
960 3183 1098 3242 perpetum
1125 3170 1260 3226 libertatis
1285 3171 1372 3225 baares
1389 3178 1462 3225 essct

664 3261 845 3319 constitutas.
866 3262 907 3317 nd
921 3263 994 3331 quod
1009 3262 1072 3332 pius
1084 3262 1169 3319 relert
1180 3263 1368 3333 apostolicus,
1384 3272 1461 3320 tanto

667 3353 777 3424 sequium
799 3368 833 3408 ac
847 3352 962 3408 liberius
976 3367 1040 3408 eum
1060 3352 1161 3409 debore
1176 3354 1258 3410 etiam
1271 3352 1368 3424 judicii
1394 3370 1461 3410 exa-

664 3459 732 3499 men
755 3451 900 3514 expetore,
922 3458 979 3514 qno
1005 3458 1063 3500 sna
1083 3443 1200 3516 justitiae
1224 3445 1312 3517 magis
1333 3446 1462 3503 conscius

663 3541 752 3599 esset,
768 3533 860 3590 sciens
875 3534 1067 3606 proculdubio
1082 3551 1193 3593 causam
1209 3551 1290 3592 suam
1303 3551 1337 3594 cn
1354 3552 1462 3610 semper

667 3625 855 3682 robustiorem
870 3625 938 3694 iore,
960 3641 1016 3698 quo
1038 3626 1137 3698 judicii
1154 3628 1301 3685 libramine
1315 3645 1461 3701 perpensa,

668 3716 702 3774 de
714 3726 812 3774 cetero
822 3718 859 3773 ab
872 3718 948 3774 omiti
969 3709 1131 3789 questionis
1145 3721 1219 3776 inodo
1233 3721 1395 3777 redderetur
1413 3723 1462 3779 ab·

667 3809 771 3865 soluta.
781 3807 843 3876 Qui
855 3808 879 3865 si
891 3808 975 3865 etiam
988 3809 1070 3879 torte,
1085 3811 1160 3883 qnod
1176 3811 1302 3869 luturum
1324 3829 1388 3870 non·
1400 3829 1462 3886 spe-

668 3898 748 3955 rabat
761 3900 902 3972 possibile,
915 3900 1118 3959 inconsiderato
1142 3903 1302 3975 praeiudicio
1328 3906 1357 3961 in
1378 3921 1462 3964 causa

667 4006 718 4046 sna
730 3991 925 4062 quoquomodo
944 4002 1115 4064 quareretur,
1130 4002 1188 4050 tum
1213 3997 1323 4053 demum
1340 4000 1462 4055 auctori·

667 4091 724 4139 tate
748 4084 952 4155 privilegiorum
982 4083 1131 4155 cujuslibet
1152 4088 1305 4159 praejudicii
1327 4088 1461 4146 violentas

667 4175 909 4233 determinationes
937 4175 1070 4250 refragari
1101 4193 1183 4249 posse
1221 4195 1276 4236 nun
1312 4170 1488 4237 dubitaret!

668 4267 726 4326 llac
741 4278 883 4341 permotus
914 4270 1023 4328 rationo
1048 4272 1134 4328 abbas
1152 4274 1304 4344 acquiescit
1321 4276 1460 4347 suscipere

667 4361 829 4426 actionem,
866 4371 894 4417 et
919 4360 975 4432 jam
993 4377 1113 4419 ’causam
1144 4378 1223 4420 anam
1253 4373 1369 4436 utraque
1396 4382 1461 4437 pars

666 4453 860 4523 prosequitur;
891 4451 919 4505 in
948 4468 1002 4522 qua
1028 4452 1221 4523 prosecutione
1243 4453 1386 4511 definitum
1418 4465 1460 4513 cst

667 4541 821 4598 Ednensern
848 4542 923 4597 nibil
934 4558 967 4599 er
983 4543 1165 4615 proprietario
1180 4544 1259 4615 jure,
1274 4545 1343 4600 nillil
1356 4560 1388 4601 eu
1415 4545 1459 4601 in·

666 4632 823 4688 resrnionls
852 4634 1045 4703 possessione,
1076 4634 1148 4691 nibil
1179 4643 1210 4691 ut
1238 4635 1291 4692 sibi
1318 4636 1460 4692 ridebatur

666 4738 700 4778 or
723 4722 799 4796 lonqi
827 4727 960 4795 temporis
983 4727 1200 4799 praescriptione,
1227 4728 1295 4784 nibil
1316 4730 1397 4786 etiam
1424 4744 1457 4785 ex

666 4812 820 4871 fructuario
847 4830 896 4872 seu
921 4817 1066 4890 legatario,
1096 4820 1144 4876 scd
1168 4821 1357 4876 tantummodo
1374 4821 1457 4893 largi-

667 4907 762 4977 tionis,
787 4908 1013 4980 permissionisre
1030 4927 1093 4979 usu,
1108 4911 1142 4968 dc
1167 4927 1243 4968 more
1265 4911 1458 4970 vizeliacensis

667 4998 802 5057 libertatis
814 4999 984 5073 quibuslibet
993 5001 1076 5058 etiam
1091 5003 1214 5074 cujusvis
1228 5003 1376 5076 prouincias
1385 5019 1458 5061 *con-

667 5105 746 5149 cesso
760 5091 908 5165 episcopis,
927 5091 1034 5149 officere
1058 5093 1086 5147 in
1103 5095 1271 5165 quastione,
1291 5110 1353 5152 cum
1382 5096 1457 5152 cdi-

667 5196 748 5239 uerse
763 5180 956 5240 vizeliacensis
971 5182 1056 5238 abbas
1074 5198 1126 5238 nec
1148 5182 1221 5254 longi
1233 5184 1365 5256 temporis
1388 5200 1456 5256 prea-

667 5274 858 5346 scriptioncm,
879 5292 930 5333 nec
941 5275 1117 5348 legatarium,
1134 5276 1191 5331 sive
1210 5277 1294 5331 aliurn
1308 5276 1457 5349 quemlibet

667 5366 766 5423 alienae
775 5367 972 5439 acquisitionis
986 5384 1068 5425 usum
1075 5368 1271 5440 pretenderet,
1283 5369 1331 5426 sed
1343 5369 1457 5426 omnino

667 5471 700 5513 er
719 5460 902 5532 proprietario
926 5460 1000 5531 iure,
1026 5461 1179 5534 etantiqua
1192 5471 1331 5533 perpetue
1344 5477 1457 5535 posscs-
