3892 6067
606 103 710 174 blm
729 105 774 162 b}
792 99 953 164 matricio
972 101 1039 160 Ml.
1054 102 1270 182 -ttotttttttt

127 240 1751 290 ....---------------———-—·-a

394 455 776 573 EXPOSITIO
818 454 893 572 IN
934 442 1270 570 PSALMUM
1312 450 1486 568 LXIV

901 691 971 738 ιιιιι
1014 665 1015 668 ’

329 858 512 953 LIBER
546 858 622 950 DE
658 852 981 952 CORRUPTO
1015 854 1318 947 ECCLESIAE
1356 854 1545 948 stetu

712 1048 760 1105 Ab
777 1044 958 1105 uuundtutt
976 1044 1011 1100 iil
1029 1044 1157 1102 nabau.

144 1217 176 1276 ln
195 1212 300 1274 Balozii
317 1210 498 1270 liiseellaneis
519 1208 648 1281 primitus
670 1207 784 1264 seorsim
811 1205 911 1261 editam
937 1203 1101 1275 expositioni
1124 1203 1300 1275 amplissimae
1321 1219 1405 1277 snper
1419 1203 1542 1264 Gerhobi
1557 1175 1738 1279 Pasiterium,

488 1281 619 1336 domnum
630 1277 741 1334 Pezium
757 1277 853 1342 secuti,
869 1273 1051 1330 restituimus.
1068 1273 1136 1331 vide
1149 1290 1232 1345 supra
1247 1276 1300 1331 eol.
1322 1274 1350 1330 9.

395 1651 682 1750 MONITUM
720 1650 783 1740 ΙΝ
820 1648 1054 1742 LIBRUM
1096 1649 1480 1757 SEQUENTEM.

492 1842 536 1915 (o.
550 1840 582 1897 n.
597 1817 711 1910 reatus,
725 1837 809 1896 erar.
826 1838 861 1895 aa
878 1845 947 1894 on.
963 1835 998 1906 ιι,
1013 1835 1240 1908 aretinos,
1255 1855 1283 1910 p.
1297 1844 1387 1900 xum

163 2208 321 2282 Recipimns
336 2206 363 2262 in
378 2200 621 2261 observationibus
641 2197 749 2270 praertts
760 2198 793 2254 ad
809 2196 875 2255 tomi
891 2195 973 2268 primi
986 2208 1092 2266 partem
1104 2196 1230 2264 alteram,
1246 2197 1274 2257 in
1286 2217 1340 2274 qua
1356 2200 1478 2261 Gerhohi
1499 2203 1599 2262 librum
1617 2207 1655 2265 lle
1666 2209 1755 2282 pior„

125 2295 152 2340 et
171 2286 268 2337 donare
290 2277 358 2333 Fiiii
372 2274 496 2338 beminis,
512 2280 539 2327 et
554 2271 675 2326 libellum
697 2268 737 2322 be
758 2267 861 2323 duabus
871 2265 1031 2350 decoribus,
1047 2276 1114 2332 eto,
1129 2269 1277 2338 edidimus,
1292 2289 1344 2329 nos
1354 2275 1436 2329 etiam
1462 2275 1541 2345 plura
1553 2279 1607 2333 alia
1622 2283 1754 2348 praectm

126 2353 220 2422 magni
242 2349 323 2420 liujus
337 2345 391 2402 tiri
411 2343 542 2398 litteraria
558 2347 735 2394 monumenta
753 2340 780 2393 in
804 2337 944 2408 publicum
972 2337 1105 2393 elaturos.
1129 2336 1207 2394 Nune
1229 2341 1377 2412 incipimus
1402 2343 1494 2400 datam
1520 2347 1599 2402 tidem
1624 2350 1777 2419 titiam„

126 2422 243 2496 prolatis
266 2419 294 2473 in
318 2419 406 2472 lucem
423 2411 571 2470 luculentis
588 2409 711 2478 eiusdem
725 2407 834 2463 duobus
849 2407 991 2478 oporibus,
1006 2420 1124 2478 qnorum
1138 2409 1216 2478 prius
1229 2409 1269 2465 De
1281 2414 1396 2483 edificio
1414 2414 1472 2480 Dei,
1497 2416 1613 2472 alterum
1630 2418 1754 2488 Epistota

127 2508 178 2550 seu
196 2488 323 2558 biulopua
339 2486 371 2539 de
392 2483 541 2553 differentia
554 2480 643 2535 clerici
658 2475 789 2548 sequioris
803 2487 828 2533 et
852 2477 991 2533 secutoris
1005 2477 1174 2535 inscribitur.
1201 2478 1231 2534 ln
1251 2490 1366 2553 utroque
1378 2484 1554 2553 proferendo,
1569 2503 1631 2542 cunt
1647 2492 1753 2546 utrobi.

127 2578 183 2634 que
196 2560 318 2632 quedam
331 2553 422 2611 aerius
438 2549 679 2618 uehementiusque
694 2547 852 2616 reprebendi
864 2547 1031 2613 uideremus,
1050 2561 1133 2616 qnam
1148 2547 1319 2607 delicatiores
1332 2561 1488 2609 nostrornm
1504 2565 1656 2626 temporum
1671 2574 1752 2616 aures

126 2643 157 2690 et
169 2632 241 2687 oculi
252 2625 399 2699 perierant.
412 2621 513 2677 Verum
525 2633 588 2674 oum
605 2618 881 2673 honorificentissima
893 2615 1081 2670 Romanorum
1094 2617 1254 2688 pontificum
1269 2628 1297 2676 et
1308 2622 1546 2680 sanctissimorum
1561 2629 1751 2697 episcoporum

126 2704 162 2758 de
173 2697 292 2756 Gerhohi
311 2692 420 2762 seriptis
439 2690 552 2760 judicia,
567 2688 715 2768 maximam
730 2685 861 2767 doctrinm
872 2699 906 2741 ae
918 2685 1072 2742 sanctitatis
1085 2687 1253 2755 opinionem,
1268 2705 1321 2760 uua
1335 2691 1451 2748 illustris
1467 2701 1494 2747 et
1504 2695 1673 2752 (incussum,
1685 2699 1752 2754 pipp,

126 2769 310 2827 charissimus
323 2769 419 2819 auctor
434 2775 483 2816 sua
497 2756 691 2822 altiodorum,
705 2755 867 2835 aedemque
890 2769 1065 2809 communem
1088 2755 1162 2810 illam
1176 2758 1425 2815 eruditissimorum
1441 2764 1528 2818 nostri
1556 2767 1686 2834 temporis
1702 2768 1753 2822 lto·

126 2841 246 2904 minum,
260 2849 343 2905 quam
358 2830 440 2900 vulgo
464 2827 590 2897 indeptus
616 2835 667 2892 est,
682 2825 890 2879 aestimationem
908 2825 980 2892 apud
1005 2822 1127 2878 animum
1152 2835 1278 2883 nostrum
1301 2838 1505 2899 expeteremus,
1521 2832 1581 2889 sine
1597 2836 1705 2904 piaculo
1724 2848 1753 2893 et

125 2909 214 2966 atroci
227 2904 343 2962 erimine
356 2914 410 2955 non
425 2897 586 2954 uidebamur
606 2910 657 2950 nos
672 2908 752 2964 posse
773 2894 842 2948 tanti
857 2892 986 2949 Ecclesiae
1003 2893 1115 2949 luminis
1128 2895 1231 2964 scripta
1255 2900 1434 2968 supprimere,
1448 2902 1583 2973 tineisquc
1603 2920 1635 2959 nc
1658 2905 1752 2961 plain,

126 2973 284 3037 devoranda
300 2971 367 3026 relin
390 2984 465 3025 nere.
480 2965 566 3022 Porro
579 2979 633 3019 non
647 2966 766 3043 eduntur
782 2963 820 3035 (id
838 2964 910 3019 enim
927 2963 954 3018 in
967 2961 1113 3018 Germania
1127 2965 1277 3021 scribentes
1293 2969 1360 3024 satis
1372 2970 1511 3025 inculeare
1523 2988 1577 3026 non
1589 2979 1750 3046 possumus)

126 3059 220 3105 retera
244 2985 403 3113 troiusmoit
424 3044 599 3092 monumenta
614 3048 647 3089 eo
665 3048 766 3097 animo,
791 3043 822 3088 ut
844 3032 932 3088 nostri
943 3034 1081 3114 'temporis-
1090 3034 1245 3089 doctrinam
1257 3037 1464 3107 disciplinamue
1476 3041 1689 3099 eeclesiasticam
1708 3045 1752 3099 in·

128 3116 241 3174 irunitis
261 3109 419 3167 bominibus
432 3105 607 3163 deridendam
620 3104 800 3174 praebeamus,
815 3103 862 3158 sed
875 3111 906 3156 ut
923 3103 991 3157 utris
1010 3103 1098 3157 doctus
1111 3113 1238 3159 eottstare
1250 3108 1347 3175 possit,
1364 3124 1425 3179 qnae
1438 3111 1615 3179 antiquorum
1630 3113 1749 3184 scripto.

128 3204 189 3244 rum
203 3187 236 3241 de
249 3180 413 3253 quibusdam
439 3174 647 3248 quaestionibus,
663 3173 738 3228 nulla
757 3173 897 3228 commoni
919 3172 1011 3226 adbuc
1034 3186 1067 3227 ae
1088 3173 1197 3242 publica
1225 3178 1387 3233 anctoritate
1411 3179 1554 3248 diremptis
1577 3196 1610 3236 ac
1631 3183 1751 3237 drumm,

129 3255 263 3314 sententia
281 3249 371 3314 interit,
398 3248 499 3318 quibus
524 3243 798 3324 argumentisttitrtes
809 3256 867 3298 usae
886 3241 952 3323 sint,
980 3241 1080 3321 quibus
1093 3243 1223 3312 gradibus
1235 3252 1263 3300 et
1282 3248 1411 3317 passibus
1425 3262 1469 3303 res
1482 3249 1515 3305 ad
1528 3260 1632 3305 eertum
1646 3259 1750 3308 statum

127 3322 311 3398 pervenerint,
324 3334 385 3390 quae
399 3332 489 3374 cattam
502 3315 619 3385 rigorem
633 3314 785 3381 urserptrnae
797 3313 989 3392 ecclestastteae
1000 3322 1048 3392 aut
1069 3313 1226 3368 tattendendi
1241 3324 1289 3369 aut
1302 3332 1357 3371 uon
1372 3316 1441 3371 nibil
1460 3319 1614 3375 remittendi
1638 3325 1751 3378 exstite-

128 3397 196 3461 rint,
214 3402 280 3456 etc.,
294 3406 355 3460 epure
366 3387 458 3444 oninia
473 3399 557 3456 qnam
567 3383 601 3437 ad
614 3380 760 3452 perlectam
775 3396 867 3436 rerum
878 3383 1128 3440 ecclesiasticarum
1141 3383 1324 3454 cognitionem
1340 3387 1411 3441 scitu
1433 3391 1591 3444 necessaria
1615 3389 1680 3457 sint,
1697 3392 1749 3446 uiri

129 3466 216 3522 solide
228 3462 299 3517 docti
311 3465 422 3523 norunt,
436 3469 506 3526 quos
519 3461 660 3524 propterea
674 3466 723 3507 nee
734 3452 868 3506 acerbitas
878 3450 1021 3517 orationis,
1035 3467 1086 3507 nec
1097 3452 1315 3511 uehementiores
1326 3456 1353 3510 ln
1366 3456 1438 3512 Cleri
1451 3457 1515 3513 titia
1525 3458 1748 3527 declamationes,

128 3550 180 3592 nec
195 3529 368 3589 imbecillitas
390 3525 631 3582 ratiocinationum
654 3519 693 3592 [lai
707 3520 781 3575 enim
804 3520 874 3575 rtaeri
886 3528 1010 3575 veterum
1027 3521 1138 3591 scriptis
1166 3524 1281 3580 subinde
1297 3526 1499 3596 adhaerescunt)
1514 3529 1550 3583 ab
1571 3531 1748 3599 antiquorum

128 3608 369 3662 monumentorum
393 3592 579 3668 publicatione
593 3591 745 3670 absterrere
758 3598 885 3660 possunt.
907 3589 1033 3657 Quantos
1052 3591 1170 3658 insumit
1192 3593 1220 3647 in
1240 3603 1386 3665 corruptos
1403 3596 1536 3652 nobilium
1554 3614 1646 3654 mores
1659 3599 1749 3673 libru-

128 3670 284 3732 sostomus?
295 3668 365 3736 Quid
377 3662 587 3736 reprehensione
597 3659 708 3730 dignum
723 3659 750 3712 in
768 3658 956 3715 sacerdotibus
969 3659 1125 3714 dissimulat
1137 3660 1319 3734 Hieronymus
1329 3665 1341 3718 i
1353 3663 1395 3731 Et,
1408 3674 1438 3721 ut
1448 3667 1613 3737 singularem
1626 3667 1747 3727 Gerbotti

128 3745 248 3801 amicum
263 3739 447 3800 nominemus,
472 3734 534 3803 quis
549 3737 644 3811 saneto
659 3727 797 3810 bernardo
821 3728 1030 3792 monachorum,
1055 3727 1111 3782 imo
1126 3730 1316 3801 episcoporum
1329 3748 1363 3788 ae
1385 3737 1543 3804 pontillcum
1566 3740 1631 3793 uitia
1655 3751 1750 3799 namet

128 3817 261 3885 apertius,
276 3808 372 3880 pungit
386 3806 488 3869 aerias,
501 3807 616 3870 castigat
627 3799 767 3878 severius?
779 3796 864 3879 Nemo
880 3809 969 3852 tamen
985 3797 1118 3853 hacteuus
1129 3807 1233 3854 tantum
1245 3815 1261 3855 a
1275 3808 1349 3859 recta
1367 3805 1473 3859 ratione
1493 3799 1616 3876 desciuit,
1642 3817 1671 3864 nt
1684 3818 1747 3866 tan.

128 3895 219 3941 torum
241 3880 370 3935 Ecclesiae
381 3885 603 3951 ornamentorum
619 3867 822 3948 lucubrationes
838 3882 865 3920 m
881 3868 979 3948 uulgus
993 3882 1114 3948 unquam
1130 3867 1216 3924 fuisse
1230 3871 1318 3925 editas
1329 3873 1439 3944 indigne
1452 3875 1553 3932 tulerit.
1577 3877 1648 3945 Quid
1662 3881 1747 3950 igitar

128 3969 220 4012 eattae
230 3951 266 4007 sit
278 3963 327 4004 cur
340 3946 422 4001 unius
433 3940 553 3998 Gerbolrt
565 3936 707 4007 opuscula,
724 3937 767 3991 ins
785 3935 896 3990 humant
911 3937 1012 4006 ingenti
1023 3938 1106 4004 arteris
1125 3951 1261 4008 respersa,
1277 3942 1325 3996 sed
1341 3952 1469 3998 caeterunt
1495 3946 1642 4002 utilissima
1654 3959 1681 4004 et
1691 3950 1748 4005 ele·

128 4023 300 4097 gantissima,
321 4025 421 4072 aeterna
436 4021 515 4067 nocte
528 4006 709 4065 damnentur?
721 4005 791 4087 Quid
805 4005 883 4059 affert
893 4003 1037 4061 Gerltobus
1049 4008 1123 4076 qnod
1137 4010 1208 4076 apud
1222 4010 1314 4077 plures
1325 4012 1393 4067 alios
1408 4021 1512 4069 veteres
1529 4016 1666 4084 doctores,
1678 4033 1748 4089 qno-

128 4109 192 4152 rum
207 4091 306 4159 scripta
319 4089 390 4142 edita
412 4087 545 4155 prostant,
570 4092 625 4132 non
655 4077 798 4146 repertas?
811 4075 942 4130 Corrltetis
967 4090 1097 4145 paporum
1111 4076 1293 4134 decretatibus
1318 4096 1376 4135 rem
1392 4082 1492 4152 saepius
1506 4085 1562 4155 agit
1576 4096 1605 4141 ot
1622 4088 1747 4144 contient

129 4163 231 4220 Eadem
248 4161 300 4214 tela
313 4165 341 4213 et
354 4170 430 4211 arma
447 4152 557 4206 suerunt
571 4146 739 4203 inllnitorum
751 4146 869 4200 aliorum
883 4144 1046 4213 scriptorum
1061 4160 1108 4214 por
1119 4154 1222 4215 septem
1244 4150 1300 4204 iere
1316 4153 1425 4217 saeeula,
1442 4167 1494 4207 nee
1508 4164 1602 4209 nostro
1616 4170 1674 4210 nuo
1694 4159 1744 4212 de·

128 4243 195 4291 sunt
206 4245 277 4303 qttos
290 4244 322 4283 ea
334 4225 411 4281 lraus
423 4229 450 4279 el
464 4222 620 4297 impostura
629 4216 785 4272 Peccatoris
808 4213 915 4281 isidori,
927 4213 1082 4296 liceretales
1094 4216 1154 4270 illas
1166 4217 1296 4286 epistolas
1316 4220 1412 4289 primis
1428 4219 1559 4278 llornanls
1572 4226 1746 4295 poinittcitius

129 4300 317 4373 supponentis,
331 4299 422 4351 lateat.
448 4289 537 4345 Vitam
557 4289 718 4344 elericorum
732 4300 894 4339 communem
909 4299 1024 4338 mmmm
1035 4295 1113 4364 urget
1127 4300 1276 4356 eorumque
1285 4291 1421 4359 proprium
1434 4292 1495 4359 plns
1506 4308 1585 4363 aequo
1596 4296 1746 4355 impetam,-

130 4365 362 4438 exsecratorem?
376 4363 448 4419 ldem
463 4361 534 4430 apud
548 4366 700 4413 coaetaneos
715 4354 842 4411 Gerbolto
854 4365 981 4409 auctores
1007 4354 1076 4408 alios
1090 4357 1209 4426 reperire
1232 4367 1284 4412 est.
1311 4357 1347 4414 lta
1372 4360 1508 4416 innumeri
1530 4366 1697 4420 strictissimi
1712 4382 1744 4422 en

129 4450 208 4500 aetate
225 4456 239 4496 e
260 4436 346 4506 iscopi
359 4439 514 4495 senserunt,
530 4441 646 4498 ortorum
666 4426 757 4481 studio
772 4428 834 4480 rite
847 4425 993 4479 communis
1008 4425 1160 4481 institutum
1174 4427 1201 4481 in
1214 4428 1333 4497 majores
1353 4432 1447 4498 etiant,
1463 4446 1496 4486 ae
1516 4435 1686 4491 cathedrales
1697 4451 1745 4491 ec·

103 4537 106 4542 ·
130 4514 229 4571 ctesias
241 4510 425 4564 introductum
440 4500 500 4556 luit.
517 4498 659 4554 Lautiores
673 4495 920 4576 ecelesiasticorum
932 4495 1081 4564 praesulum
1096 4511 1216 4563 mensas,
1228 4499 1345 4555 vestium
1365 4501 1471 4565 luxunt,
1485 4502 1602 4558 militum
1617 4520 1745 4576 pompam

130 4594 159 4640 et
173 4577 400 4637 consuetudinem
416 4572 512 4627 acerbe
530 4565 671 4623 traduxit?
683 4564 757 4647 nina
772 4581 805 4620 eo
816 4565 985 4646 frequentius
998 4566 1069 4633 apud
1080 4568 1149 4622 alios
1163 4566 1247 4638 legas,
1270 4570 1317 4638 qui
1337 4570 1514 4626 inclinantem
1529 4575 1744 4629 ppcpespafflcam

130 4651 302 4721 disciplinam
318 4645 351 4701 ad
372 4641 547 4712 apostolicam
561 4644 678 4692 ueterem
696 4636 894 4690 institutionem
906 4649 978 4704 estgt
991 4645 1019 4689 et
1041 4637 1148 4691 restitui
1170 4639 1306 4693 volebant.
1324 4638 1445 4710 lienique
1458 4641 1558 4711 quibus
1574 4645 1642 4698 adpo
1656 4644 1744 4700 spu-53³

131 4733 157 4778 et
168 4721 267 4776 acerba
280 4724 345 4774 sttnt
355 4709 476 4768 Gerbohi
487 4710 598 4788 scripta,
614 4719 661 4759 eos
676 4706 853 4786 obsecramus
866 4713 898 4786 'et
908 4705 1089 4784 obtestamur,
1103 4717 1133 4761 ut
1143 4707 1240 4763 saltem
1252 4709 1354 4831 auium
1367 4711 1433 4764 dent
1449 4712 1553 4767 torrido
1563 4713 1679 4783 piissimi
1690 4716 1744 4768 em

129 4790 251 4862 ingenio,
265 4788 330 4844 dent
340 4786 476 4840 immenso
489 4780 574 4834 otvrot
586 4775 676 4831 uultus
690 4773 873 4846 ampliticandt
897 4775 999 4839 studio,
1017 4775 1082 4829 dent
1096 4777 1199 4842 saeculi,
1214 4792 1269 4846 quo
1300 4779 1393 4844 loruit,
1406 4779 1535 4849 libertati,
1548 4781 1630 4838 etiam
1645 4798 1661 4838 a
1676 4799 1744 4839 san·

130 4861 263 4920 ctissimis
276 4857 344 4913 viris
363 4857 510 4920 usurpate,
520 4855 659 4918 postremo
670 4845 736 4900 dent
757 4842 942 4923 Romanorum
954 4844 1112 4912 pontitieum
1125 4846 1159 4900 de
1173 4842 1294 4901 Geroobi
1309 4848 1417 4919 scriptis
1427 4850 1541 4920 judicio,
1555 4867 1570 4908 a
1585 4869 1641 4923 nuo
1660 4867 1742 4909 nemo

130 4933 254 5006 privatus
270 4924 413 4984 recesserit
427 4921 480 4976 nisi
494 4917 638 4988 superbus,
650 4927 791 4983 arrogans,
809 4921 857 4967 ant
874 4913 1019 4983 malignus.
1033 4912 1074 4968 Ne
1088 4924 1179 4970 anmnt
1195 4913 1324 4971 linnranre
1336 4920 1409 4975 sedis
1419 4923 1607 4978 sonoritatem
1620 4922 1742 4980 Gerbolri

130 5001 242 5073 sciiptis
254 4999 325 5054 {also
338 4994 467 5065 cuiquam
481 4992 624 5046 videamur
644 4985 802 5049 obtendere,
817 4982 895 5065 juvat
909 4984 962 5036 boe
976 4982 1036 5037 loeo
1050 4983 1182 5055 integram
1199 4984 1312 5055 Ettgenii
1329 4983 1363 5041 tv
1377 4991 1520 5059 epistolam
1541 4994 1672 5062 inserere,
1686 5009 1742 5064 qua

128 5071 251 5129 Gernobi
264 5067 461 5138 dispositionem
482 5064 510 5117 in
528 5056 661 5129 panianum
672 5068 749 5134 extu,
761 5068 810 5108 seu
827 5054 924 5106 ttiram
936 5050 975 5105 De
993 5062 1116 5130 corrupto
1129 5053 1256 5110 Ecclesia
1267 5066 1351 5126 stota,
1369 5057 1441 5115 Deus
1453 5062 1615 5133 benequam
1631 5074 1740 5129 acerne,

131 5156 215 5214 quam
229 5140 406 5200 inflammato,
427 5147 510 5203 quam
534 5140 630 5208 aspere
644 5124 842 5191 conscriptuml
858 5123 1022 5180 collaudant
1040 5126 1372 5205 comprobationem
1393 5132 1495 5200 passim
1519 5131 1665 5187 Gcrlrohns
1683 5132 1741 5187 snio

132 5209 367 5269 lucubrationibus
388 5202 535 5269 interserit,
554 5208 692 5266 utiturque
713 5210 762 5249 seu
775 5204 854 5248 scuto
868 5209 923 5265 quo
935 5206 966 5248 se
978 5206 1083 5263 suaque
1094 5205 1195 5264 sonpta
1210 5208 1246 5253 ab
1262 5197 1482 5255 aduersariorum
1505 5200 1608 5272 impetu
1625 5205 1691 5271 tegit
1713 5209 1741 5256 et

132 5290 287 5348 contuetur,
307 5277 344 5334 Ea
358 5290 423 5333 vero
433 5274 546 5344 epistola
557 5266 714 5339 hujusmodi
730 5271 772 5340 est
788 5282 796 5319 a
1766 5329 1769 5332 x
1801 5311 1803 5315 ,

167 5352 301 5424 donentur
315 5351 459 5417 epiecopus,
475 5358 563 5399 seruus
586 5352 720 5394 remoram
736 5335 797 5402 Dei,
817 5334 913 5392 dilecto
925 5336 982 5408 filio
995 5332 1028 5393 G.
1050 5334 1293 5409 lleieirertptrpenri
1306 5339 1459 5409 preposito,
1473 5338 1586 5396 sulutem
1596 5346 1623 5393 et
1635 5345 1746 5410 oporto·⁴

130 5420 432 5552 ‘'cas'cimeilicffiriia
445 5495 498 5542 tuoe
513 5481 620 5554 benipnt
636 5477 789 5551 recepimus,
803 5486 829 5535 tt
842 5477 969 5549 sertorem
982 5486 1035 5536 tua
1053 5478 1186 5549 rdipionir
1200 5491 1233 5534 es
1246 5493 1337 5536 eorum
1357 5479 1517 5551 inspectione
1538 5478 1676 5553 menistris
1696 5490 1741 5531 σο-
1825 5455 1844 5462 ⁴⁵
1863 5472 1865 5474 '
