3892 6067
133 186 204 242 trel
386 183 581 241 strumosus
600 217 636 226 -
654 185 771 242 sentto
789 185 909 242 xxxin.
930 184 963 242 tlt
984 186 1136 246 botttdlc.
1155 188 1177 244 11
1192 190 1490 259 dudensdssstttm.
1690 184 1758 259 1793

129 300 262 371 pientiam
281 310 381 366 rrncnt,
396 309 424 355 et
445 300 531 371 possit
546 302 605 372 ipsa
620 301 755 356 coniicere
770 316 916 366 uenenum,
932 307 955 363 Α
969 318 1035 359 snos
1046 306 1160 376 egressi,
1174 306 1200 360 in
1212 307 1315 363 eisdem
1331 310 1356 364 ei
1371 311 1495 380 partibus
1506 326 1664 373 occurrunt.
1678 306 1759 379 Venit

129 395 212 462 cujus
225 394 284 448 haec
295 407 350 448 uon
364 394 504 449 contineat
518 395 689 448 antidotum!
971 410 1036 467 ergo
1053 396 1100 452 ttet
1113 397 1200 454 Filius
1212 399 1290 467 liber,
1307 413 1336 457 ut
1350 403 1468 461 liberare
1482 415 1573 478 posset
1591 410 1619 464 ln
1640 410 1757 468 formam

168 485 270 556 ltaque,
286 484 470 553 dilectissimi,
493 485 617 555 exemplo
638 485 745 541 Domini
770 487 921 542 saltatoris
971 486 1044 541 serri
1072 502 1105 544 ac
1128 488 1337 547 similitudinem
1364 495 1457 550 caruis
1480 497 1600 565 peccati,
1628 500 1674 555 sed
1702 517 1758 559 non

129 581 221 650 ipsum
237 579 264 633 in
289 579 398 634 deserto
421 594 475 632 nuru
491 579 579 633 solum
602 578 666 643 loci,
690 580 736 634 sed
753 589 781 634 et
796 582 919 650 spiritus,
971 578 1060 650 ipsam
1072 582 1230 640 servitutem
1247 593 1296 640 aut
1313 587 1456 643 veritatem
1470 589 1560 644 carnis
1575 593 1689 661 peccati.
1706 592 1760 649 lle·

128 669 272 725 ueletiam
295 669 442 739 aliquando
457 668 515 735 bei,
537 669 624 739 ipsum
651 678 774 724 nostrum
793 670 919 739 spiritum
971 670 1013 726 uit
1024 672 1057 727 ad
1078 683 1246 742 peccatores,
1266 677 1314 733 sed
1332 678 1366 734 ad
1389 689 1530 749 peccatum
1549 698 1604 738 uon
1626 683 1755 751 introivit,

128 762 302 825 excedentes.
319 777 380 816 cum
403 762 508 832 angelis
529 761 625 823 secuti,
641 761 804 816 meditentur
818 761 920 831 jugiter
970 759 1045 815 uenit
1063 761 1097 817 ad
1112 763 1263 832 inllrmum,
1280 767 1326 822 sed
1345 768 1380 822 ad
1394 767 1562 826 infirmitatis
1577 786 1687 828 causam
1703 790 1757 831 nun

91 899 104 914 .
129 855 160 909 in
185 855 244 924 lege
260 853 357 924 ipsius,
375 854 432 909 sinc
451 854 552 924 scripta
569 853 635 909 loris
656 850 757 918 littera,
772 854 830 907 sire
845 854 919 908 intus
970 852 1096 920 deuenit;
1114 857 1188 911 venit
1199 857 1232 913 ad
1246 872 1367 927 pernam,
1384 861 1430 914 sed
1445 875 1499 914 nou
1516 864 1640 931 pervenit
1653 865 1758 921 adcul-

128 945 159 999 in
175 944 255 1000 nobis
269 953 377 1009 natura,
393 943 450 999 sirc
464 943 490 997 iu
506 944 599 998 mundi
614 943 697 1012 liujus
712 943 808 1012 ligura,
822 944 878 997 sire
891 944 918 997 in
969 956 1049 1012 pam;
1066 945 1141 999 renit
1154 946 1272 1018 denique
1289 946 1416 1003 Salvator
1427 948 1460 1004 dc
1475 951 1565 1021 primo
1576 960 1648 1009 statu
1660 955 1728 1011 liber
1742 972 1757 1011 a

130 1037 191 1107 ipsa
206 1034 252 1090 Dei
267 1035 411 1106 snpientia,
424 1050 486 1105 qum
498 1034 540 1089 lex
551 1043 593 1090 est
613 1046 712 1090 aeterna
729 1042 756 1088 et
769 1034 813 1088 lex
829 1034 918 1105 legum
969 1043 1093 1103 peccalo,
1110 1036 1144 1091 de
1162 1037 1285 1093 secundo
1308 1038 1444 1101 inllrmus,
1468 1052 1579 1112 propter
1596 1055 1756 1117 peceatum

127 1126 184 1181 dici
196 1134 293 1196 potest.
307 1124 357 1180 llic
369 1127 469 1179 etenim
481 1140 550 1194 panc
561 1124 623 1178 sitae
636 1134 662 1179 ει
674 1123 828 1179 intellectus
842 1125 918 1179 ciba·
969 1124 1003 1180 de
1018 1127 1099 1181 lertio
1120 1126 1199 1184 fortis
1221 1140 1315 1184 contra
1329 1140 1483 1199 peccalum.
1500 1132 1528 1188 Si
1543 1135 1606 1205 quis
1626 1152 1692 1208 crgo
1706 1140 1758 1195 sub

128 1218 240 1285 bimur;
256 1226 283 1272 et
307 1233 378 1288 aqua
393 1216 535 1287 sapientie
558 1216 686 1271 salutaris
703 1214 870 1286 potabimur,
889 1223 919 1271 ut
968 1224 1082 1284 peceato
1100 1233 1207 1286 servus,
1222 1234 1272 1288 pro
1289 1229 1401 1290 peccatu
1421 1223 1558 1290 indrmus,
1575 1236 1672 1283 contra
1692 1243 1757 1300 pec·

129 1313 236 1367 interna
251 1311 432 1366 delectatione
446 1308 540 1364 reiecti
555 1320 582 1363 ct
596 1309 693 1372 saturi,
706 1308 844 1377 lapideum
857 1307 918 1363 dia·
968 1316 1060 1362 catum
1072 1309 1179 1376 debilis,
1194 1311 1230 1364 alr
1241 1325 1276 1366 eo
1292 1311 1392 1367 salvari
1405 1312 1552 1382 desiderat,
1568 1328 1648 1374 exeat
1662 1333 1678 1373 a
1693 1335 1757 1390 pec·

127 1404 183 1459 boll
199 1418 297 1474 panem
313 1401 381 1459 ioris
401 1411 621 1457 contemnamus.
638 1400 837 1457 Eraltntioncm
852 1415 919 1470 quo·
968 1406 1030 1454 cato
1055 1413 1107 1454 suo
1129 1402 1300 1471 pceuiteudo,
1331 1415 1459 1460 occurrat
1481 1409 1632 1475 credendo,
1658 1410 1757 1468 elamet

128 1510 183 1565 que
196 1494 292 1550 mundi
309 1510 392 1566 quam
414 1495 540 1566 sequitur
555 1494 632 1548 ruina
647 1495 721 1561 (uam
734 1501 796 1547 ante
809 1493 917 1548 ruinam
968 1499 1031 1561 post
1049 1506 1112 1546 eum
1128 1493 1247 1549 orande.
1266 1492 1348 1550 ladit
1363 1495 1436 1550 euim
1461 1512 1580 1568 semper,
1599 1501 1647 1569 qui
1665 1501 1693 1556 in
1713 1502 1756 1558 ria

127 1587 266 1642 exaltatur
284 1588 383 1656 coelet
398 1586 527 1641 deorsum
542 1585 635 1649 mittit,
652 1584 835 1640 fastidiamus.
852 1582 914 1639 Om·
968 1592 1142 1652 peecatorum
1161 1599 1215 1639 non
1228 1586 1314 1641 stetit.
1329 1585 1430 1642 Veniat
1442 1590 1567 1659 captivus
1584 1592 1694 1647 adeum
1708 1595 1756 1664 qui

126 1695 190 1735 nem
214 1679 307 1735 saeculi
333 1678 498 1734 eminentiam
519 1688 546 1734 ct
571 1677 697 1747 gloriam,
723 1692 784 1746 qnae
807 1677 914 1732 cadenti
932 1643 953 1698 B
968 1672 1036 1727 liber
1054 1684 1106 1740 est,
1121 1691 1209 1747 eoque
1224 1676 1340 1734 liberare
1359 1687 1463 1749 polest;
1483 1682 1609 1739 intirmus
1623 1684 1657 1740 ad
1680 1701 1754 1753 cum,

126 1760 434 1842 promittimustantes
448 1780 473 1825 et
496 1785 606 1826 sursum
621 1769 703 1824 erecti
718 1783 780 1823 eum
796 1768 914 1838 prornis-
966 1767 1015 1836 qui
1037 1781 1070 1821 ex
1087 1768 1131 1824 itis
1147 1784 1209 1839 quae
1229 1769 1258 1825 iu
1274 1770 1433 1827 indemitate
1450 1787 1549 1843 passus
1563 1785 1616 1839 εει,
1635 1779 1754 1848 compati

126 1878 200 1929 sore,
217 1878 250 1918 ex
264 1863 485 1933 eoncttpiscentia
498 1872 525 1915 et
540 1863 705 1932 cogitatione
720 1860 811 1915 eonlis
826 1858 914 1915 nostri
966 1859 1057 1925 norit3
1075 1859 1172 1917 debilis
1191 1860 1226 1916 ad
1238 1878 1313 1930 eum,
1329 1863 1377 1933 qui
1392 1864 1476 1920 verbo
1491 1866 1601 1924 virtutis
1618 1882 1675 1924 suae
1693 1884 1756 1939 pur·

124 1953 311 2019 exsufflemus,
326 1954 467 2008 dieentes:
486 1951 566 2017 Vnde,
581 1951 694 2006 Sntnnn.
711 1951 828 2006 Satanas
839 1952 913 2005 euim
964 1950 1103 2020 gerionem
1118 1961 1292 2022 pcccatorum
1306 1955 1420 2024 iaciens,
1432 1957 1539 2016 salvare
1550 1969 1639 2030 potest
1652 1962 1679 2016 in
1693 1977 1756 2032 per-

124 2054 177 2109 est,
193 2045 277 2099 idest
294 2044 468 2099 adversarius
490 2044 568 2099 nobis
583 2044 673 2098 omnis
695 2052 796 2108 motus,
817 2044 864 2114 qui
879 2043 914 2099 ad
963 2048 1086 2109 potuum.

124 2152 220 2193 casum
242 2136 358 2192 inuitat:
376 2134 406 2191 Si
433 2137 540 2203 cedens,
562 2135 661 2205 inquit,
687 2136 839 2190 adoraveris
861 2152 912 2192 me.
999 2131 1161 2203 Egrediatur
1184 2134 1277 2206 itaque
1305 2136 1405 2192 mulier
1430 2136 1586 2195 Cisauanaee
1610 2155 1626 2196 a
1651 2140 1754 2198 linibus

125 2226 236 2283 Stcmm
250 2227 352 2298 potius,
368 2227 552 2294 dilectissimi,
567 2226 593 2281 in
609 2226 688 2282 atriis
700 2225 853 2282 Jerusalem
866 2243 914 2298 pe·
963 2224 1024 2279 suis
1041 2226 1236 2294 interioribus,
1259 2242 1292 2283 ac
1309 2226 1338 2282 in
1363 2229 1547 2287 exterioribus
1564 2231 1688 2301 partibus
1709 2249 1753 2290 re·

123 2319 205 2374 dibus
218 2320 319 2375 uostris
333 2326 360 2375 ct
371 2318 429 2374 sine
440 2319 525 2374 dubio
535 2318 659 2374 letantes
674 2317 775 2373 ibimus
789 2317 817 2372 in
831 2319 914 2374 domo
963 2315 1055 2385 gionis
1074 2332 1133 2372 sue
1146 2327 1273 2374 occurrat
1287 2327 1386 2390 sponte
1403 2321 1522 2377 uenienti
1538 2321 1573 2377 de
1587 2325 1706 2394 propriis
1722 2325 1755 2380 ll-

123 2409 234 2466 Iicmini
251 2412 348 2467 iisdem
365 2411 442 2481 ipsis,
458 2412 505 2465 ubi
526 2412 618 2467 omrris
629 2411 804 2482 participatio
818 2410 870 2466 erit
885 2412 913 2465 in
964 2406 1046 2463 uibus
1075 2408 1133 2463 suis
1155 2409 1371 2467 misericorditer
1389 2425 1501 2481 egresso
1526 2414 1644 2480 medico,
1670 2423 1699 2470 et
1725 2415 1754 2470 iu

123 2502 255 2573 idipsum,
270 2503 343 2573 quod
359 2504 412 2557 erit
427 2502 518 2557 ornnia
532 2502 559 2557 iu
573 2504 702 2558 omnibus
716 2518 772 2573 quo
787 2518 839 2558 nos
855 2517 913 2558 om·
963 2497 1195 2570 alienisbenlsne
1215 2499 1371 2554 weniloni?
1389 2511 1509 2572 aesstolot
1531 2517 1546 2556 ²
1569 2517 1624 2572 quo
1639 2518 1756 2563 manens

123 2611 173 2650 nes
196 2595 345 2665 perducere
358 2595 494 2665 dignetur,
509 2593 569 2650 sine
591 2608 646 2664 quo
669 2594 812 2662 pervenire
833 2608 914 2649 nemo
963 2589 991 2644 iu
1016 2590 1136 2660 propriis
1156 2593 1268 2648 omuino
1292 2593 1362 2647 adiri
1386 2608 1440 2648 nun
1462 2603 1564 2664 posset.
1584 2593 1644 2664 lpse
1667 2597 1753 2664 euim,

123 2701 159 2741 eo
173 2694 272 2757 potest,
287 2687 334 2756 qui
350 2698 402 2741 nos
418 2701 468 2739 sua
491 2684 641 2740 tentatione
655 2686 688 2739 ad
703 2686 831 2741 standum
847 2700 913 2740 con·
964 2688 1095 2751 tanquam
1110 2682 1206 2740 beatus
1221 2683 1302 2749 beus,
1317 2685 1410 2754 justus
1421 2695 1448 2740 et
1459 2685 1549 2755 luetis,
1562 2703 1672 2744 sursum
1683 2698 1753 2758 erat,

123 2777 253 2844 lirmavit,
273 2791 337 2833 cum
356 2784 517 2831 tentatorem
542 2791 592 2832 sua
614 2775 730 2832 uictoria
753 2775 911 2842 inllrmarit,
963 2787 1020 2842 quo
1041 2772 1145 2829 bomini
1167 2773 1268 2831 inieliei
1290 2776 1439 2832 ascendere
1464 2777 1506 2833 ias
1528 2793 1585 2833 uon
1604 2790 1674 2834 erat.
1700 2778 1753 2836 Sed

122 2869 204 2925 lesus
223 2868 361 2935 Christus,
392 2867 436 2923 eui
462 2882 525 2922 eum
543 2866 625 2922 Patre
649 2876 676 2921 et
692 2864 795 2936 Spiritu
816 2875 913 2922 sancto
963 2878 1015 2920 nec
1026 2864 1129 2936 injusto
1145 2866 1323 2936 atttejustum
1338 2882 1469 2937 apparere
1481 2877 1581 2934 tutum,
1593 2870 1636 2925 rel
1651 2852 1684 2926 ad
1697 2870 1754 2926 ior·

123 2958 214 3014 ltonor
228 2967 255 3014 et
270 2959 356 3029 gloria
371 2959 398 3012 in
416 2957 515 3013 saecula
528 2954 710 3013 saeculorum.
725 2958 823 3012 Arnen.
926 2953 1090 3041 clitudiuis
1103 2956 1289 3012 babitaculum
1313 2957 1385 3013 alius
1405 2958 1489 3014 alium
1509 2961 1616 3016 mittere
1635 2970 1752 3032 poterat,

389 3048 506 3104 stulto
524 3047 645 3104 xxxin.
967 3044 1013 3100 ubi
1030 3060 1111 3101 nemo
1131 3061 1185 3100 nou
1209 3048 1371 3118 aegrotabat.
1389 3047 1464 3104 Fecit
1487 3048 1580 3121 itaque
1599 3051 1662 3120 pius
1679 3053 1752 3122 quod

301 3158 325 3195 m
341 3156 433 3197 noum.
449 3158 467 3196 rr
485 3157 695 3205 quaouncesntrs
715 3157 734 3199 r.
964 3136 1093 3206 pietatem
1118 3137 1224 3204 decuit,
1251 3139 1431 3208 pervenitad
1454 3148 1624 3211 peccatores,
1649 3141 1697 3198 sed
1718 3143 1753 3198 ad

160 3233 288 3303 Egressus
305 3231 395 3297 lesus,
414 3233 521 3287 recessit
535 3234 564 3287 in
579 3243 668 3304 partes
685 3233 748 3304 Tyri
766 3245 790 3289 et
805 3234 914 3291 Sidonis
964 3238 1075 3298 peccata
1092 3244 1146 3283 non
1166 3229 1271 3297 debuit,
1290 3244 1341 3285 nec
1364 3231 1463 3300 potuit.
1485 3230 1567 3288 Venit
1588 3232 1623 3288 ad
1642 3248 1761 3301 avaros,

124 3324 234 3395 (linttlr.
259 3325 316 3396 rr).
336 3323 386 3380 Est
409 3325 530 3394 quirlem,
555 3324 739 3393 dilectissimi,
763 3327 914 3382 secundum
965 3320 1013 3376 sed
1028 3337 1083 3377 uon
1096 3322 1130 3377 ad
1150 3322 1310 3390 avaritiam
1326 3323 1361 3379 ad
1377 3323 1502 3394 cupidos,
1517 3325 1633 3381 sednon
1651 3325 1687 3380 ad
1704 3339 1755 3381 cu·

124 3418 196 3489 quod
209 3416 328 3473 Verlrum
338 3426 381 3471 cst
393 3415 481 3471 Patris
490 3416 699 3486 scmpiternurn,
711 3425 740 3473 et
751 3433 806 3473 non
822 3428 913 3474 traus-
964 3411 1121 3481 piditatern;
1144 3415 1179 3469 ad
1200 3414 1370 3482 luxuriosos,
1391 3416 1439 3470 scd
1457 3431 1512 3470 non
1534 3416 1569 3471 ad
1590 3416 1752 3473 iuxurlam:

124 3510 235 3567 iterium
254 3517 302 3563 aut
318 3508 436 3573 ilnitum,
451 3506 559 3562 Domini
579 3505 644 3563 Jesu
661 3517 780 3565 aeternus
802 3510 913 3579 quidam
964 3505 1082 3576 dcuiquc
1110 3507 1144 3563 ad
1163 3508 1277 3565 vitiosos
1301 3508 1517 3565 misericorditer
1545 3510 1629 3575 renit,
1648 3512 1696 3567 scd
1718 3512 1754 3569 ad

124 3617 251 3674 egressus
264 3602 299 3656 ab
315 3602 375 3671 ipso
390 3599 481 3667 Patre,
497 3609 525 3656 ct
538 3612 640 3656 aeterna
653 3604 762 3658 mansio
777 3604 804 3657 iu
822 3603 913 3673 Patre,
963 3597 1030 3651 uitia
1047 3599 1146 3652 misere
1159 3614 1213 3653 non
1230 3600 1363 3668 pervenit.
1376 3599 1514 3657 Excamus
1529 3615 1605 3673 ergo,
1622 3617 1754 3660 exeamus

124 3702 297 3761 stemusque
315 3705 457 3762 regressus
479 3690 513 3745 ad
529 3689 649 3747 Patrem.
666 3688 744 3747 Unde
764 3692 838 3748 enim
856 3694 914 3748 ori·
964 3687 1076 3758 singuli,
1092 3689 1284 3759 ⁰¹¹¹¹⁸lt¹¹¹⁸l¹¹0
1296 3689 1401 3746 (¹01⁰00
1416 3692 1638 3760 inllssililffswae
1651 3713 1658 3749 ²
1672 3709 1755 3751 0¹⁰¹·

126 3795 181 3852 tur,
199 3798 232 3839 eo
247 3781 376 3849 refertur,
391 3783 483 3852 ibique
497 3790 600 3837 martel.
616 3780 694 3837 Sicut
704 3797 760 3838 uon
773 3782 912 3848 desinens,
964 3793 1027 3832 mus
1041 3778 1179 3834 demedio
1193 3778 1352 3850 Babylonis,
1368 3789 1396 3835 ct
1414 3781 1440 3834 in
1457 3782 1559 3837 linibus
1572 3782 1633 3852 ejus
1654 3798 1754 3839 occur·

126 3874 235 3945 quaudo
248 3874 310 3929 iude
323 3881 405 3928 uatus
418 3872 551 3943 procedit,
563 3871 605 3927 sic
615 3886 666 3927 nec
677 3871 839 3940 adueniens,
850 3887 913 3928 cum
963 3883 1060 3925 ramus
1084 3867 1138 3925 [leo
1160 3868 1294 3925 Salsatori
1316 3881 1425 3937 nostro,
1444 3874 1517 3929 sieut
1541 3873 1671 3929 admonet
1689 3890 1754 3945 pro·

125 3984 158 4023 eo
172 3968 274 4023 relatus
286 3967 364 4036 quasi
376 3965 457 4032 redit,
469 3965 516 4021 ubi
532 3979 641 4034 semper
652 3973 746 4019 manet
757 3979 791 4020 ac
801 3965 912 4020 mansit.
963 3961 1043 4032 porta
1058 3980 1065 4016 ε
1088 3960 1206 4016 Paratur
1225 3971 1290 4028 esto,
1305 3960 1402 4029 lsrael,
1428 3964 1455 4017 in
1477 3980 1615 4019 occursum
1633 3964 1753 4034 bomini,

125 4060 321 4117 Verumtamen
338 4059 403 4114 huie
422 4056 568 4113 ineffabilis
589 4055 740 4112 nativitatis
758 4056 914 4125 incompre·
962 4054 1162 4123 quenlantueuit
1183 4056 1274 4125 qantos
1287 4054 1336 4125 tu).
1351 4053 1488 4111 Eudamus
1500 4054 1624 4111 delores
1639 4057 1753 4126 peccati,

125 4144 255 4209 hensibili
278 4149 402 4222 egressui
436 4148 578 4204 bominum
604 4146 741 4203 neminem
769 4161 914 4203 occurrere
963 4145 1222 4203 imsimilitudinem
1244 4147 1473 4218 caruispcccati.
1496 4146 1632 4204 Erramus
1648 4148 1689 4215 ,de
1705 4164 1754 4205 uo-

126 4244 248 4303 sudloere
263 4242 411 4298 credimus.
437 4237 547 4294 Sanctis
558 4252 625 4294 rere
637 4237 742 4310 angelis
764 4237 836 4293 sicut
853 4237 913 4293 leli·
963 4238 1069 4293 lentate
1087 4239 1191 4308 peccati
1212 4239 1238 4293 in
1259 4240 1449 4309 poenitentiam
1470 4239 1595 4309 peccati:
1616 4238 1654 4294 ibi
1676 4255 1755 4295 nam·

126 4339 194 4403 cior,
208 4336 244 4389 ita
258 4335 363 4390 laeilior
378 4333 468 4403 eopia,
485 4347 549 4388 cum
563 4340 654 4387 tamen
672 4308 799 4385 iueriula
813 4329 914 4384 finibus
931 4322 1019 4401 une
1042 4329 1181 4386 Cirr-istum
1209 4332 1393 4388 inveniemus.
1423 4330 1482 4400 lpse
1509 4346 1628 4403 namque
1650 4332 1753 4403 peccati

126 4431 184 4489 suis
205 4427 320 4500 egressi,
340 4426 428 4481 idest
450 4425 557 4495 scipsos
578 4422 758 4494 supergressi.
778 4419 831 4476 Sed
847 4420 913 4491 quid
965 4422 1154 4492 poenitentium
1170 4423 1236 4495 egit,
1252 4424 1327 4493 quod
1350 4422 1466 4478 omniuo
1482 4438 1536 4478 nort
1554 4424 1621 4495 egit.
1643 4421 1683 4479 lbi
1698 4424 1754 4479 sal·

126 4517 222 4573 altiora
237 4515 327 4582 nohis,
347 4522 375 4570 et
396 4528 457 4584 quae
473 4527 589 4583 prorsus
609 4511 779 4582 ignoramus,
797 4519 914 4566 attenta·
964 4515 1050 4583 rabit,
1064 4515 1113 4585 qui
1132 4515 1295 4586 prenitentes
1316 4515 1421 4581 salrat;
1439 4515 1487 4584 qui
1506 4514 1570 4569 odio
1592 4514 1673 4570 ltahct
1692 4529 1755 4585 pec·

125 4624 198 4675 mus,
212 4608 359 4662 immaturo
372 4604 491 4662 tortasse
506 4604 644 4660 desiderio
655 4602 728 4658 sicut
743 4605 914 4673 plumescen-
964 4617 1083 4674 catores,
1106 4616 1133 4663 et
1143 4608 1289 4663 miseretur
1306 4606 1512 4677 penitentibus.
1530 4603 1582 4661 Sed
1598 4605 1707 4662 dicitis:
1725 4605 1753 4661 Si

126 4715 166 4760 tes
182 4703 209 4757 in
227 4702 292 4756 nido
306 4701 382 4772 pulli,
396 4699 545 4769 inequales
560 4697 651 4753 adbuc
671 4696 730 4752 alas
743 4698 776 4752 ad
793 4697 913 4753 rolatum
964 4696 1113 4752 erici-imus
1128 4697 1161 4753 de
1175 4704 1298 4767 peccato,
1311 4696 1376 4766 quid
1395 4711 1464 4765 opus
1479 4695 1614 4750 habemus
1629 4694 1752 4762 medieo;

126 4801 252 4859 mouent,
278 4807 340 4863 quae
364 4789 458 4846 serari
480 4788 590 4859 quidem
616 4794 747 4858 possunt,
774 4786 914 4857 subrigere
965 4788 1008 4842 rel
1030 4790 1093 4859 quis
1118 4805 1166 4859 per
1181 4798 1211 4845 se
1234 4796 1323 4858 potest
1349 4788 1424 4842 exire
1445 4787 1479 4842 de
1499 4786 1629 4857 peccatu?
1652 4785 1754 4843 Verum

126 4882 249 4954 eorporis
270 4881 379 4953 pondus
401 4894 457 4934 nou
477 4875 645 4945 sufficiuntl,
659 4875 708 4933 Est
727 4891 793 4947 ergo
816 4885 915 4946 preter
965 4878 1115 4934 marimum
1132 4886 1271 4948 peccatum
1285 4886 1327 4932 cst
1345 4892 1424 4931 arnor
1439 4876 1554 4946 peccati,
1573 4876 1755 4931 masimaini·

126 4973 200 5029 ¹¹⁰⁰ss
218 4985 358 5041 edseswm
374 4976 508 5024 millum
529 4976 643 5033 ”llliaes
658 4980 786 5037 ⁰iii0⁸⁵¹¹⁵
801 4965 912 5035 (inillam
965 4970 1057 5042 quites
1072 4969 1203 5040 peccandi
1226 4969 1364 5023 voluutas.
1388 4966 1449 5023 Noli
1470 4984 1537 5039 ergo
1558 4968 1753 5038 pesariensi

125 5064 283 5135 temporalis
301 5070 329 5117 et
357 5061 462 5133 gratiae,
476 5060 587 5131 quaudo
604 5059 716 5113 Verbum
736 5075 798 5112 rnre
813 5059 914 5128 factum
965 5064 1087 5118 rumdum
1106 5061 1196 5132 possis
1214 5076 1268 5116 non
1285 5076 1408 5129 peccare.
1428 5060 1574 5117 Peccatum
1595 5061 1651 5126 odi,
1673 5072 1700 5116 et
1719 5061 1753 5117 de

125 5166 173 5224 ert,
186 5165 211 5211 et
231 5154 360 5210 habitarit
381 5154 409 5208 in
423 5151 503 5207 nobie
515 5151 606 5221 (loen.
627 5152 660 5221 t).
673 5152 784 5222 quando
798 5152 912 5206 miliia
965 5163 1077 5226 peceato
1089 5154 1181 5210 existi.
1201 5153 1347 5209 Peccatum
1362 5153 1456 5217 odisti,
1471 5161 1499 5208 et
1511 5151 1623 5208 Christo
1645 5152 1690 5208 ubi
1711 5161 1755 5209 est

125 5246 205 5304 Patre
222 5246 351 5316 uenitque
367 5243 395 5300 in
414 5243 567 5309 muudum;
585 5242 695 5312 quaudo
709 5257 771 5297 eum
786 5241 814 5296 in
825 5241 913 5296 lorma
964 5244 1126 5301 occurristi:
1141 5244 1254 5314 quinon
1267 5243 1324 5298 ιιιΙι
1337 5241 1455 5312 peccari,
1469 5241 1516 5298 sed
1528 5241 1586 5298 odit
1600 5248 1752 5311 peecatum,

127 5338 172 5395 bel
186 5346 272 5405 esset,
286 5336 366 5408 quasi
383 5337 480 5407 patriae
493 5348 551 5389 sure
566 5332 635 5404 dues
649 5334 803 5404 egrediens,
817 5334 913 5390 exina·
964 5351 997 5393 ae
1011 5335 1124 5403 odienti,
1140 5336 1204 5407 quia
1221 5350 1283 5392 cum
1300 5334 1346 5390 illo
1364 5333 1440 5400 lacit,
1456 5334 1540 5390 donat
1562 5332 1671 5390 iuterim
1692 5347 1756 5393 rens

126 5432 193 5488 nirit
209 5430 409 5501 semetipsumt
428 5427 501 5484 utin
518 5426 607 5482 lorma
628 5428 711 5493 servi,
733 5442 765 5482 ac
786 5427 914 5484 sirnrlitu-
964 5437 1033 5496 tum,
1053 5428 1141 5486 donec
1156 5426 1315 5484 omnimode
1337 5426 1536 5484 aulcratctiam
1556 5426 1592 5482 ab
1613 5436 1674 5483 actu
1691 5440 1754 5497 pee-

126 5523 189 5580 dioe
211 5522 303 5578 carnis
322 5520 439 5593 peceati,
463 5526 594 5589 tanquam
613 5518 781 5589 inpartibus
801 5517 865 5591 Tyri
886 5529 914 5576 et
963 5530 1066 5578 catum.
1080 5518 1134 5577 Sed
1144 5530 1172 5576 et
1181 5520 1235 5577 boc
1245 5519 1337 5576 dicitis
1349 5519 1465 5577 multum
1476 5535 1539 5578 esse
1549 5517 1585 5577 ad
1598 5533 1658 5586 ros,
1669 5531 1753 5590 ,atque

127 5612 247 5694 Sidonis,
263 5611 377 5670 inveniri
391 5608 498 5681 possit;
512 5607 559 5665 sed
578 5605 612 5663 ab
627 5606 672 5662 lris
685 5605 732 5676 qui
745 5605 814 5663 tlnes
828 5606 912 5663 οιιιιιι
964 5609 1070 5667 bomini
1094 5609 1152 5667 sine
1177 5609 1224 5667 Dei
1245 5609 1331 5682 gratia
1354 5608 1535 5683 impossibile,
1558 5616 1589 5667 ιιι
1608 5616 1753 5681 moestum
