3892 6067
230 200 300 257 1759
869 193 970 250 leeiC
992 192 1036 247 nn
1057 191 1190 249 STEIM
1799 204 1870 260 titt

228 321 300 375 oium
319 316 496 381 ctsaccrdus,
513 315 570 385 ipse
585 313 768 382 ultimusquia
785 312 879 367 soluit.
892 311 1018 367 bnirtmm
1035 317 1056 374 Α
1071 321 1161 382 potest
1186 310 1336 383 quidquam
1361 331 1369 367 .·
1390 328 1445 382 qrro
1478 313 1637 386 increpante
1662 320 1871 392 nequidquam

228 412 347 481 qnando,
361 406 509 478 quomodo,
521 414 548 460 et
559 404 680 473 ‹prramliu
694 403 789 467 coluit,
804 403 906 473 poscit,
921 404 967 464 nui
982 403 1017 456 ad
1071 402 1233 459 sicutenim
1253 420 1330 460 sacer
1343 408 1462 462 eontinet
1484 408 1609 465 psalmus
1625 426 1633 462 c
1649 411 1740 481 Dicit,
1753 425 1782 469 et
1797 422 1873 473 ιιιιιι

228 500 398 573 propositum
415 498 468 552 sibi
483 504 622 552 certamen
634 510 696 553 cum
708 494 808 566 gaudio
821 494 952 549 cucurrit.
965 491 1017 548 Ubi
1068 497 1178 566 spiritns
1201 496 1340 566 procelle:
1370 508 1395 552 ct
1425 501 1539 557 exaltati
1564 513 1625 557 suut
1649 505 1750 574 tinctam
1777 509 1874 578 cina.-

228 601 517 648 summurmuratores
533 588 810 659 ctqtteruli,trcpidi,
830 586 1016 657 tepiditardi,
1068 588 1311 659 recordemurque
1330 590 1365 643 nd
1387 590 1475 660 celos,
1496 602 1521 647 ct
1543 593 1704 650 descendunt
1727 616 1817 670 nequo
1837 604 1874 655 a

225 699 330 754 ctqrros
344 684 461 747 trabere,
476 697 507 747 oc
519 681 656 751 impellere
667 695 779 736 neccsse
791 687 841 746 cst,
857 680 890 733 ad
905 694 1016 734 erucem
1068 678 1186 748 adustos,
1201 690 1253 735 etc.
1272 680 1308 734 lit
1328 683 1424 735 statuit
1440 683 1583 751 procellam
1601 686 1659 754 ejus
1672 688 1699 742 iu
1711 704 1829 757 ueram,
1847 703 1874 747 ιι

226 778 438 848 passionemque
454 772 565 829 Ordinis
582 788 614 827 ac
636 772 814 841 poenitcntire,
830 770 873 826 cui
898 770 1016 840 adjurati
1067 766 1198 823 siluerunt
1211 771 1307 840 pinctus
1321 772 1378 841 ejus
1399 770 1487 845 (Paul.
1502 775 1568 846 err).
1591 775 1693 834 Fidelis
1713 790 1759 836 est
1781 782 1873 851 euim,

227 879 303 931 scrin,
322 878 348 922 et
363 867 484 921 addicti?
500 863 590 920 Securi
607 874 680 931 scrut,
696 864 794 934 iuquit.
814 880 874 918 euru
892 862 1018 933 discipuli
1068 869 1095 914 et
1108 875 1163 916 nou
1187 861 1306 932 patietur
1327 878 1395 920 snos
1415 867 1524 923 tentari
1537 882 1621 939 supra
1644 885 1728 940 qnam
1749 886 1874 942 ροςςιιιι

227 961 283 1030 ejus
296 958 407 1030 (ιιαιιι.
421 956 491 1027 rut).
508 955 589 1011 beret
603 956 676 1009 enim
690 953 840 1025 discipulos
856 952 1017 1025 magistrum
1068 948 1157 1018 lecre3
1178 952 1226 1007 sed
1249 950 1315 1009 lacit
1338 969 1402 1011 cum
1425 958 1577 1015 tentatione
1600 971 1783 1032 proventum,
1802 968 1873 1021 etsi

227 1053 316 1123 sequi,
330 1065 425 1105 servos
439 1048 593 1113 dontiumn,
612 1056 717 1117 patrem
733 1046 814 1102 lilios.
828 1045 932 1100 Omnes
942 1044 1017 1100 cuim
1068 1042 1167 1099 crescit
1181 1043 1307 1112 tenmtio,
1322 1055 1428 1102 crescat
1438 1047 1526 1104 rictus
1538 1050 1685 1119 patientie,
1699 1069 1735 1110 ac
1750 1069 1808 1124 per·
1819 1056 1874 1114 bra

227 1156 361 1217 quotquot
376 1146 470 1200 solnm
491 1143 536 1214 pie
550 1141 642 1197 risere
662 1140 690 1195 in
706 1140 817 1196 cbristo
833 1139 911 1207 lesu,
924 1153 1018 1208 perse·
1067 1144 1174 1192 crescat
1188 1151 1302 1205 corona,
1323 1153 1407 1208 quam
1431 1139 1490 1195 sola
1509 1141 1625 1213 percipit
1645 1149 1872 1212 perseverantia.

227 1238 363 1294 cntionem
380 1236 526 1307 patientur.
553 1232 586 1288 Et
609 1233 632 1288 si
654 1233 726 1288 desit
745 1238 876 1285 externus
888 1243 1018 1300 persecu·
1066 1226 1141 1297 ldco,
1154 1228 1264 1295 iratres,
1279 1230 1498 1303 quotiescunque
1515 1236 1630 1290 tentatio
1644 1253 1694 1294 ros
1705 1241 1871 1310 apprehen,

227 1336 280 1394 tor,
293 1325 493 1397 crucifigendus
516 1332 558 1378 est
580 1337 596 1376 a
618 1319 838 1393 discipulis·lcsn
852 1320 935 1374 bomo
949 1333 1017 1376 suus
1067 1321 1118 1388 dit,
1133 1320 1191 1376 sire
1203 1320 1382 1389 intirmitatis,
1399 1322 1457 1378 sire
1474 1328 1651 1394 paupertatis,
1670 1328 1730 1384 sire
1741 1331 1873 1388 duriori.

226 1421 345 1475 exterior
357 1434 420 1473 cum
432 1417 504 1472 ritiis
518 1425 545 1471 et
556 1414 804 1486 concupiscentiis3
821 1410 935 1468 interior
948 1424 1018 1481 quo·
1066 1412 1228 1484 discipline,
1239 1421 1286 1468 aut
1297 1413 1517 1484 ,prolongatioris
1530 1417 1677 1486 incolatus,
1688 1420 1765 1477 taedii
1781 1423 1872 1480 etiam

224 1526 280 1581 qtre
304 1510 427 1585 patibulo
451 1508 613 1564 obedientiae
635 1505 700 1562 lesu
723 1503 912 1576 configendus,
934 1510 965 1556 ut
988 1501 1017 1555 iu
1068 1512 1123 1558 tam
1146 1511 1257 1559 remutae
1281 1504 1450 1573 solitudinis,
1471 1516 1499 1562 ct
1521 1508 1651 1578 profundi
1673 1511 1792 1583 silentii,
1811 1517 1872 1572 siro

224 1598 355 1659 omuibus
373 1601 487 1657 nurnine
507 1600 581 1655 dicat
601 1598 671 1669 patri
691 1597 826 1669 spirituali
841 1595 954 1651 humilis
975 1594 1017 1651 di-
1067 1593 1257 1665 cujuscnnquc
1282 1594 1403 1667 generis,
1427 1611 1490 1666 nure
1509 1613 1624 1667 prorsus
1648 1601 1871 1663 innumerabilia

225 1695 363 1766 scipulos:
379 1694 454 1748 Abba
470 1700 556 1763 pater,
572 1707 626 1746 nort
642 1690 715 1763 qrrod
732 1703 783 1760 ego
795 1687 869 1755 solo,
882 1686 930 1742 sed
942 1685 1017 1757 qnod
1033 1662 1142 1752 Bsunt,
1155 1685 1279 1757 legendo,
1296 1685 1465 1751 meditando,
1484 1687 1600 1755 orando,
1615 1689 1770 1749 excitemus
1784 1697 1871 1754 nobie

222 1795 255 1843 tu
271 1787 323 1842 ris.
335 1784 368 1840 lit
382 1785 404 1841 si
419 1798 485 1840 caro
497 1782 604 1838 infirma
621 1790 760 1852 gravetur,
774 1778 901 1835 turbetur
912 1777 1015 1844 anima,
1066 1777 1206 1836 Christum
1221 1780 1415 1837 dormientem.
1429 1781 1458 1837 lu
1475 1783 1632 1853 exemplum
1646 1789 1742 1844 crucis
1756 1798 1787 1845 et
1803 1807 1870 1862 pas-

222 1878 313 1932 tristis
338 1877 449 1946 incipiat
472 1890 571 1947 parere
593 1882 621 1929 ct
646 1874 758 1938 tedere3
785 1870 899 1941 spiritus
925 1877 1016 1924 tamen
1067 1870 1252 1943 slunisipsins
1268 1888 1320 1943 pro
1336 1872 1614 1941 nobisiutendamus,
1632 1888 1766 1951 tanquam
1780 1887 1869 1942 morsi

225 1985 335 2039 semper
356 1975 500 2037 promptus
521 1967 568 2033 sit,
591 1965 636 2019 cui
664 1964 716 2020 suli
736 1962 872 2033 judicium
896 1970 939 2018 est
952 1975 1016 2017 cum
1067 1982 1083 2021 a
1101 1977 1226 2037 serpente
1247 1976 1358 2038 repente
1372 1968 1500 2025 deorsum
1521 1972 1741 2043 contemplemur
1754 1993 1869 2049 serpes·

225 2063 337 2129 boum
356 2062 486 2131 reprimat
508 2058 652 2126 iuferiora,
676 2067 703 2114 et
724 2057 836 2113 obedire
856 2055 939 2111 iaciat
952 2054 1016 2122 sibi,
1066 2064 1120 2112 tem
1139 2057 1301 2128 pendentem
1322 2073 1434 2115 strrsum
1448 2059 1544 2131 (Nutu.
1564 2066 1633 2132 rsa).
1648 2063 1718 2121 Nam
1741 2067 1817 2123 sient
1831 2070 1869 2124 att

225 2151 291 2205 dunt
315 2151 373 2220 lpse
391 2148 487 2204 obedit
510 2147 658 2218 superiori.
675 2145 733 2217 Ego
753 2146 824 2201 banc
842 2145 1016 2215 disciplinam
1067 2147 1162 2204 beatus
1176 2148 1318 2219 apostolus
1330 2147 1428 2206 Petrus
1441 2169 1450 2206 ε
1462 2150 1585 2208 cbristus
1595 2171 1691 2226 peotes
1702 2164 1745 2210 eat
1758 2173 1812 2227 pro
1822 2176 1869 2212 ru·

225 2241 405 2311 prolcssiouis
420 2248 529 2305 restra,
543 2249 570 2296 et
584 2238 705 2295 abditam
718 2253 842 2295 creumm
854 2252 908 2292 non
924 2238 1019 2292 imme·
1068 2240 1118 2305 iis,
1132 2241 1204 2295 cobis
1219 2241 1366 2313 soliemnem
1381 2244 1539 2315 exemplum,
1551 2258 1578 2301 ut
1595 2250 1745 2319 cepsuerint
1758 2252 1867 2319 recipis

217 2334 280 2395 rito
294 2348 404 2390 crucem
424 2332 540 2388 dixerim
562 2331 631 2387 :nbi
649 2330 720 2388 sieut
732 2346 787 2387 tros
803 2328 922 2386 solitudo
936 2342 1017 2399 sepa·
1067 2332 1124 2401 cjrrs
1139 2331 1165 2404 (ι
1181 2331 1253 2390 Pctr.
1271 2337 1313 2404 u).
1332 2332 1401 2392 lliuc
1420 2337 1505 2403 enim,
1520 2338 1705 2409 dilectissimi,
1721 2357 1867 2397 sumemus

224 2425 402 2495 saraballis,
417 2427 458 2483 sic
473 2425 618 2498 disciplina
631 2425 792 2483 obedientie
804 2441 820 2481 a
834 2423 914 2480 robis
930 2422 1015 2495 ipsis:
1068 2440 1123 2482 uon
1139 2425 1227 2483 sulum
1243 2428 1410 2500 excruplum,
1425 2440 1455 2487 ut
1472 2446 1637 2503 mortemon
1654 2432 1702 2489 scd
1716 2442 1746 2489 ot
1758 2435 1869 2491 anama.

217 2520 326 2591 nuibus
339 2521 417 2589 nibil,
434 2521 599 2592 quod-libet,
613 2520 812 2592 doemonibus
825 2534 876 2576 uec
887 2520 1016 2575 snbstan—
1068 2527 1138 2586 ttrut,
1161 2534 1195 2574 ne
1219 2520 1387 2591 moriamur;
1415 2538 1468 2579 non
1495 2524 1586 2580 solum
1609 2526 1809 2582 animationem
1832 2529 1869 2581 ad

218 2615 280 2683 -tiae,
298 2630 350 2670 nec
371 2615 673 2687 eorporisrproprictas,
691 2630 741 2671 nec
754 2615 859 2685 operis,
875 2628 926 2669 nec
940 2611 1017 2683 quie-
1070 2612 1252 2677 tolerantiam,
1269 2614 1317 2668 sed
1333 2622 1359 2669 ct
1372 2615 1528 2685 gratiamad
1542 2619 1792 2687 perseuerantiam,
1809 2636 1868 2675 nmt

221 2709 397 2764 tislibcrtas.
411 2707 486 2776 Quid
503 2718 546 2765 est
561 2709 625 2776 boc,
642 2709 767 2775 obsecre,
784 2707 839 2763 uisi
852 2706 1016 2778 qrribusdnm
1068 2705 1156 2759 solum
1172 2703 1289 2761 formam
1308 2705 1342 2760 ad
1364 2721 1495 2777 paginam,
1516 2708 1563 2764 sed
1581 2720 1608 2764 et
1627 2709 1757 2765 rirtntcm
1773 2712 1808 2767 ad
1823 2715 1867 2767 ri⁴

225 2800 386 2855 obedientie
400 2801 486 2856 cieris
501 2801 600 2855 aliene
620 2800 753 2870 jussionis
775 2799 859 2869 rigori
881 2797 951 2869 affigi
967 2811 1017 2867 pro
1068 2796 1194 2851 ctoriam.
1212 2794 1262 2852 llic
1277 2797 1322 2852 illa
1338 2798 1459 2869 prudens
1473 2806 1500 2854 el
1516 2800 1632 2871 simplex
1647 2801 1776 2857 columba
1793 2803 1866 2858 nidi-

225 2891 346 2961 Cbristo,
361 2893 484 2964 crucifigi
497 2909 561 2948 curu
582 2891 711 2947 Christo?
723 2889 788 2946 hm
804 2906 869 2946 rcro
883 2891 949 2961 quid
965 2888 1017 2946 sibi
1069 2885 1133 2942 licat
1157 2888 1183 2942 iu
1207 2889 1390 2946 foraminibus
1412 2902 1505 2962 petre,
1522 2891 1549 2946 iu
1574 2893 1701 2948 carentis
1724 2895 1866 2952 maceria.

226 2986 345 3041 roluerit
358 2986 487 3041 dormitio
508 2985 610 3041 Christi
636 2986 662 3040 iu
685 2983 872 3051 auriculae:
898 2983 1052 3062 bisquaec
1069 2977 1120 3036 llic
1143 2990 1232 3037 turtur
1257 2982 1362 3037 inuenit
1386 2983 1439 3039 sibi
1461 2984 1568 3050 nidum,
1594 2985 1640 3039 nbi
1665 2994 1750 3055 ponat
1774 2987 1866 3057 pullos

225 3077 297 3133 dicta
310 3088 375 3133 suut
387 3090 483 3151 sponte
498 3078 627 3134 occurrit.
647 3076 772 3133 Dormire
785 3077 885 3147 urrippe
900 3075 928 3129 in
942 3075 1016 3144 nari,

225 3170 253 3224 iu
271 3185 353 3226 cruce
368 3181 411 3225 cst
431 3171 511 3237 mori,
526 3170 605 3240 juxta
621 3168 687 3223 illud
701 3186 708 3220 ι
721 3166 778 3239 Epo
792 3168 917 3234 dorutiri,
933 3177 957 3221 et
970 3183 1017 3220 ao·

213 3272 334 3333 'perotus
347 3278 404 3315 turre
421 3261 506 3333 (Psul.
531 3267 583 3331 ιιι).
605 3259 674 3327 Quis
692 3259 766 3314 enirn
789 3266 864 3312 tanta
876 3255 1017 3324 facilitate,

213 3368 275 3410 =scu
294 3364 437 3425 potestate,
456 3355 567 3425 quondo
586 3354 653 3418 rult,
671 3361 719 3408 aut
740 3351 855 3423 rIgilaus
869 3350 1016 3417 obdormit,

211 3453 273 3500 ‘ant
288 3446 428 3501 domuicns
449 3444 570 3514 evigilat,
591 3445 664 3499 sicut
684 3443 817 3499 Dominus
832 3442 943 3512 quande
966 3457 1016 3497 ro·

213 3534 286 3600 vluit,
301 3534 420 3588 aninam
435 3532 536 3603 posuit,
551 3541 578 3586 et
594 3531 704 3602 quartdo
717 3530 813 3598 roluit,
830 3534 927 3587 iterum
941 3547 1017 3587 snm-

210 3626 301 3697 psit?
318 3625 371 3681 set
387 3626 446 3695 ipse
461 3622 616 3679 dormiente
632 3638 707 3678 mare
720 3623 831 3679 ebertur
848 3625 937 3680 uentis
950 3639 1017 3679 ern·

213 3727 312 3789 ·ptnm‚
329 3726 358 3772 et
371 3716 497 3786 discipuli
517 3715 617 3772 turbati
633 3714 806 3787 traulraginm
824 3716 922 3771 timeut
937 3733 945 3783 ;
961 3728 1016 3785 qno

215 3810 360 3866 'nroricntc
384 3808 523 3865 exsrtltaut
546 3817 574 3863 ct
598 3808 730 3863 insultant
758 3807 844 3864 ludaei
872 3807 1016 3863 daemoniis

212 3903 295 3971 ·acti;
308 3901 439 3970 discipuli
455 3914 521 3955 reru
536 3897 622 3955 lerme
636 3899 793 3969 desperant,
810 3907 883 3953 metu
896 3899 1014 3954 subacti.

209 3994 289 4053 'llaec
310 3994 339 4049 in
354 3993 501 4065 Evangelio
524 3992 677 4059 notissima,
694 3992 813 4047 notanda
828 3993 1016 4062 potiusquam

208 4087 367 4144 ¹tractanda
384 4085 560 4142 credidimus.
581 4083 649 4139 Nam
669 4083 805 4155 evigilatio
825 4083 939 4147 Christi,
954 4092 1016 4139 tau·

224 4197 308 4253 unam
324 4182 357 4237 de
370 4178 488 4234 mortuis
501 4177 677 4242 resurrectio,
691 4190 774 4246 qrrnm
792 4174 1014 4246 trartquill'ttatem

208 4285 211 4289 ’
224 4276 252 4330 ιιι
267 4273 395 4329 cordibus
410 4269 595 4341 apostolorum
612 4269 742 4338 primum,
759 4277 785 4324 et
802 4276 896 4338 postca
910 4268 937 4323 in
952 4268 1015 4324 uni-

1068 3086 1146 3142 snes,
1162 3073 1258 3130 altaria
1273 3084 1329 3141 tun,
1347 3073 1461 3131 llomiue
1471 3076 1603 3131 rirtutnm
1622 3076 1799 3147 :dequibus
1810 3088 1865 3134 tam

1067 3170 1160 3226 suauis
1175 3169 1243 3225 odor
1261 3167 1380 3240 myrrbae
1399 3175 1427 3224 et
1448 3166 1537 3226 thuris
1555 3171 1687 3235 ascendit,
1703 3170 1779 3225 sicut
1794 3187 1866 3226 scr.-

1068 3271 1144 3332 ptum
1166 3270 1226 3316 est:
1241 3259 1412 3330 Sacrificium
1436 3258 1492 3315 Deo
1512 3261 1623 3331 spiritur
1648 3261 1866 3327 contribulatus:

1067 3369 1114 3406 cor
1133 3352 1275 3405 contritum
1296 3363 1320 3407 et
1344 3351 1527 3418 humiliatum,
1555 3351 1636 3418 Deus,
1659 3369 1713 3407 uon
1734 3354 1868 3425 despicies

1068 3441 1156 3510 (Paul.
1169 3441 1206 3513 n).
1223 3441 1302 3509 Quod
1319 3459 1374 3499 uun
1389 3443 1519 3516 ignoraus
1531 3446 1569 3500 ait
1581 3445 1716 3515 numam,
1730 3462 1789 3517 qno
1801 3448 1867 3513 iret,

1067 3542 1162 3604 etqua
1178 3533 1239 3600 iret,
1255 3534 1346 3590 sciens
1356 3551 1363 3588 ι
1374 3533 1422 3590 lbo
1438 3537 1504 3590 mile
1517 3534 1553 3589 ud
1567 3546 1681 3591 monum
1696 3538 1829 3609 mprrboe,
1842 3549 1866 3591 ct

1067 3627 1102 3681 ud
1115 3626 1208 3681 collem
1226 3627 1312 3682 tlruria
1334 3626 1426 3700 (Catu.
1442 3629 1492 3698 rr).
1506 3626 1631 3699 Fatigata
1645 3630 1719 3684 enim
1734 3630 1764 3685 in
1781 3647 1825 3697 sc,
1840 3641 1866 3687 ct

1067 3719 1102 3775 ad
1121 3720 1239 3790 seipsam
1263 3718 1423 3774 coruurbatu
1447 3719 1549 3786 anime,
1565 3734 1671 3775 memor
1695 3736 1759 3775 csse
1780 3724 1867 3793 empit

1067 3810 1176 3867 Domini
1198 3810 1274 3880 lesu,
1299 3812 1326 3867 id
1352 3823 1394 3868 est
1413 3812 1542 3869 salutaris
1560 3813 1652 3869 rullus
1676 3812 1732 3880 sui,
1750 3829 1809 3871 non
1831 3816 1865 3873 dr
1934 3870 1935 3887 ,

1067 3918 1177 3959 snrnmo
1201 3903 1283 3970 coelo,
1307 3919 1365 3974 quo
1387 3906 1512 3960 ascendit
1530 3905 1563 3960 ad
1587 3905 1752 3971 claritatem,
1778 3924 1864 3978 qnam

1066 3995 1174 4064 babuit,
1195 3996 1356 4067 priusquam
1380 3997 1499 4054 muudus
1524 3997 1611 4063 lieret,
1635 3997 1707 4067 apud
1732 3997 1861 4065 Patrcm;
1934 4034 1935 4051 ι

1067 4089 1114 4145 sed
1128 4089 1162 4144 de
1175 4098 1246 4144 terra
1259 4088 1396 4156 iordanis,
1413 4089 1493 4145 idest
1506 4090 1687 4159 ascensionis,
1699 4101 1729 4146 et
1743 4089 1858 4149 ilerum·
1934 4156 1935 4161 η

1066 4182 1134 4237 niim
1149 4191 1243 4238 moute
1256 4182 1376 4247 modico,
1396 4182 1443 4237 ubi
1462 4183 1581 4254 abyssus
1590 4183 1723 4256 abyssum
1739 4184 1860 4255 inrorat,
1934 4168 1935 4207 Ὗ

1067 4273 1153 4329 idest
1174 4274 1347 4331 mortificatio
1369 4285 1463 4330 nostra
1482 4275 1585 4331 Cbnsti
1607 4276 1715 4331 bomiri
1731 4288 1860 4344 mortem,

225 4381 303 4423 rcrsa
321 4364 454 4431 Ecclesia,
468 4362 583 4418 subacto
599 4362 657 4432 jam
683 4360 839 4425 manumet
859 4359 918 4431 ejus
940 4361 1016 4431 prin·
1031 4360 1223 4434 bpassioncm
1237 4364 1339 4435 passio,
1362 4365 1523 4436 patientiam
1548 4382 1659 4439 quoque
1679 4369 1815 4439 patientia
1832 4370 1860 4424 ia

224 4462 284 4531 cipe
298 4458 421 4528 religato,
443 4454 573 4517 effecerit,
588 4451 636 4524 qui
660 4467 715 4507 non
731 4451 846 4507 miratur
860 4467 923 4508 cum
945 4467 1015 4525 gau·
1060 4455 1221 4525 »exemplum
1245 4454 1296 4509 sibi
1318 4464 1346 4511 et
1359 4457 1491 4512 cnsilium
1512 4469 1602 4514 vocae
1617 4458 1646 4513 ln
1661 4460 1860 4534 huncquoque

224 4554 281 4619 dtr),
295 4552 319 4608 is
335 4551 362 4603 in
377 4563 428 4604 suu
445 4557 559 4617 stupore
576 4559 638 4600 cum
658 4544 752 4599 dolore
771 4543 904 4599 mirabilis
917 4551 944 4598 et
960 4544 1015 4598 mi·
1066 4556 1186 4605 montem
1201 4548 1320 4620 myrrhae
1334 4559 1473 4619 posucrat,
1489 4566 1560 4621 quos
1573 4552 1614 4608 sic
1624 4552 1775 4623 alloquitur
1787 4552 1860 4610 Pan·

204 4654 205 4659 ’
223 4642 437 4700 rauduscristit.
1065 4640 1109 4697 lus
1124 4658 1131 4696 :
1144 4640 1302 4710 llcrtificcti
1323 4644 1397 4710 cotia,
1413 4652 1439 4698 ct
1463 4643 1518 4697 bito
1541 4654 1627 4699 oestro
1649 4644 1808 4700 absconditu
1820 4658 1859 4703 cst

257 4736 471 4793 Cousidercums
493 4750 569 4807 ergo,
594 4730 702 4800 batres,
727 4739 847 4803 qttautns
863 4730 899 4786 sit
913 4729 975 4797 istc,
988 4736 1016 4784 et
1064 4747 1125 4786 cum
1137 4731 1243 4788 cbristo
1259 4734 1287 4788 irc
1304 4732 1359 4788 beo
1382 4733 1570 4808 (Colorem).
1592 4736 1685 4807 ltaque
1706 4736 1858 4795 Saltaterit

222 4843 305 4900 otram
321 4838 410 4883 tutum
426 4830 461 4883 sit
476 4844 525 4898 pro
546 4827 606 4896 ipso
621 4840 653 4881 ac
668 4839 731 4880 cum
748 4823 808 4894 ipso
824 4823 963 4893 trarigare,
976 4820 1016 4877 ei·
1065 4826 1153 4883 nostri
1167 4840 1315 4893 memores,
1329 4828 1504 4899 maximeque
1517 4827 1664 4899 passionis,
1680 4837 1708 4883 ct
1719 4830 1859 4900 patientie

221 4936 276 4993 que
290 4919 419 4990 compati,
440 4933 473 4974 ac
495 4916 639 4986 commori,
655 4926 684 4972 ut
701 4931 735 4972 ea
753 4930 815 4986 qtae
832 4914 931 4970 desunt
953 4927 1016 4983 pas-
1059 4917 1163 4987 ·ipsius,
1179 4916 1226 4973 ubi
1250 4919 1399 4974 marleiam
1424 4935 1503 4975 suam
1529 4936 1593 4991 erga
1618 4936 1670 4976 nos
1693 4922 1857 4977 charitatem

221 5015 331 5070 cionem
347 5012 407 5082 eius
423 5011 610 5081 compleamus
623 5009 651 5063 iu
667 5007 755 5075 uobis,
772 5005 904 5062 membris
920 5004 1016 5060 rideli·
1041 5037 1044 5043 .
1065 5009 1195 5077 ostendit,
1209 5009 1381 5080 formamque
1394 5011 1547 5080 pretendit,
1562 5010 1745 5081 ittlutigabiles
1758 5012 1855 5075 simus,

221 5119 264 5165 cet
279 5108 349 5177 ejus.
370 5105 485 5159 Necesse
501 5110 543 5156 est
556 5101 641 5165 cuim,
655 5099 768 5155 onrtrino
783 5098 875 5154 omnia
892 5099 1014 5154 membra
1065 5109 1092 5154 ct
1107 5110 1212 5156 stemus
1229 5102 1383 5157 immobiles
1399 5101 1433 5157 ad
1452 5101 1546 5156 orrtnia
1566 5111 1797 5157 tentamentorum
1813 5118 1856 5173 pc·

221 5203 352 5271 consputi,
378 5199 423 5254 ubi
450 5197 553 5268 patitur
573 5204 656 5264 capnt
680 5215 687 5250 c
706 5205 848 5266 tutumque
872 5195 1014 5251 Cbristrnu
1065 5206 1142 5259 nera,
1158 5193 1225 5250 socii
1240 5196 1399 5264 passionum
1415 5211 1465 5267 pro
1480 5196 1553 5266 ipso,
1568 5203 1598 5249 nt
1612 5195 1739 5250 simuset
1753 5195 1854 5265 glo1iae,

219 5293 289 5365 pati,
315 5299 344 5347 ct
366 5289 494 5361 passione
517 5286 716 5350 eonsmmuari,
737 5293 765 5340 et
790 5287 830 5340 sic
857 5285 960 5339 intrare
981 5284 1013 5339 in
1062 5294 1211 5354 puestnute
1237 5287 1289 5342 boc
1312 5288 1393 5343 nobis
1415 5286 1510 5342 eodem
1535 5287 1605 5357 ipso,
1628 5286 1688 5341 siue
1712 5301 1770 5355 qtro
1790 5283 1855 5339 nibil

221 5383 335 5455 gloriam
349 5396 439 5435 suam.
462 5376 540 5433 llrtde
559 5377 608 5449 qui
634 5393 687 5431 non
709 5377 884 5446 compatitur,
900 5376 1014 5431 omniuo
1063 5388 1222 5445 possumus,
1242 5385 1270 5432 et
1288 5376 1318 5431 in
1343 5392 1398 5447 qun
1421 5379 1514 5432 omnin
1537 5390 1699 5448 possumus,
1721 5374 1773 5445 qui
1792 5388 1852 5430 cnm

220 5490 275 5530 uon
290 5472 478 5544 conregnabit.
494 5470 546 5525 Cui
570 5469 645 5524 rcuti
666 5481 692 5524 et
713 5484 787 5525 utare
799 5468 941 5531 obediunt,
957 5481 1013 5536 quo
1040 5465 1144 5522 :Patre
1164 5475 1192 5521 et
1212 5467 1315 5537 Spiritu
1339 5477 1436 5524 sancto
1458 5469 1523 5524 ririt
1544 5477 1571 5524 et
1594 5475 1691 5540 regnat
1708 5465 1794 5536 bens
1807 5478 1854 5537 per

219 5565 273 5620 nisi
297 5565 480 5634 permittente,
500 5562 579 5631 qnasi
593 5561 793 5625 obdormiente,
814 5575 864 5615 uec
887 5559 1012 5623 interior,
1038 5578 1040 5583 ·
1064 5557 1168 5614 indulta
1183 5558 1292 5615 secula.
1312 5558 1409 5617 Aaron.

220 5668 271 5707 trec
295 5657 425 5721 exterior,
446 5670 496 5709 nec
522 5654 658 5723 superior,
684 5668 734 5707 nec
759 5649 873 5706 inlcrior
897 5650 1013 5704 tentatio
