3892 6067
236 242 305 301 ¹875
470 288 472 293 .
891 230 994 289 issae
1013 230 1058 287 DE
1075 230 1209 287 stulta
1815 230 1880 285 ests

233 361 367 418 naturalis
383 359 512 423 mondus,
530 372 645 413 aureum
672 356 787 415 Saturni
812 354 954 421 saeculum,
977 347 1266 417 atu-Astisnell‘sol.
1283 349 1358 419 tus).
1375 345 1463 404 llouto
1486 346 1560 405 entim
1585 356 1711 418 sumptus
1733 342 1782 403 de'
1810 356 1880 402 tersa

233 469 335 524 reaque
348 462 444 507 catena
460 460 556 521 poetae.
571 449 659 516 Quam
683 465 747 507 cum
769 447 955 504 inobedientia
977 462 1024 502 ru·
1077 458 1126 514 per
1137 450 1275 508 naturam,
1289 455 1373 510 supra
1384 439 1491 497 locatus
1502 439 1690 510 pergratiam,
1706 436 1794 494 inira
1810 439 1881 493 eeti-

232 539 319 608 pisset
331 539 401 593 inter
414 537 541 609 spiritum
561 547 589 594 et
602 537 698 607 Deum,
714 537 936 608 eoncupiscentia
953 537 1025 592 iuter
1078 533 1119 591 dit
1130 533 1309 605 pereulpam.
1325 530 1404 588 Nunc
1422 533 1495 587 enim
1511 531 1615 603 gratias
1634 546 1718 601 agens
1746 530 1824 601 quis
1841 532 1879 587 di·

232 645 343 686 caroam
367 639 394 685 et
415 629 553 700 spiritum,
578 646 611 685 ao
635 629 745 685 dommo
771 627 927 684 maledictio
953 627 1025 682 iuter
1077 627 1139 683 cit:
1169 625 1270 681 Eduxit
1291 641 1331 678 ttae
1345 623 1377 678 de
1398 624 1458 679 luen
1479 624 1606 691 utone,
1618 632 1644 677 et
1665 623 1698 677 tle
1717 623 1789 677 letto
1806 622 1878 692 [aas

233 719 421 789 operationem
441 721 533 776 carnis
557 729 585 775 et
606 719 739 775 muudum
758 718 904 790 :apparuit
933 716 1025 773 soltito
1078 717 1166 790 (Paul.
1180 716 1286 787 xxxta).
1298 714 1393 771 Primo
1406 716 1480 772 enlm
1494 722 1603 772 creatus
1615 714 1648 769 de
1659 713 1880 779 timnsecoodo

232 810 636 881 exordinataqnardamrerum
659 809 763 877 lacios,
786 825 848 881 qnae
867 808 964 877 chaos,
985 816 1026 863 te·
1078 808 1234 866 ereaturde
1250 796 1652 873 luto,etestraltiturdelacis,
1669 805 1717 875 qui
1745 805 1789 861 de
1807 813 1879 859 tem

233 902 334 966 trebrae,
354 911 382 957 ct
406 902 522 974 abyssus
543 902 643 958 merito
664 901 736 957 dieta
758 911 821 957 est:
838 901 910 956 unde
932 909 1025 955 extra·
1076 910 1196 965 ercatos,
1213 900 1240 954 in
1256 897 1422 971 protundum
1439 897 1595 965 cecidit,ae
1617 894 1735 951 lutrdnm
1759 894 1879 951 oooiu·

232 1001 307 1049 ctum
322 1008 352 1048 se
365 993 538 1061 utomorarit,
551 994 597 1064 qni
609 1009 657 1063 per
677 995 794 1065 gratiam
809 1007 880 1049 nova
895 993 923 1047 in
940 988 1024 1047 Cltrl·
1076 994 1160 1049 restit.
1175 992 1298 1064 Alyssos
1314 992 1389 1047 etnim
1413 990 1473 1045 siue
1497 988 1582 1045 londo
1608 987 1796 1059 profunditas
1815 998 1876 1043 est:

233 1095 276 1141 sto
289 1094 414 1143 creatura
425 1087 452 1142 io
468 1101 540 1142 noro
556 1087 659 1142 mnodo
675 1088 793 1158 positus,
809 1085 913 1156 psallit:
931 1083 1024 1149 Quon-
1077 1082 1182 1153 infisus
1197 1099 1269 1145 ausu,
1283 1082 1382 1152 iuquit,
1409 1080 1438 1134 in
1460 1078 1525 1134 limo
1540 1078 1678 1148 profundi,
1703 1086 1730 1133 et
1759 1094 1820 1133 non
1838 1084 1877 1131 est

233 1186 275 1231 tus
290 1178 430 1233 ostendisti
445 1178 510 1231 milti
525 1178 710 1232 tribulationes
727 1177 825 1231 utnltns
846 1185 872 1231 et
890 1176 988 1242 ossius,
999 1184 1024 1229 et
1075 1175 1225 1231 substantie
1240 1172 1327 1246 (Paul.
1343 1190 1428 1232 nxttn
1442 1173 1463 1242 i.

233 1286 372 1326 corruersus
386 1270 529 1339 uiuificasti
542 1286 593 1335 nte,
609 1279 633 1324 et
649 1268 682 1323 de
701 1267 804 1339 ulyssis
818 1277 896 1323 terre
913 1267 1024 1322 renuet:
1143 1314 1150 1323 ,
1346 1267 1447 1322 Drsnnt
1461 1267 1600 1322 nortuullo.

232 1407 1866 1447 m

619 1604 897 1765 ISAAC
953 1611 1081 1763 DE
1125 1608 1494 1765 STELLA

358 1890 653 1986 nrtsrott
691 1892 767 1983 no
805 1893 1104 2001 outtuottt
1146 1891 1525 1985 mntmtttmt
1564 1894 1724 1985 suun

855 2103 947 2218 DE
992 2106 1220 2220 ΑΝΙΜΑ

269 2527 373 2583 lliloeto
396 2541 447 2581 suo
472 2523 599 2581 docuero
624 2522 707 2580 irater
732 2522 821 2591 lstso,
844 2539 884 2590 so,
903 2532 930 2579 et
950 2521 1025 2594 quod
1041 2529 1061 2584 Β
1077 2520 1120 2576 tite
1132 2530 1233 2578 ventas
1248 2522 1275 2577 in
1292 2521 1347 2578 [leo
1358 2531 1410 2579 est.
1426 2521 1456 2576 lo
1468 2522 1560 2579 anima
1574 2525 1684 2595 quidem
1699 2523 1861 2596 statuarios

230 2618 294 2675 situ,
1026 2618 1033 2637 ·
1078 2621 1191 2683 apparet
1206 2612 1314 2685 imaqo;
1331 2613 1358 2668 iu
1371 2629 1485 2686 corpore
1498 2631 1563 2670 uero
1574 2615 1620 2670 rix
1637 2615 1710 2671 illius
1725 2617 1862 2672 invenitor

266 2709 349 2780 Coqis
378 2724 434 2774 ute,
449 2706 637 2772 dilectissime,
666 2707 737 2763 seire
766 2707 840 2779 quod
864 2707 973 2775 neseio;
999 2714 1026 2761 et
1078 2703 1233 2776 vestigium.
1253 2703 1403 2761 Dousvero
1424 2708 1499 2763 solus
1521 2723 1583 2764 sere
1608 2708 1788 2780 simplesest,
1803 2725 1860 2763 eos·

230 2803 304 2874 qood
318 2800 440 2857 nondum
451 2800 533 2857 didici
546 2798 657 2855 docere.
673 2798 720 2855 llis
731 2798 804 2855 enlm
824 2799 936 2855 anobis
959 2799 1026 2854 edo·
1075 2811 1128 2867 pos
1141 2805 1231 2852 autent
1251 2810 1333 2852 omno
1348 2813 1411 2852 tere
1425 2799 1618 2867 compositum,
1641 2801 1734 2855 aniona
1762 2804 1860 2856 tramut-

230 2894 286 2950 euri
299 2893 447 2959 deanima,
464 2892 512 2947 scd
526 2906 615 2962 neque
626 2891 653 2947 id
665 2890 740 2963 quod
751 2891 779 2947 in
795 2891 896 2948 (livinis
913 2890 1024 2947 litteris
1077 2904 1131 2958 qne
1147 2897 1270 2959 respectu
1286 2890 1498 2960 utruntqncdici
1521 2898 1621 2961 potest.
1643 2892 1699 2948 Ant
1718 2894 1742 2947 si
1754 2892 1859 2964 aliquod

230 2984 389 3049 didicimus,
405 2982 432 3037 id
446 2990 490 3037 ost
502 2981 595 3052 qualis
621 2980 704 3038 luerit
722 2992 786 3038 ante
804 2991 959 3053 peecatum,
977 2989 1025 3036 aut
1076 2994 1177 3050 corpus
1193 2980 1319 3051 simplex,
1334 2981 1425 3035 auium
1439 2981 1533 3053 utique
1548 2984 1779 3056 simpliciumque
1789 2986 1858 3039 omni

229 3075 268 3129 sit
282 3074 333 3130 sub
349 3081 473 3144 peceato,
488 3080 536 3128 aut
550 3069 642 3127 lutura
663 3081 725 3143 post
747 3082 907 3143 peecatum:
928 3073 976 3127 sed
990 3071 1025 3128 de
1076 3084 1192 3140 corpore
1218 3071 1344 3141 superior
1361 3089 1368 3125 ε
1383 3070 1454 3127 Deus
1480 3087 1546 3127 tero
1571 3072 1804 3145 sintplicissimos,
1816 3076 1858 3145 qni

229 3167 290 3236 ejus
303 3164 424 3222 essentia
440 3173 468 3219 et
488 3163 605 3230 uiribus,
626 3163 766 3234 quomodo
781 3164 818 3219 sit
846 3164 873 3218 iu
896 3178 1022 3234 corpore,
1075 3172 1103 3217 ct
1116 3179 1252 3219 sutttmus.
1816 3186 1820 3191 ·

228 3258 272 3313 rel
284 3257 424 3329 quomodo
439 3265 530 3323 exeat,
543 3265 571 3312 et
585 3265 683 3311 catera
698 3272 760 3327 quae
772 3271 827 3311 non
842 3256 957 3324 scimus,
973 3272 1023 3313 nnec
1112 3251 1181 3309 llino
1196 3262 1238 3310 est
1251 3269 1316 3325 erqo
1331 3257 1403 3326 quod
1419 3256 1490 3314 Dorus
1507 3260 1599 3314 omnia
1616 3274 1677 3330 qnae
1699 3259 1787 3325 natet,
1803 3260 1859 3315 luae

229 3351 337 3408 nescire
351 3366 401 3408 nos
417 3350 496 3416 sinis,
515 3359 601 3419 tuque
612 3365 708 3405 rerum
725 3348 872 3415 fateamur,
889 3349 916 3404 id
932 3349 1022 3420 ipsum
1074 3353 1126 3409 est,
1139 3346 1186 3414 qul
1198 3344 1291 3400 otnoia
1309 3362 1359 3401 sua
1383 3355 1435 3402 est.
1458 3347 1566 3417 Corpus
1589 3363 1655 3403 nero
1675 3348 1740 3401 oiltil
1759 3362 1857 3402 eorum

229 3442 303 3511 quod
319 3457 334 3495 a
349 3441 430 3495 nobis
442 3441 469 3494 in
483 3440 628 3495 collatione
645 3439 807 3504 audistine
822 3439 894 3509 quod
914 3438 1022 3493 anima·
1074 3452 1135 3507 quae
1150 3437 1241 3502 ltabet,
1253 3452 1315 3494 esse
1326 3446 1425 3508 potest,
1441 3440 1514 3509 quod
1532 3440 1600 3495 nihil
1622 3440 1730 3496 omuino
1745 3456 1857 3497 suorum

229 3532 269 3588 ris
283 3530 387 3602 aliquid
400 3531 519 3599 atupllus
545 3543 666 3599 sperare,
692 3529 758 3583 dum
784 3536 950 3584 attentantes
972 3528 1023 3584 olt-
1074 3543 1118 3590 ost
1130 3552 1138 3588 ι
1152 3533 1245 3589 anima
1260 3545 1352 3590 auum
1366 3546 1495 3607 neutonam
1512 3535 1584 3592 iuter
1603 3537 1654 3591 ltas
1673 3544 1787 3592 naturas
1805 3550 1857 3591 soe

230 3634 382 3692 temperate
398 3619 525 3690 precibus
539 3619 604 3685 tuis,
621 3619 648 3674 lo
669 3619 697 3675 id
709 3618 891 3685 intendimus,
910 3634 926 3675 a
942 3619 1023 3677 notris
1074 3624 1129 3690 dio,
1147 3623 1236 3680 medie
1261 3633 1410 3695 temperata
1431 3634 1484 3691 est,
1499 3635 1530 3681 ut
1552 3638 1580 3682 et
1607 3627 1732 3699 quaedam
1750 3644 1856 3683 suetont

229 3713 474 3781 dalimannum,
494 3721 522 3768 ot
545 3712 752 3784 quonammodo
776 3712 925 3768 evanescit.
943 3709 1023 3768 Unde
1074 3713 1121 3779 sit,
1137 3723 1165 3769 et
1180 3714 1243 3771 inde
1270 3714 1386 3785 simplex
1400 3733 1408 3782 ;
1421 3725 1448 3771 et
1463 3715 1589 3787 quadam
1605 3719 1719 3774 omniuo
1742 3736 1798 3775 stou
1816 3720 1856 3779 st,

229 3807 295 3862 etio
309 3806 361 3862 hoe
379 3806 439 3876 ipso
454 3804 588 3861 dist-irnus
613 3803 735 3860 atumem
752 3813 875 3881 nostram
897 3821 959 3860 enm
980 3804 1024 3860 di·
1074 3816 1101 3859 et
1115 3804 1178 3860 inde
1191 3819 1244 3860 uon
1256 3821 1319 3861 uere
1334 3806 1449 3878 simplas
1464 3808 1631 3864 inveniatur.
1647 3808 1686 3865 Ut
1710 3820 1805 3867 autom
1827 3809 1856 3865 nl

228 3899 294 3954 rina
309 3908 408 3952 natura
427 3896 573 3967 plutnttam
597 3911 692 3967 gerere
712 3892 940 3962 similitudinem,
960 3876 1060 3965 quaec
1075 3894 1142 3951 certi
1154 3894 1258 3966 aliquid
1276 3895 1394 3967 ligemus
1406 3896 1583 3964 sententiam,
1597 3896 1671 3955 Deus
1686 3914 1739 3955 uec
1752 3901 1858 3971 qualite

230 3990 388 4060 improbum
401 3996 583 4044 scrutatorem
598 3987 642 4042 sui
656 3986 780 4058 reprimit
792 3986 888 4042 dicens
905 4004 912 4040 ι
927 3985 1023 4040 Auente
1074 3996 1141 4055 tem,
1157 4001 1207 4042 neo
1218 3988 1400 4057 quantitatem
1414 3989 1508 4044 habet.
1523 3987 1592 4045 Nam
1607 4005 1670 4046 ento
1681 3991 1785 4048 dieitur
1797 4006 1857 4063 qus·

229 4079 321 4135 oeulos
337 4091 397 4134 tuos
412 4095 428 4131 o
442 4093 492 4142 ure,
505 4078 629 4147 quotenne
643 4077 695 4147 ipsi
713 4092 754 4131 ote
772 4075 879 4131 ooolure
904 4075 1022 4145 fecerunt
1074 4079 1120 4146 lis,
1134 4088 1182 4134 aut
1195 4088 1328 4149 quantus,
1347 4095 1402 4135 nou
1427 4081 1500 4137 aliud
1517 4098 1599 4153 qnam
1624 4083 1691 4152 quid
1714 4085 1763 4151 sit,
1779 4086 1812 4141 de
1830 4098 1857 4138 en

230 4170 322 4241 (Cant.
335 4171 384 4241 τι).
395 4168 458 4225 Tria
473 4169 567 4240 itaque
581 4178 655 4236 sunt,
671 4184 783 4241 eorpus,
793 4168 885 4223 atsima
897 4177 925 4224 ot
938 4166 1020 4225 Dens.
1073 4172 1246 4242 praedicatur.
1273 4172 1381 4246 Corpus
1406 4189 1471 4231 vero
1494 4185 1641 4249 utrumque
1665 4177 1787 4245 habetts,
1798 4194 1858 4234 neo

230 4263 284 4318 Sed
301 4263 400 4317 lterum
425 4275 468 4315 mc
490 4258 578 4315 fateor
598 4260 725 4330 igttorare
742 4259 901 4326 essentiam,
919 4260 1023 4317 minus·
1075 4273 1148 4321 trum
1163 4274 1216 4324 est.
1233 4267 1332 4323 Attima
1346 4281 1398 4323 uec
1409 4268 1591 4339 quantitatem
1613 4269 1709 4336 habu,
1729 4273 1797 4342 qoia
1812 4286 1857 4325 oon

228 4371 283 4426 que
297 4354 362 4424 quid
374 4368 485 4423 corpus,
498 4367 582 4423 quam
594 4351 660 4422 qnid
673 4352 783 4419 anima;
799 4352 903 4424 etquid
916 4353 1021 4419 anima,
1074 4367 1116 4413 est
1131 4372 1251 4429 eorpus;
1268 4373 1318 4414 nee
1332 4359 1465 4428 qualitate
1483 4362 1641 4432 caret,quia
1655 4376 1712 4417 uon
1726 4373 1773 4418 est
1785 4363 1857 4420 licus

229 4462 313 4518 rqttmn
336 4446 402 4517 quid
425 4445 462 4500 sit
485 4443 571 4511 Deus,
585 4444 746 4516 intelligere.
761 4443 817 4500 Sed
835 4446 888 4501 ltoe
903 4444 1022 4503 tortasse
1074 4448 1180 4506 llalsere
1196 4459 1287 4506 umen
1301 4451 1495 4523 quantitatem,
1511 4452 1534 4509 si
1550 4468 1667 4525 usquam
1682 4453 1797 4520 dicitnr,
1812 4457 1859 4513 sire

228 4540 385 4604 ntiralteris,
411 4548 438 4594 et
462 4547 535 4593 osto.
558 4536 752 4593 Verumtamen
779 4539 807 4593 in
830 4539 883 4595 ltoe
906 4553 1021 4609 corpure
1073 4551 1176 4614 partes,
1190 4543 1298 4597 tatione
1317 4542 1410 4613 potins
1424 4542 1628 4611 similitudinis,
1647 4559 1733 4614 quam
1755 4546 1860 4601 veritate

228 4630 302 4700 quod
315 4629 511 4708 corrumpitur,
527 4638 695 4700 aegrotatur
714 4631 828 4698 anima;
844 4631 890 4686 ulti
913 4640 941 4686 et
963 4640 1020 4686 ter·
1074 4633 1284 4707 compositionis
1299 4632 1505 4706 intelligendum
1520 4641 1573 4690 est.
1592 4632 1680 4691 ilabet
1701 4636 1779 4691 eoiot
1796 4638 1860 4693 viru

228 4736 297 4775 reno
316 4720 479 4776 inhabitatio
492 4735 604 4776 sensum
631 4721 658 4775 iu
678 4721 733 4777 ima
756 4722 895 4793 deprimit,
912 4733 940 4779 et
963 4732 1021 4780 tor·
1075 4728 1132 4784 sive
1145 4728 1284 4798 potentius
1305 4727 1456 4791 naturales,
1472 4728 1625 4785 secundum
1640 4744 1710 4800 quas
1733 4731 1861 4787 virtuales

228 4814 288 4869 reni
304 4822 381 4869 attus
394 4815 612 4886 moribundaque
625 4816 748 4871 meutltra
760 4816 815 4871 vim
828 4817 957 4874 hebetant
970 4819 1020 4874 dc·
1074 4833 1122 4875 sen
1135 4817 1299 4889 potentiales
1316 4817 1417 4874 dicitur
1428 4817 1530 4875 habere
1543 4829 1646 4890 partes,
1660 4820 1734 4875 siout
1744 4832 1816 4875 snut
1827 4820 1862 4874 in·

227 4920 352 4978 pressam
366 4907 472 4977 agentis
482 4908 592 4963 anitum.
608 4906 804 4964 Praedictorum
817 4910 909 4982 itaque
925 4911 1019 4979 trium,
1073 4910 1196 4981 genium,
1207 4907 1290 4977 ratio,
1303 4908 1453 4975 ntemot·ia;
1474 4923 1537 4978 quae
1559 4908 1584 4963 si
1608 4923 1678 4963 senc
1690 4916 1758 4963 suot
1768 4911 1862 4965 snioa

228 4998 348 5069 primurn
364 4996 487 5055 occurrit
510 4998 600 5069 ipsunt
618 5014 719 5070 eorpus
744 5000 820 5070 quod
843 5015 955 5058 trecesse
978 5009 1021 5056 est
1073 5001 1330 5073 partessecundom
1346 5000 1539 5071 quantitatem,
1552 5011 1581 5055 et
1602 4999 1708 5056 animas
1733 5015 1784 5056 eas
1807 5014 1862 5059 este

229 5084 380 5147 obscurum
395 5091 473 5147 alteo
487 5089 635 5146 obscurata
652 5107 708 5148 noo
724 5091 777 5148 nisi
791 5092 908 5149 obscure
919 5093 1019 5164 videat,
1074 5107 1188 5150 necesse
1202 5101 1261 5160 est;
1278 5102 1305 5147 ct
1322 5099 1390 5163 quot
1404 5090 1517 5147 habebit
1531 5099 1634 5162 partes,
1650 5104 1686 5146 ex
1703 5098 1746 5147 tot
1759 5091 1862 5147 anima·

227 5192 435 5254 qumtoantero
452 5183 487 5238 ab
500 5185 551 5239 Ιιοτ.
570 5185 719 5240 tenemoso
733 5185 811 5242 [nuto
824 5187 908 5242 altius
919 5202 1020 5259 crepo·
1037 5184 1126 5281 „¹³⁰⁵
1148 5194 1275 5243 constare
1295 5200 1355 5241 eam
1376 5199 1473 5239 norunt
1497 5185 1559 5240 erit.
1578 5182 1673 5240 Omnis
1698 5184 1776 5239 enim
1806 5198 1862 5257 pars

226 5274 307 5338 sarit,
324 5274 465 5345 limpidius
487 5274 582 5344 utiquc
606 5273 718 5330 uidebit.
739 5273 818 5331 Unde
845 5285 872 5332 et
898 5277 1019 5332 animam
1073 5279 1196 5351 ejusdem
1227 5288 1332 5336 natnrae
1357 5278 1496 5334 inuenitur
1520 5293 1585 5334 cum
1610 5292 1661 5333 atto
1685 5284 1755 5333 toto.
1770 5276 1862 5334 omno

227 5365 329 5434 ipsam,
345 5372 449 5436 quanto
474 5365 629 5422 isnelleetns
650 5366 777 5437 superior
804 5375 831 5423 et
856 5368 952 5438 purior
977 5377 1020 5426 cst
1073 5373 1175 5444 quippe
1187 5386 1252 5443 pars
1265 5370 1390 5441 corporis
1412 5384 1514 5440 corpus
1535 5378 1588 5426 est.
1606 5365 1685 5423 Unde
1704 5376 1732 5423 et
1754 5380 1860 5424 omnen

227 5472 322 5524 sensu,
338 5457 599 5516 clariusaerertius
612 5458 706 5516 ridere
727 5474 812 5532 quam
836 5476 948 5532 eorpus,
971 5477 1020 5518 uc·
1072 5474 1180 5530 partem
1197 5463 1307 5531 anima,
1319 5462 1342 5518 sl
1354 5460 1555 5534 quantitativas
1578 5458 1661 5517 habet
1680 5466 1789 5530 partes,
1810 5458 1860 5515 ani

227 5558 372 5616 comesse,
392 5560 419 5606 et
439 5550 527 5622 ipsum
540 5551 639 5619 Deum,
654 5568 737 5623 qnam
760 5552 892 5620 auiotam,
914 5562 1019 5625 quanto
1072 5572 1147 5614 mant
1164 5571 1226 5613 esse
1244 5555 1337 5622 aliam,
1352 5553 1509 5611 necessario
1520 5552 1702 5611 convincitur.
1717 5548 1793 5607 Cum
1818 5552 1860 5623 iqi-

228 5636 408 5711 iotclligentia
421 5653 532 5704 ortestat
550 5644 709 5705 intellectui.
724 5644 822 5705 Omnis
837 5648 910 5706 euim
925 5664 1019 5706 essen·
1075 5659 1118 5707 tur
1133 5648 1232 5706 anima
1245 5648 1301 5705 siut
1312 5656 1414 5719 partes,
1428 5655 1455 5703 ct
1467 5644 1660 5704 connaturales
1679 5643 1806 5715 quidese,
1821 5645 1858 5701 io·
