3892 6067
172 261 208 320 dt
439 252 595 314 nunnoni
612 247 808 307 Pnurustrt
825 241 1105 302 llElCllllllSl‘EllG.
1125 238 1306 299 donnana.
1324 237 1358 295 tn
1377 236 1551 297 PSALMOS.
1696 279 1698 283 .
1773 241 1811 297 68

176 386 232 444 tur,
243 372 284 431 rel
294 382 325 430 ut
338 376 538 445 persequantur
548 368 649 424 eleetos
661 375 724 421 tuos
741 382 749 420 ι
763 370 791 418 et
808 377 902 418 sonam
913 360 965 430 tiu·
980 374 1004 431 q
1017 357 1066 412 tes.
1087 355 1156 411 cun
1171 355 1244 411 enim
1258 369 1399 425 permane
1414 354 1593 425 prosperitas,
1608 369 1636 410 et
1648 369 1699 426 per
1711 371 1809 427 vespe-

170 478 260 524 ctutmt
281 464 339 534 ejus
354 462 458 517 erdtas
478 468 507 515 et
520 458 600 515 sedas
612 465 694 527 prout
708 455 760 521 vis,
773 452 962 511 arescentibus

169 557 328 614 bominibus
353 569 410 624 prae
432 550 595 608 confusione
625 550 734 604 sonitus
755 546 841 602 maris
864 553 891 600 et
909 543 963 600 llu-

170 661 283 713 rtuum;
304 647 446 717 discipulis
474 653 565 699 autem
595 642 661 706 tuis,
675 656 739 697 oum
761 638 878 695 viderint
906 637 963 691 lraec

170 741 240 807 ileri,
256 741 289 796 ad
302 747 330 794 te
342 736 551 809 respicientibus
566 750 598 790 ae
613 732 767 788 levantibus
779 731 885 802 capita,
894 743 964 799 qno·

171 834 244 889 niam
267 831 469 902 appropinquat
491 826 642 896 redemptio
662 825 716 879 illis
738 840 755 879 a
776 819 963 892 repromissa.

171 923 313 981 levabunt
325 925 424 992 capita,
439 920 519 975 idest
543 916 735 973 exhilarabunt
744 913 965 978 corda,scientes

171 1020 235 1086 post
250 1015 358 1068 brevem
379 1017 578 1080 tempestatem,
595 1015 751 1062 secuturam
765 1003 866 1074 quietis
885 1011 966 1057 aeter·

171 1120 214 1159 nae
233 1104 468 1173 tranquillitatem.
490 1100 549 1155 ntia
569 1096 713 1154 translatio
729 1097 811 1151 babet
832 1113 839 1149 :
866 1092 966 1149 Senum

171 1195 229 1265 ejus
246 1196 305 1265 quis
321 1194 456 1263 sufferet-‚⁹
470 1193 494 1247 id
510 1203 551 1247 est
566 1189 629 1261 quis
644 1186 874 1244 sustinebitillam
887 1198 966 1241 com·

173 1286 342 1345 motionem?
359 1285 426 1340 ll'ere
441 1284 533 1339 nullus
551 1283 652 1336 virtute
672 1282 803 1343 taumatia,
816 1276 863 1332 scd
876 1277 967 1346 plures

172 1378 274 1433 virtute
290 1386 337 1433 tua
360 1377 431 1447 :qui
453 1389 592 1446 praeparas
612 1372 762 1428 montesio
787 1371 887 1424 virtute
908 1378 966 1436 tna,

173 1478 281 1523 montes·
294 1468 375 1533 altos,
388 1482 458 1537 quos
472 1464 666 1520 transcendere
681 1477 736 1516 non
754 1461 845 1516 valent
855 1459 968 1515 mirabi-

1014 465 1072 503 ram
1091 456 1200 503 notetur
1210 447 1382 512 adversitas3
1405 446 1442 501 ita
1457 458 1538 501 crunt
1554 446 1808 517 imperturbabilea,

1016 549 1045 595 ut
1059 539 1212 594 alternante
1227 554 1257 593 se
1276 554 1367 593 rerum
1383 537 1583 602 vicissitudine,
1600 537 1656 593 sint
1679 519 1727 594 eis=
1738 539 1812 595 deie-

1015 631 1127 687 ctabiles
1150 631 1240 685 exitus
1263 630 1404 685 matutine
1427 628 1617 699 prosperitatis
1633 629 1661 684 in
1675 632 1811 701 vesperti-

1015 739 1066 778 nas
1082 722 1279 789 adversitates;
1297 727 1407 792 quando
1427 721 1456 775 in
1482 721 1568 777 altero
1583 717 1810 794 peregrinationis

1016 815 1099 885 hujus
1119 815 1345 881 consolationem,
1365 813 1393 867 io
1416 813 1502 868 altero
1517 814 1559 869 sui
1576 822 1722 884 provectus
1736 814 1812 869 inve·

1016 906 1094 961 nient
1106 906 1340 961 exercitationem.
1364 903 1458 975 ltaque
1473 905 1539 959 dum
1555 905 1654 962 crebro
1669 903 1740 960 liunt
1753 906 1811 960 exi·

1017 1004 1061 1054 tus
1077 998 1204 1053 matutini
1216 998 1243 1051 in
1259 1012 1413 1068 vesperam,
1427 1006 1454 1052 et
1469 1011 1485 1051 e
1500 1011 1635 1053 converso
1647 1012 1770 1068 resperae
1783 998 1811 1053 in

1017 1089 1193 1153 matutinum,
1210 1096 1308 1142 neutra
1322 1102 1366 1142 res
1393 1086 1447 1141 illis
1467 1087 1632 1157 displicebit,
1647 1088 1695 1143 sed
1711 1088 1738 1142 in
1751 1103 1813 1143 orn·

1019 1178 1099 1234 niirus
1114 1179 1214 1250 gratias
1231 1185 1321 1248 agent,
1347 1177 1482 1247 praecipue
1507 1179 1619 1248 quando
1641 1180 1756 1234 sentient
1777 1194 1812 1233 ex

1020 1277 1065 1324 tua
1080 1268 1152 1325 Deus
1164 1269 1337 1325 ordinatione
1353 1268 1405 1323 sibi
1420 1284 1561 1339 vesperam
1578 1256 1690 1324 Sa'bbati
1706 1285 1759 1323 non
1773 1277 1813 1324 te·-

1019 1361 1180 1417 nebrescure
1203 1363 1231 1416 iu
1249 1371 1357 1417 noctem
1376 1362 1534 1428 obscuram,
1557 1362 1604 1417 sed
1627 1362 1764 1417 lucescere
1784 1359 1811 1415 iu

1020 1452 1107 1521 prima
1134 1450 1257 1520 Sabbati,
1278 1454 1374 1523 procui
1396 1454 1507 1509 exclusa
1532 1464 1611 1509 nocte
1635 1452 1734 1509 iliade
1757 1467 1813 1522 qua

174 1558 214 1615 les
232 1558 365 1614 elationes
388 1556 484 1620 maris,
509 1543 619 1620 montes
632 1553 786 1608 immobiles
811 1553 845 1606 de
869 1550 969 1620 quibus
1020 1543 1116 1598 beatus
1129 1541 1181 1598 iob
1196 1555 1297 1616 rogat:
1316 1565 1326 1598 ι
1344 1544 1571 1615 recomparans
1587 1545 1813 1614 indiebusanrri,

173 1651 250 1706 dicas
268 1649 347 1714 rnari,
364 1665 374 1699 r
392 1646 452 1703 llue
468 1660 556 1715 usque
575 1645 678 1711 venies,
692 1652 719 1698 et
743 1642 789 1698 hic
813 1639 970 1713 confringes
1021 1641 1072 1691 nec
1093 1647 1251 1692 rnrmeretur
1275 1638 1302 1692 in
1325 1637 1483 1704 mensibus;
1501 1636 1549 1694 sed
1573 1637 1609 1693 sit
1626 1638 1748 1694 solitaria
1763 1653 1816 1694 nec

174 1746 311 1794 tumentes
325 1737 423 1792 lluctus
437 1745 500 1791 tuos
513 1733 701 1804 (totarum,
713 1732 770 1801 ll).
791 1730 883 1784 »lton
896 1733 969 1785 enim
985 1722 1101 1783 Blande
1120 1728 1212 1798 digna.
1238 1727 1350 1784 Noctem
1373 1749 1382 1782 r
1404 1729 1504 1800 inquit,
1520 1747 1531 1781 r
1556 1730 1629 1784 iilam
1653 1733 1816 1788 tenebrosus

174 1836 291 1882 oernunt
304 1826 451 1881 idololatrae
466 1833 570 1895 gentes,
582 1823 624 1877 vel
635 1822 716 1878 etiarn
730 1820 790 1875 iaisi
805 1820 970 1888 Cirristiani,
1022 1820 1102 1876 turbo
1113 1821 1251 1892 possideat
1267 1830 1423 1892 :exspectet
1438 1823 1526 1878 lucern
1541 1831 1569 1879 et
1584 1837 1639 1878 non
1655 1825 1754 1892 videat,
1764 1840 1816 1881 nec
1845 1803 1849 1814 ,

173 1929 308 1973 creaturae
336 1917 524 1987 potiusquam
540 1914 677 1980 Creatori,
695 1928 859 1968 mammonae
880 1913 972 1983 postus
1023 1921 1111 1967 ortum
1131 1912 1269 1983 surgentis
1297 1928 1405 1968 aurorae
1428 1912 1489 1983 (tot
1505 1913 1681 1987 rrr,6,i,9).
1698 1913 1818 1987 »ltaque

175 2023 258 2077 quam
271 2008 330 2073 tibi,
344 2006 483 2072 lleovero,
494 2007 654 2068 servientes,
664 2005 881 2059 immobilitatem
890 2005 971 2058 simul
1022 2003 1056 2058 de
1071 2012 1149 2059 rrocte
1162 2004 1208 2058 illa
1222 2005 1311 2059 exitus
1325 2020 1380 2060 non
1395 2006 1447 2060 erit
1457 2005 1485 2059 iu
1498 2005 1675 2072 matutinum,
1689 2022 1750 2063 ruae
1760 2023 1817 2062 uon

176 2112 258 2168 atque
273 2098 462 2154 celsitudinem
484 2098 600 2153 turrium
616 2105 718 2152 sanctae
733 2096 852 2150 civitatis
871 2096 972 2150 lunda·
1023 2106 1066 2151 est
1080 2098 1172 2150 visura
1191 2105 1281 2151 ortum
1294 2098 1432 2168 surgentis
1448 2113 1565 2154 aurorae.

177 2199 211 2245 tae
222 2191 248 2244 in
266 2191 405 2246 montibus
420 2190 533 2256 sanctis,
546 2190 580 2244 ad
593 2203 675 2259 quam
692 2196 857 2243 revertentes
869 2188 903 2243 de
916 2187 971 2242 Ba·
1057 2186 1101 2243 ct.
1119 2186 1193 2244 Talis
1208 2204 1264 2244 nor
1280 2188 1332 2243 luit
1346 2187 1423 2244 iudae
1435 2190 1560 2245 traditori
1577 2191 1632 2246 :de
1645 2207 1701 2260 quo
1716 2193 1819 2264 legitur

177 2282 275 2353 bylone
293 2283 366 2336 cives
386 2282 458 2337 beati
483 2296 557 2335 nunc
573 2279 706 2349 incipiunt
721 2279 867 2347 proticisci,
882 2293 972 2349 quan·
1023 2280 1089 2350 quia
1104 2295 1166 2335 cum
1181 2281 1331 2349 accepisset
1342 2280 1375 2335 de
1388 2296 1470 2335 manu
1484 2280 1587 2336 Christi
1601 2283 1761 2349 buccellam,
1774 2285 1819 2338 in·

177 2373 277 2443 doque.
292 2370 408 2426 feliciter
422 2371 587 2441 perventuri.
613 2368 653 2423 Ex
678 2370 725 2424 tali
752 2370 973 2426 consideratione
1023 2372 1117 2426 troivit
1133 2372 1160 2426 in
1184 2371 1260 2427 illurn
1278 2370 1405 2439 Satanas,
1421 2382 1449 2428 et
1472 2374 1558 2428 exirit
1582 2377 1725 2431 continuo.
1751 2375 1820 2432 Erat

177 2462 363 2517 turbabuntur
387 2462 454 2532 ipsae
480 2461 574 2531 gentes
597 2460 746 2531 aliquanta
771 2475 819 2530 per
846 2461 972 2516 timorem
1026 2472 1118 2517 autem
1141 2479 1205 2517 nox.
1223 2462 1261 2518 be
1276 2463 1328 2518 liae
1343 2473 1423 2519 nocte
1440 2465 1555 2520 nimium
1568 2467 1712 2522 tenebrosa
1726 2468 1820 2524 nullus

177 2553 315 2619 servitem,
331 2554 405 2608 sieut
419 2568 482 2624 rege
499 2552 619 2608 civitatis
647 2552 730 2622 liuius
745 2563 809 2607 nato
822 2560 849 2607 et
863 2553 973 2624 regibus
1023 2553 1048 2606 ei
1070 2551 1121 2608 luit
1136 2555 1226 2610 exitus
1247 2555 1274 2608 in
1291 2554 1378 2610 lucem
1401 2556 1575 2623 matutinam,
1593 2559 1657 2627 quia
1684 2559 1739 2613 ndo
1763 2559 1821 2630 egit

178 2645 359 2699 orientalibus
377 2644 559 2710 manifestato,
585 2658 633 2698 rex
649 2642 770 2698 Herodes
781 2643 908 2700 turbatus
918 2652 972 2712 est,
1025 2641 1194 2699 fructuosam
1221 2645 1418 2714 pertinentiam,
1447 2647 1511 2702 licet
1535 2648 1694 2717 poerritcntra
1718 2654 1822 2710 ductus

178 2745 205 2792 et
219 2735 310 2791 omnis
329 2734 651 2807 lerosolymaeumi1103
670 2735 817 2806 aliquantae
831 2751 879 2805 per
890 2736 973 2813 timo·
1025 2735 1118 2790 retulit
1138 2745 1283 2806 argenteos
1303 2737 1373 2793 male
1391 2748 1529 2809 acceptos,
1545 2739 1641 2796 dicens
1654 2760 1661 2797 :
1676 2761 1686 2794 r
1703 2741 1822 2802 Peccavi

179 2840 238 2882 rem
256 2827 366 2880 iliialern
385 2843 392 2880 ι
407 2827 547 2896 quomodo
569 2827 685 2895 apostoli
699 2826 855 2881 conturbati
871 2834 975 2881 suntet
1025 2828 1134 2883 tradens
1145 2828 1304 2895 sanquinem
1317 2829 1422 2900 justum
1439 2830 1548 2902 (Marti.
1567 2835 1732 2905 serinii.»
1752 2834 1821 2893 Sera

153 2907 331 2985 Ιυοιιιιιιιίιί,
349 2919 540 2974 existimantes
561 2929 623 2990 post
651 2919 880 2974 resurrectionem
902 2920 975 2990 regis
1025 2918 1106 2974 nimis
1127 2918 1179 2973 luit
1205 2919 1262 2974 baec
1278 2921 1436 2988 poenitentia
1460 2939 1511 2979 nee
1531 2923 1612 2980 laude
1637 2927 1737 2996 digna;
1753 2930 1822 2999 quia

180 3009 272 3078 liujus,
286 3025 340 3064 nou
357 3023 457 3079 corpus
469 3008 690 3074 ressuscitatum,
705 3007 754 3064 sed
769 3007 858 3063 solum
874 3024 903 3064 se
919 3009 975 3079 spi·

181 3102 264 3158 ritrrm
277 3101 383 3155 ridere!

216 3194 311 3250 llillll.
332 3193 426 3264 Neque
436 3194 509 3248 enim
526 3209 611 3264 parva
629 3202 672 3250 est
685 3193 901 3250 conturbationis
911 3208 976 3250 cau-

181 3301 233 3352 sa,
258 3301 322 3341 cum
347 3285 406 3341 sola
433 3285 504 3356 regis
527 3286 611 3356 hujus
639 3279 814 3341 existimatur
844 3286 976 3357 spiritalis

182 3379 278 3433 adesse
291 3376 443 3450 presentia
453 3376 512 3431 suis
528 3376 680 3447 discipulis,
705 3393 760 3431 non
775 3378 856 3436 ctiam
880 3392 978 3448 corpo-

183 3470 258 3526 ralis.
274 3468 397 3536 Qrtorum
415 3469 621 3524 conturbationi
643 3481 706 3541 apt-e
719 3471 891 3536 subvenitur,
914 3487 976 3527 cunr

183 3577 213 3617 se
224 3575 280 3616 tion
292 3560 381 3615 solum
391 3559 550 3627 videndum,
566 3560 706 3616 sedetiam
732 3560 896 3631 palpandum
908 3576 979 3631 prae·

184 3650 320 3708 betlesus
338 3652 467 3707 sacerdos
482 3667 609 3722 magnus,
634 3653 662 3706 ia
680 3653 868 3708 sacerdotibus
883 3653 979 3709 catho-

183 3744 246 3800 licis
259 3742 401 3797 visibiliter
413 3751 439 3797 ιι
450 3744 629 3812 corporaliter
640 3743 726 3814 gloria
739 3752 766 3798 ct
781 3744 886 3799 bonore
900 3759 980 3801 eoro-

185 3835 268 3900 natis,
289 3833 449 3904 ceterisque
468 3834 575 3889 dilectis
589 3845 615 3890 et
634 3836 739 3901 clectis,
754 3835 855 3905 quibus
869 3851 918 3906 per
933 3850 979 3891 ve-

185 3941 244 3982 ram
261 3925 450 3996 poenitentiam
474 3926 637 3981 vestimenta
660 3926 770 3983 sordida
795 3928 978 3996 spinableta,

1026 3025 1080 3065 non
1101 3021 1156 3064 tarn
1172 3009 1223 3066 init
1234 3012 1268 3066 de
1278 3012 1400 3067 admisso
1415 3024 1536 3083 peccato,
1554 3033 1636 3087 qoam
1651 3019 1685 3074 de
1699 3018 1823 3076 infatua-

1030 3108 1058 3154 to
1068 3102 1128 3170 ejus
1142 3104 1269 3158 consilio.
1290 3102 1435 3169 Quomodo
1450 3107 1523 3160 enim
1535 3109 1721 3177 praeambulus
1732 3111 1823 3182 ipsius

1027 3189 1190 3263 ilclntoplrel
1214 3196 1335 3265 seipsum
1358 3195 1459 3265 laqueo
1483 3200 1625 3270 suspendit
1650 3201 1726 3272 gravi
1751 3219 1825 3259 con·
1896 3215 1898 3221 '

1028 3284 1142 3338 scientia
1163 3292 1270 3350 tortus,
1294 3288 1416 3357 eoquod
1443 3288 1578 3349 infatuato
1597 3291 1684 3362 ipsius
1705 3293 1824 3350 eovrsilio

1027 3377 1160 3443 pernovit
1177 3386 1354 3446 regnaturum
1370 3377 1465 3448 David,
1488 3382 1568 3452 cujus
1585 3400 1669 3454 regno
1689 3393 1716 3439 et
1729 3386 1825 3456 gloriae

1029 3465 1144 3528 invidit;
1166 3469 1252 3523 sicet
1273 3468 1359 3527 indas
1379 3483 1515 3528 mercator
1537 3477 1694 3545 pessimus,
1718 3475 1825 3538 ciniso

1028 3572 1112 3628 regno
1127 3571 1154 3614 et
1167 3561 1398 3632 gloriarentur,
1410 3573 1493 3636 atque
1513 3569 1609 3623 orliens
1624 3569 1745 3625 ildelinm
1762 3571 1824 3627 dis·

1029 3650 1181 3720 cipulorum
1201 3654 1275 3724 piram
1292 3670 1413 3722 sensum,
1429 3671 1567 3728 perquem
1582 3675 1662 3716 suum
1675 3662 1824 3720 consilium

1030 3743 1117 3811 patuit
1131 3759 1191 3798 esse
1211 3743 1328 3811 fatuum,
1343 3746 1410 3801 duro
1428 3749 1520 3805 nullus
1534 3765 1630 3806 eorum
1649 3755 1763 3809 sentiret
1777 3771 1827 3811 se·

1031 3846 1112 3897 euru,
1136 3821 1262 3901 qu'aurvis
1285 3835 1410 3904 exemplo
1434 3835 1537 3892 Cbusai
1564 3838 1700 3896 Araclritae
1726 3840 1827 3900 Petrus

1031 3921 1171 3991 apostolus
1192 3922 1333 3980 Christum
1356 3941 1451 3981 verum
1482 3926 1566 3984 David
1590 3945 1646 3986 non
1670 3935 1752 3989 eorde
1776 3937 1828 3991 sed

185 4029 213 4075 et
227 4017 374 4073 mutatoria
391 4018 493 4072 murila
508 4028 573 4073 sunt
587 4017 694 4073 collata.
712 4016 844 4073 Similiter
857 4019 981 4075 cernitur
1031 4026 1079 4067 ote
1099 4013 1247 4083 negaverit,
1273 4015 1412 4086 quomodo
1427 4017 1473 4071 ille
1492 4014 1596 4074 Cliusai
1621 4017 1707 4076 David
1729 4039 1827 4079 corana

187 4111 259 4167 idern
274 4110 442 4181 conspicuus
458 4112 485 4164 in
500 4111 581 4166 bonis
595 4111 714 4167 ducibus
729 4110 891 4166 zorobabeli
913 4127 981 4167 con·
1032 4104 1169 4159 Absalone
1187 4106 1340 4176 denegans.
1356 4104 1458 4178 Nempe
1471 4108 1541 4164 sicut
1558 4109 1604 4166 illa
1626 4109 1729 4168 Chusai
1741 4112 1828 4169 dene-

187 4205 324 4263 similibus
342 4223 349 4260 :
365 4204 397 4260 nt
418 4205 477 4260 nee
499 4219 553 4259 non
583 4204 691 4260 norica
715 4212 756 4260 est
782 4205 849 4260 nore
864 4205 982 4260 ror-nans
1032 4197 1106 4265 satio
1127 4211 1159 4250 ex
1178 4198 1305 4268 prodenti
1324 4200 1441 4254 consino
1464 4198 1549 4257 bario
1569 4213 1753 4274 processerat.
1776 4206 1827 4278 uui

187 4297 349 4363 consolatio,
369 4305 395 4350 ct
411 4296 483 4352 male
498 4294 615 4351 turbatis
633 4296 818 4366 augmentatio
832 4295 981 4350 conturba·
1033 4301 1081 4356 pet
1099 4287 1175 4342 illum
1200 4289 1411 4360 prophetaverat
1437 4291 1627 4349 insatuandurn
1648 4311 1710 4351 esse
1730 4298 1827 4353 eonsi-

188 4389 281 4444 ppms,
998 4375 1102 4451 Diiurn
1123 4378 1303 4450 dehitopbe13
1328 4382 1369 4439 sic
1388 4382 1462 4439 Petri
1485 4386 1594 4459 negatio
1619 4388 1706 4459 ipsius
1724 4386 1827 4446 Cirristi

223 4480 255 4535 G.
269 4476 336 4533 Nam
353 4478 470 4533 diversis
488 4474 578 4531 modis
598 4473 778 4528 turbabantur
795 4485 883 4546 pentes
902 4484 927 4529 rt
948 4475 983 4528 ti·
1034 4467 1155 4522 admissa
1167 4476 1210 4524 est
1220 4472 1344 4540 prudenti
1357 4475 1484 4540 consilio,
1496 4490 1550 4532 non
1564 4476 1652 4532 solum
1664 4478 1699 4533 ad
1712 4477 1829 4535 demon·

189 4570 305 4625 avebant.
318 4568 411 4624 Primo
423 4568 568 4634 serviliter,
593 4566 691 4622 deinde
707 4566 755 4636 qui
773 4582 805 4620 ex
819 4566 859 4620 els
873 4565 985 4621 credent
1035 4559 1177 4615 strandum
1188 4561 1305 4631 principi
1324 4565 1511 4634 apostolorum
1539 4567 1670 4640 seipsum,
1682 4569 1729 4639 qui
1744 4569 1828 4624 nimis

190 4661 309 4718 iliialitcr
322 4661 579 4717 eteastetinrebnnt
590 4674 690 4714 nomen
704 4668 793 4724 tuum,
807 4658 852 4732 qai
862 4657 984 4711 hubitant
1035 4652 1187 4724 improvide
1201 4653 1352 4722 lactaverat
1370 4671 1400 4711 se
1423 4673 1562 4729 rrurrquarn
1586 4669 1763 4729 negaturum,
1778 4659 1827 4716 sed

192 4752 317 4807 temoinoa
346 4760 434 4818 terre,
455 4751 482 4807 id
504 4752 713 4807 estnonsolum
731 4750 823 4816 vicini,
840 4750 984 4806 sedetiam
1035 4745 1117 4800 eriam
1134 4752 1164 4800 ut
1185 4746 1335 4816 peripsum
1349 4746 1460 4804 Petrum
1475 4747 1743 4806 infatuareturludae
1757 4769 1827 4809 cort·

192 4843 220 4897 in
231 4840 362 4906 extremis
372 4841 472 4896 linibus
489 4850 569 4896 terrae
584 4842 678 4911 positi,
695 4840 806 4912 quando
828 4841 856 4895 in
874 4855 985 4897 ornnem
1037 4835 1139 4904 silium,
1164 4837 1229 4891 durn
1247 4845 1358 4908 propter
1380 4838 1553 4908 negationem
1567 4848 1678 4910 putatus
1697 4858 1750 4897 non
1766 4858 1827 4899 essu

194 4943 295 4989 terram
314 4932 399 4988 exibit
413 4948 499 4988 sonus
512 4935 715 5004 apostolorum,
729 4944 756 4989 et
778 4934 805 4988 in
828 4932 986 5005 dives—orbis
1037 4927 1142 4983 amicus
1153 4929 1209 4996 reri
1223 4927 1309 4983 David
1323 4929 1419 4984 mortis
1430 4930 1585 4988 immatura
1600 4933 1751 5003 periculum
1764 4948 1828 4988 era·

118 5094 124 5102 ,
195 5033 273 5080 terrae
286 5025 367 5080 verba
382 5038 490 5079 corum.
503 5022 646 5079 Veletiarn
661 5025 832 5096 quandoper
848 5040 989 5081 successo
1038 5020 1084 5087 sit,
1107 5021 1153 5091 qui
1177 5031 1267 5076 tannen
1288 5023 1464 5092 postmodum
1485 5026 1605 5094 gloriosa
1634 5035 1721 5081 morte
1739 5027 1828 5096 ipsum

195 5133 240 5175 ros
254 5133 348 5174 eorum
367 5118 560 5189 praedicabitur
573 5115 750 5187 Erarrgelium
769 5117 797 5172 in
810 5126 868 5172 toto
885 5117 988 5173 mondo
1038 5113 1206 5180 clarificavit,
1224 5112 1386 5186 latuunrque
1409 5112 1487 5171 iuda·
1497 5114 1636 5171 Cin-istum
1649 5132 1763 5188 regnare
1778 5134 1829 5173 no·

196 5226 283 5282 usque
297 5210 331 5265 ad
350 5209 476 5264 ultimum
493 5218 583 5265 terrae.
608 5207 807 5276 Torbnbuotor,
831 5209 988 5280 inquam,a
1038 5204 1119 5258 lentis
1133 5204 1290 5272 corrsilium,
1303 5219 1358 5260 uon
1370 5207 1460 5262 solum
1474 5207 1598 5273 vivendo,
1611 5206 1753 5263 sedetiam
1771 5226 1830 5264 nro·

196 5302 280 5372 riparia
290 5303 344 5356 tuis
358 5317 369 5355 .·
382 5301 470 5372 primo
492 5317 540 5371 per
555 5300 700 5364 miracula,
715 5301 814 5356 deinde
840 5316 888 5371 per
902 5303 990 5355 virtu·
1040 5294 1130 5350 nendo
1145 5296 1315 5350 annihilavit.

198 5396 439 5464 tumprreelaraet
460 5394 577 5467 insignia
604 5394 991 5465 iacta,quaeconsiderabunt
1075 5386 1129 5442 Cli·
1151 5386 1202 5444 llic
1231 5390 1382 5445 notandum
1405 5388 1478 5461 quod
1503 5399 1645 5459 peccatum
1667 5390 1744 5446 Jutlae
1767 5405 1830 5461 pro·

199 5486 227 5540 in
242 5485 336 5541 electis
348 5487 414 5552 tuis,
426 5489 526 5558 quibus
537 5488 625 5541 cairus
639 5487 765 5540 matutini
781 5495 807 5540 et
820 5503 932 5557 serpere
943 5487 992 5542 de·
1042 5482 1125 5538 lunda
1148 5483 1251 5538 malitia
1273 5484 1473 5554 excogitatum,
1491 5493 1578 5540 toturn
1605 5498 1776 5542 nocturnum
1798 5500 1831 5542 ac

149 5617 154 5624 .
199 5575 319 5644 iactabit,
344 5577 372 5631 id
393 5588 435 5633 est
455 5580 575 5650 quesita
603 5577 738 5649 perlectos
760 5593 823 5634 esse
842 5578 937 5644 tocies,
962 5587 993 5636 ιιι
1042 5574 1227 5642 tencbrosurn,
1249 5592 1303 5633 non
1320 5575 1423 5633 invenit
1442 5580 1545 5634 exitum
1562 5579 1589 5634 in
1608 5580 1678 5635 lucis
1691 5579 1831 5634 matutinae

200 5666 289 5723 exitus
303 5667 430 5723 maturini
444 5679 470 5724 et
486 5684 616 5740 vesperae,
634 5669 689 5726 siin
714 5669 817 5725 eisdem
844 5669 992 5754 delectabi·
1043 5684 1180 5726 serenum.
1204 5666 1277 5725 Petri
1305 5678 1396 5724 autem
1421 5671 1500 5744 culpa
1522 5682 1651 5742 tanquam
1672 5669 1759 5743 caligo
1784 5686 1831 5748 ve,
