<?xml version="1.0" encoding="UTF-8"?>
<!DOCTYPE html PUBLIC "-//W3C//DTD XHTML 1.0 Transitional//EN"
    "http://www.w3.org/TR/xhtml1/DTD/xhtml1-transitional.dtd">
<html xmlns="http://www.w3.org/1999/xhtml" xml:lang="en" lang="en">
 <head>
  <title>
</title>
<meta http-equiv="Content-Type" content="text/html;charset=utf-8" />
  <meta name='ocr-system' content='tesseract 3.04.00' />
  <meta name='ocr-capabilities' content='ocr_page ocr_carea ocr_par ocr_line ocrx_word'/>
</head>
<body>
  <div class='ocr_page' id='page_1' title='image "./lta-11000/patrologiaecurs03berngoog/patrologiaecurs03berngoog_0159.png"; bbox 0 0 3892 6067; ppageno 0'>
   <div class='ocr_carea' id='block_1_1' title="bbox 191 232 1835 301">
    <p class='ocr_par' dir='ltr' id='par_1_1' title="bbox 191 232 1835 301">
     <span class='ocr_line' id='line_1_1' title="bbox 191 232 1835 301; baseline -0.001 -5"><span class='ocrx_word' id='word_1_1' title='bbox 191 244 246 301; x_wconf 74' lang='lat'><strong>295</strong></span> <span class='ocrx_word' id='word_1_2' title='bbox 673 235 828 294; x_wconf 77' lang='lat' dir='ltr'><strong>GERllOiii</strong></span> <span class='ocrx_word' id='word_1_3' title='bbox 846 232 1043 294; x_wconf 67' lang='lat' dir='ltr'><strong>preposui</strong></span> <span class='ocrx_word' id='word_1_4' title='bbox 1062 237 1337 297; x_wconf 76' lang='lat' dir='ltr'><strong>utstcttettsrette.</strong></span> <span class='ocrx_word' id='word_1_5' title='bbox 1779 243 1835 301; x_wconf 56' lang='grc' dir='ltr'>Μ</span> 
     </span>
    </p>
   </div>
   <div class='ocr_carea' id='block_1_2' title="bbox 146 349 1836 4923">
    <p class='ocr_par' dir='ltr' id='par_1_2' title="bbox 190 349 1836 521">
     <span class='ocr_line' id='line_1_2' title="bbox 190 349 1836 425; baseline -0.005 -11"><span class='ocrx_word' id='word_1_6' title='bbox 190 372 254 414; x_wconf 88' lang='lat' dir='ltr'><strong>ocra</strong></span> <span class='ocrx_word' id='word_1_7' title='bbox 268 355 370 413; x_wconf 74' lang='lat' dir='ltr'><strong>diarlroli</strong></span> <span class='ocrx_word' id='word_1_8' title='bbox 390 364 416 409; x_wconf 87' lang='lat' dir='ltr'><strong>et</strong></span> <span class='ocrx_word' id='word_1_9' title='bbox 441 350 588 408; x_wconf 84' lang='lat' dir='ltr'><strong>tralrcutlas</strong></span> <span class='ocrx_word' id='word_1_10' title='bbox 602 349 635 404; x_wconf 83' lang='lat' dir='ltr'><strong>ati</strong></span> <span class='ocrx_word' id='word_1_11' title='bbox 652 365 735 421; x_wconf 89' lang='lat' dir='ltr'><strong>regna</strong></span> <span class='ocrx_word' id='word_1_12' title='bbox 751 351 874 407; x_wconf 74' lang='lat' dir='ltr'><strong>eoelestia</strong></span> <span class='ocrx_word' id='word_1_13' title='bbox 895 359 984 406; x_wconf 86' lang='lat' dir='ltr'><strong>tecum</strong></span> <span class='ocrx_word' id='word_1_14' title='bbox 1000 350 1090 420; x_wconf 74' lang='lat' dir='ltr'><strong>buis,</strong></span> <span class='ocrx_word' id='word_1_15' title='bbox 1103 351 1219 405; x_wconf 85' lang='lat' dir='ltr'><strong>introibe</strong></span> <span class='ocrx_word' id='word_1_16' title='bbox 1230 353 1256 405; x_wconf 83' lang='lat' dir='ltr'><strong>in</strong></span> <span class='ocrx_word' id='word_1_17' title='bbox 1270 352 1401 422; x_wconf 81' lang='lat' dir='ltr'><strong>potentior</strong></span> <span class='ocrx_word' id='word_1_18' title='bbox 1411 350 1517 407; x_wconf 79' lang='lat' dir='ltr'><strong>[tatuini</strong></span> <span class='ocrx_word' id='word_1_19' title='bbox 1529 360 1666 425; x_wconf 80' lang='lat' dir='ltr'><strong>gratanter</strong></span> <span class='ocrx_word' id='word_1_20' title='bbox 1680 351 1836 424; x_wconf 83' lang='lat' dir='ltr'><strong>suscipiens</strong></span> 
     </span>
     <span class='ocr_line' id='line_1_3' title="bbox 191 439 1343 521; baseline -0.007 -16"><span class='ocrx_word' id='word_1_21' title='bbox 191 461 218 508; x_wconf 84' lang='lat' dir='ltr'><strong>rt</strong></span> <span class='ocrx_word' id='word_1_22' title='bbox 231 457 293 521; x_wconf 88' lang='lat' dir='ltr'><strong>pest</strong></span> <span class='ocrx_word' id='word_1_23' title='bbox 306 456 341 513; x_wconf 90' lang='lat' dir='ltr'><strong>te,</strong></span> <span class='ocrx_word' id='word_1_24' title='bbox 362 445 473 501; x_wconf 85' lang='lat' dir='ltr'><strong>sirecte</strong></span> <span class='ocrx_word' id='word_1_25' title='bbox 487 440 599 508; x_wconf 87' lang='lat' dir='ltr'><strong>sentias,</strong></span> <span class='ocrx_word' id='word_1_26' title='bbox 614 448 641 496; x_wconf 92' lang='lat' dir='ltr'><strong>et</strong></span> <span class='ocrx_word' id='word_1_27' title='bbox 657 440 738 512; x_wconf 85' lang='lat' dir='ltr'><strong>tligne</strong></span> <span class='ocrx_word' id='word_1_28' title='bbox 758 440 941 514; x_wconf 85' lang='lat' dir='ltr'><strong>proloquaris,</strong></span> <span class='ocrx_word' id='word_1_29' title='bbox 962 442 986 498; x_wconf 88' lang='lat' dir='ltr'><strong>si</strong></span> <span class='ocrx_word' id='word_1_30' title='bbox 1038 439 1214 512; x_wconf 81' lang='lat' dir='ltr'><strong>Euangelium</strong></span> <span class='ocrx_word' id='word_1_31' title='bbox 1231 442 1343 499; x_wconf 77' lang='lat' dir='ltr'><strong>Christi.</strong></span> 
     </span>
    </p>

    <p class='ocr_par' dir='ltr' id='par_1_3' title="bbox 146 530 1836 4628">
     <span class='ocr_line' id='line_1_4' title="bbox 190 530 1836 607; baseline -0.005 -10"><span class='ocrx_word' id='word_1_32' title='bbox 190 538 473 598; x_wconf 76' lang='lat' dir='ltr'><strong>sircudecenllrmcs.</strong></span> <span class='ocrx_word' id='word_1_33' title='bbox 487 533 581 589; x_wconf 80' lang='lat' dir='ltr'><strong>Oculis</strong></span> <span class='ocrx_word' id='word_1_34' title='bbox 596 533 655 590; x_wconf 85' lang='lat' dir='ltr'><strong>suis</strong></span> <span class='ocrx_word' id='word_1_35' title='bbox 668 533 756 604; x_wconf 85' lang='lat' dir='ltr'><strong>tetigit</strong></span> <span class='ocrx_word' id='word_1_36' title='bbox 769 548 856 601; x_wconf 87' lang='lat' dir='ltr'><strong>meos,</strong></span> <span class='ocrx_word' id='word_1_37' title='bbox 871 534 987 590; x_wconf 89' lang='lat' dir='ltr'><strong>interio-</strong></span> <span class='ocrx_word' id='word_1_38' title='bbox 1073 530 1133 587; x_wconf 76' lang='lat' dir='ltr'><strong>ntia</strong></span> <span class='ocrx_word' id='word_1_39' title='bbox 1150 533 1295 589; x_wconf 87' lang='lat' dir='ltr'><strong>translatio</strong></span> <span class='ocrx_word' id='word_1_40' title='bbox 1316 533 1399 591; x_wconf 89' lang='lat' dir='ltr'><strong>babet</strong></span> <span class='ocrx_word' id='word_1_41' title='bbox 1413 554 1419 590; x_wconf 95' lang='lat'><strong>:</strong></span> <span class='ocrx_word' id='word_1_42' title='bbox 1434 534 1565 602; x_wconf 81' lang='lat' dir='ltr'><strong>Qeorriem</strong></span> <span class='ocrx_word' id='word_1_43' title='bbox 1584 535 1693 606; x_wconf 82' lang='lat' dir='ltr'><strong>coqnoui</strong></span> <span class='ocrx_word' id='word_1_44' title='bbox 1714 535 1836 607; x_wconf 82' lang='lat' dir='ltr'><strong>uegetio-</strong></span> 
     </span>
     <span class='ocr_line' id='line_1_5' title="bbox 189 623 1834 696; baseline -0.005 -9"><span class='ocrx_word' id='word_1_45' title='bbox 189 632 230 687; x_wconf 85' lang='lat' dir='ltr'><strong>ris</strong></span> <span class='ocrx_word' id='word_1_46' title='bbox 248 625 369 684; x_wconf 83' lang='lat' dir='ltr'><strong>bortrinis</strong></span> <span class='ocrx_word' id='word_1_47' title='bbox 381 625 498 684; x_wconf 88' lang='lat' dir='ltr'><strong>lruutcm</strong></span> <span class='ocrx_word' id='word_1_48' title='bbox 514 623 597 682; x_wconf 89' lang='lat' dir='ltr'><strong>elaris</strong></span> <span class='ocrx_word' id='word_1_49' title='bbox 612 623 794 680; x_wconf 87' lang='lat' dir='ltr'><strong>luminaribus</strong></span> <span class='ocrx_word' id='word_1_50' title='bbox 807 638 920 692; x_wconf 85' lang='lat' dir='ltr'><strong>ornans,</strong></span> <span class='ocrx_word' id='word_1_51' title='bbox 934 623 988 680; x_wconf 87' lang='lat' dir='ltr'><strong>lide</strong></span> <span class='ocrx_word' id='word_1_52' title='bbox 1039 623 1147 686; x_wconf 86' lang='lat' dir='ltr'><strong>tionem,</strong></span> <span class='ocrx_word' id='word_1_53' title='bbox 1160 623 1276 679; x_wconf 83' lang='lat' dir='ltr'><strong>introibe</strong></span> <span class='ocrx_word' id='word_1_54' title='bbox 1293 623 1322 677; x_wconf 85' lang='lat' dir='ltr'><strong>ia</strong></span> <span class='ocrx_word' id='word_1_55' title='bbox 1331 626 1463 695; x_wconf 78' lang='lat' dir='ltr'><strong>potentiae</strong></span> <span class='ocrx_word' id='word_1_56' title='bbox 1478 623 1597 678; x_wconf 84' lang='lat' dir='ltr'><strong>Dutuiui.</strong></span> <span class='ocrx_word' id='word_1_57' title='bbox 1623 623 1671 680; x_wconf 80' lang='lat' dir='ltr'><strong>Est</strong></span> <span class='ocrx_word' id='word_1_58' title='bbox 1689 626 1834 696; x_wconf 76' lang='lat' dir='ltr'><strong>negotiatio</strong></span> 
     </span>
     <span class='ocr_line' id='line_1_6' title="bbox 190 711 1834 791; baseline -0.001 -17"><span class='ocrx_word' id='word_1_59' title='bbox 190 717 296 774; x_wconf 86' lang='lat' dir='ltr'><strong>seilicet</strong></span> <span class='ocrx_word' id='word_1_60' title='bbox 321 725 405 786; x_wconf 89' lang='lat' dir='ltr'><strong>atque</strong></span> <span class='ocrx_word' id='word_1_61' title='bbox 428 714 581 780; x_wconf 82' lang='lat' dir='ltr'><strong>irrtrileetu,</strong></span> <span class='ocrx_word' id='word_1_62' title='bbox 601 712 644 769; x_wconf 91' lang='lat' dir='ltr'><strong>ori</strong></span> <span class='ocrx_word' id='word_1_63' title='bbox 670 727 733 768; x_wconf 87' lang='lat' dir='ltr'><strong>tneo</strong></span> <span class='ocrx_word' id='word_1_64' title='bbox 745 711 838 782; x_wconf 80' lang='lat' dir='ltr'><strong>inruit</strong></span> <span class='ocrx_word' id='word_1_65' title='bbox 859 729 940 769; x_wconf 89' lang='lat' dir='ltr'><strong>suurn</strong></span> <span class='ocrx_word' id='word_1_66' title='bbox 959 723 988 770; x_wconf 87' lang='lat' dir='ltr'><strong>et</strong></span> <span class='ocrx_word' id='word_1_67' title='bbox 1038 716 1194 783; x_wconf 86' lang='lat' dir='ltr'><strong>laudabilis,</strong></span> <span class='ocrx_word' id='word_1_68' title='bbox 1206 718 1240 775; x_wconf 82' lang='lat' dir='ltr'><strong>eie</strong></span> <span class='ocrx_word' id='word_1_69' title='bbox 1254 736 1309 791; x_wconf 91' lang='lat' dir='ltr'><strong>qua</strong></span> <span class='ocrx_word' id='word_1_70' title='bbox 1323 719 1445 777; x_wconf 77' lang='lat' dir='ltr'><strong>elicitur:</strong></span> <span class='ocrx_word' id='word_1_71' title='bbox 1463 737 1473 770; x_wconf 84' lang='lat' dir='ltr'><strong>r</strong></span> <span class='ocrx_word' id='word_1_72' title='bbox 1489 716 1584 773; x_wconf 78' lang='lat' dir='ltr'>Simile</span> <span class='ocrx_word' id='word_1_73' title='bbox 1594 726 1636 772; x_wconf 88' lang='lat' dir='ltr'><strong>est</strong></span> <span class='ocrx_word' id='word_1_74' title='bbox 1648 733 1764 788; x_wconf 86' lang='lat' dir='ltr'><strong>reguum</strong></span> <span class='ocrx_word' id='word_1_75' title='bbox 1778 730 1834 773; x_wconf 79' lang='lat' dir='ltr'><strong>cte·</strong></span> 
     </span>
     <span class='ocr_line' id='line_1_7' title="bbox 192 802 1834 882; baseline -0.002 -18"><span class='ocrx_word' id='word_1_76' title='bbox 192 818 305 865; x_wconf 84' lang='lat' dir='ltr'><strong>ntertuo</strong></span> <span class='ocrx_word' id='word_1_77' title='bbox 318 806 426 879; x_wconf 88' lang='lat' dir='ltr'><strong>siguum</strong></span> <span class='ocrx_word' id='word_1_78' title='bbox 446 805 521 877; x_wconf 86' lang='lat' dir='ltr'><strong>pacis</strong></span> <span class='ocrx_word' id='word_1_79' title='bbox 533 805 683 876; x_wconf 77' lang='lat' dir='ltr'><strong>impressit.</strong></span> <span class='ocrx_word' id='word_1_80' title='bbox 701 802 761 860; x_wconf 90' lang='lat' dir='ltr'><strong>Non</strong></span> <span class='ocrx_word' id='word_1_81' title='bbox 771 819 838 877; x_wconf 89' lang='lat' dir='ltr'><strong>erge</strong></span> <span class='ocrx_word' id='word_1_82' title='bbox 852 805 910 861; x_wconf 89' lang='lat' dir='ltr'><strong>sela</strong></span> <span class='ocrx_word' id='word_1_83' title='bbox 926 804 987 876; x_wconf 93' lang='lat' dir='ltr'><strong>glo·</strong></span> <span class='ocrx_word' id='word_1_84' title='bbox 1039 806 1128 863; x_wconf 88' lang='lat' dir='ltr'><strong>lerum</strong></span> <span class='ocrx_word' id='word_1_85' title='bbox 1141 809 1245 864; x_wconf 90' lang='lat' dir='ltr'><strong>bomini</strong></span> <span class='ocrx_word' id='word_1_86' title='bbox 1258 808 1420 882; x_wconf 72' lang='lat' dir='ltr'><strong>negotiatori</strong></span> <span class='ocrx_word' id='word_1_87' title='bbox 1437 807 1621 880; x_wconf 71' lang='lat' dir='ltr'><strong>(liniturus,</strong></span> <span class='ocrx_word' id='word_1_88' title='bbox 1640 807 1698 878; x_wconf 77' lang='grc'><strong>15),</strong></span> <span class='ocrx_word' id='word_1_89' title='bbox 1714 825 1724 860; x_wconf 83' lang='grc' dir='ltr'><strong>ι</strong></span> <span class='ocrx_word' id='word_1_90' title='bbox 1750 817 1778 862; x_wconf 90' lang='lat' dir='ltr'><strong>et</strong></span> <span class='ocrx_word' id='word_1_91' title='bbox 1798 807 1834 861; x_wconf 81' lang='lat' dir='ltr'><strong>tle</strong></span> 
     </span>
     <span class='ocr_line' id='line_1_8' title="bbox 192 894 1832 970; baseline 0 -15"><span class='ocrx_word' id='word_1_92' title='bbox 192 899 279 956; x_wconf 90' lang='lat' dir='ltr'><strong>rietur</strong></span> <span class='ocrx_word' id='word_1_93' title='bbox 292 913 404 970; x_wconf 89' lang='lat' dir='ltr'><strong>spensa,</strong></span> <span class='ocrx_word' id='word_1_94' title='bbox 421 896 479 967; x_wconf 83' lang='lat' dir='ltr'><strong>jaun</strong></span> <span class='ocrx_word' id='word_1_95' title='bbox 496 906 550 953; x_wconf 92' lang='lat' dir='ltr'><strong>tota</strong></span> <span class='ocrx_word' id='word_1_96' title='bbox 568 896 694 968; x_wconf 75' lang='lat' dir='ltr'><strong>pult-bra,</strong></span> <span class='ocrx_word' id='word_1_97' title='bbox 714 895 771 966; x_wconf 83' lang='lat' dir='ltr'><strong>jam</strong></span> <span class='ocrx_word' id='word_1_98' title='bbox 786 894 815 952; x_wconf 90' lang='lat' dir='ltr'><strong>in</strong></span> <span class='ocrx_word' id='word_1_99' title='bbox 829 896 988 953; x_wconf 80' lang='lat' dir='ltr'><strong>cubiculum</strong></span> <span class='ocrx_word' id='word_1_100' title='bbox 1038 895 1168 968; x_wconf 87' lang='lat' dir='ltr'><strong>quadicit</strong></span> <span class='ocrx_word' id='word_1_101' title='bbox 1178 898 1376 970; x_wconf 73' lang='lat' dir='ltr'><strong>paterfamilias</strong></span> <span class='ocrx_word' id='word_1_102' title='bbox 1396 899 1483 956; x_wconf 83' lang='lat' dir='ltr'><strong>set-ris</strong></span> <span class='ocrx_word' id='word_1_103' title='bbox 1506 898 1588 956; x_wconf 90' lang='lat' dir='ltr'><strong>suis:</strong></span> <span class='ocrx_word' id='word_1_104' title='bbox 1614 896 1832 970; x_wconf 73' lang='lat' dir='ltr'><strong>‹Negotiartrini</strong></span> 
     </span>
     <span class='ocr_line' id='line_1_9' title="bbox 192 985 1833 1063; baseline 0.001 -16"><span class='ocrx_word' id='word_1_105' title='bbox 192 992 359 1057; x_wconf 75' lang='lat' dir='ltr'><strong>introilucta,</strong></span> <span class='ocrx_word' id='word_1_106' title='bbox 375 989 433 1059; x_wconf 80' lang='lat' dir='ltr'><strong>iam</strong></span> <span class='ocrx_word' id='word_1_107' title='bbox 450 987 478 1043; x_wconf 92' lang='lat' dir='ltr'><strong>iu</strong></span> <span class='ocrx_word' id='word_1_108' title='bbox 490 988 554 1044; x_wconf 91' lang='lat' dir='ltr'><strong>sinu</strong></span> <span class='ocrx_word' id='word_1_109' title='bbox 565 986 684 1042; x_wconf 73' lang='lat' dir='ltr'><strong>Abrabae</strong></span> <span class='ocrx_word' id='word_1_110' title='bbox 694 985 768 1043; x_wconf 89' lang='lat' dir='ltr'><strong>dulci</strong></span> <span class='ocrx_word' id='word_1_111' title='bbox 782 986 877 1058; x_wconf 90' lang='lat' dir='ltr'><strong>requie</strong></span> <span class='ocrx_word' id='word_1_112' title='bbox 888 987 986 1057; x_wconf 91' lang='lat' dir='ltr'><strong>petita,</strong></span> <span class='ocrx_word' id='word_1_113' title='bbox 1038 989 1104 1045; x_wconf 87' lang='lat' dir='ltr'><strong>dum</strong></span> <span class='ocrx_word' id='word_1_114' title='bbox 1119 991 1200 1047; x_wconf 84' lang='lat' dir='ltr'><strong>renio</strong></span> <span class='ocrx_word' id='word_1_115' title='bbox 1213 990 1291 1063; x_wconf 82' lang='lat' dir='ltr'><strong>(bue.</strong></span> <span class='ocrx_word' id='word_1_116' title='bbox 1308 1008 1366 1059; x_wconf 85' lang='grc' dir='ltr'><strong>ιιι,</strong></span> <span class='ocrx_word' id='word_1_117' title='bbox 1378 993 1459 1063; x_wconf 58' lang='lat' dir='ltr'><strong>legs</strong></span> <span class='ocrx_word' id='word_1_118' title='bbox 1483 991 1548 1063; x_wconf 90' lang='lat' dir='ltr'><strong>qnia</strong></span> <span class='ocrx_word' id='word_1_119' title='bbox 1570 991 1674 1047; x_wconf 90' lang='lat' dir='ltr'><strong>bouum</strong></span> <span class='ocrx_word' id='word_1_120' title='bbox 1696 1000 1738 1047; x_wconf 86' lang='lat' dir='ltr'><strong>est</strong></span> <span class='ocrx_word' id='word_1_121' title='bbox 1759 991 1833 1048; x_wconf 84' lang='lat' dir='ltr'><strong>bena</strong></span> 
     </span>
     <span class='ocr_line' id='line_1_10' title="bbox 193 1075 1833 1154; baseline -0.001 -14"><span class='ocrx_word' id='word_1_122' title='bbox 193 1085 221 1140; x_wconf 94' lang='lat' dir='ltr'><strong>in</strong></span> <span class='ocrx_word' id='word_1_123' title='bbox 245 1080 410 1154; x_wconf 90' lang='lat' dir='ltr'><strong>patriarcltis</strong></span> <span class='ocrx_word' id='word_1_124' title='bbox 430 1089 458 1136; x_wconf 90' lang='lat' dir='ltr'><strong>ct</strong></span> <span class='ocrx_word' id='word_1_125' title='bbox 472 1077 613 1152; x_wconf 89' lang='lat' dir='ltr'><strong>prepbctis</strong></span> <span class='ocrx_word' id='word_1_126' title='bbox 631 1077 734 1133; x_wconf 90' lang='lat' dir='ltr'><strong>annulo</strong></span> <span class='ocrx_word' id='word_1_127' title='bbox 748 1075 945 1145; x_wconf 87' lang='lat' dir='ltr'><strong>tldciarrbata,</strong></span> <span class='ocrx_word' id='word_1_128' title='bbox 958 1077 986 1132; x_wconf 91' lang='lat' dir='ltr'><strong>in</strong></span> <span class='ocrx_word' id='word_1_129' title='bbox 1039 1082 1201 1153; x_wconf 84' lang='lat' dir='ltr'><strong>temporalia</strong></span> <span class='ocrx_word' id='word_1_130' title='bbox 1223 1083 1294 1151; x_wconf 82' lang='lat' dir='ltr'><strong>dari,</strong></span> <span class='ocrx_word' id='word_1_131' title='bbox 1309 1092 1337 1139; x_wconf 92' lang='lat' dir='ltr'><strong>et</strong></span> <span class='ocrx_word' id='word_1_132' title='bbox 1351 1083 1501 1140; x_wconf 85' lang='lat' dir='ltr'><strong>ministeria</strong></span> <span class='ocrx_word' id='word_1_133' title='bbox 1524 1082 1678 1154; x_wconf 89' lang='lat' dir='ltr'><strong>corporalia</strong></span> <span class='ocrx_word' id='word_1_134' title='bbox 1700 1082 1760 1137; x_wconf 89' lang='lat' dir='ltr'><strong>lieri</strong></span> <span class='ocrx_word' id='word_1_135' title='bbox 1781 1097 1833 1154; x_wconf 93' lang='lat' dir='ltr'><strong>pro</strong></span> 
     </span>
     <span class='ocr_line' id='line_1_11' title="bbox 146 1167 1834 1247; baseline -0.002 -16"><span class='ocrx_word' id='word_1_136' title='bbox 146 1238 148 1241; x_wconf 13' lang='lat' dir='ltr'>v</span> <span class='ocrx_word' id='word_1_137' title='bbox 193 1176 303 1247; x_wconf 89' lang='lat' dir='ltr'><strong>regibus</strong></span> <span class='ocrx_word' id='word_1_138' title='bbox 315 1184 343 1230; x_wconf 89' lang='lat' dir='ltr'><strong>et</strong></span> <span class='ocrx_word' id='word_1_139' title='bbox 349 1174 433 1246; x_wconf 75' lang='lat' dir='ltr'><strong>iustis</strong></span> <span class='ocrx_word' id='word_1_140' title='bbox 448 1172 542 1228; x_wconf 91' lang='lat' dir='ltr'><strong>multis</strong></span> <span class='ocrx_word' id='word_1_141' title='bbox 563 1179 705 1237; x_wconf 89' lang='lat' dir='ltr'><strong>coronata,</strong></span> <span class='ocrx_word' id='word_1_142' title='bbox 724 1168 800 1240; x_wconf 87' lang='lat' dir='ltr'><strong>quoti</strong></span> <span class='ocrx_word' id='word_1_143' title='bbox 813 1167 909 1225; x_wconf 85' lang='lat' dir='ltr'><strong>esculo</strong></span> <span class='ocrx_word' id='word_1_144' title='bbox 929 1169 988 1225; x_wconf 90' lang='lat' dir='ltr'><strong>oris</strong></span> <span class='ocrx_word' id='word_1_145' title='bbox 1038 1173 1210 1245; x_wconf 87' lang='lat' dir='ltr'><strong>spiritalibus</strong></span> <span class='ocrx_word' id='word_1_146' title='bbox 1225 1174 1311 1232; x_wconf 90' lang='lat' dir='ltr'><strong>lucris</strong></span> <span class='ocrx_word' id='word_1_147' title='bbox 1326 1193 1334 1231; x_wconf 87' lang='lat'>:</span> <span class='ocrx_word' id='word_1_148' title='bbox 1351 1174 1427 1231; x_wconf 85' lang='lat' dir='ltr'><strong>lianc</strong></span> <span class='ocrx_word' id='word_1_149' title='bbox 1448 1176 1651 1246; x_wconf 78' lang='lat' dir='ltr'><strong>negotiationem</strong></span> <span class='ocrx_word' id='word_1_150' title='bbox 1668 1171 1754 1229; x_wconf 77' lang='lat' dir='ltr'><strong>ludaei</strong></span> <span class='ocrx_word' id='word_1_151' title='bbox 1771 1189 1834 1230; x_wconf 89' lang='lat' dir='ltr'><strong>ear·</strong></span> 
     </span>
     <span class='ocr_line' id='line_1_12' title="bbox 192 1259 1832 1338; baseline -0.002 -15"><span class='ocrx_word' id='word_1_152' title='bbox 192 1268 236 1323; x_wconf 87' lang='lat' dir='ltr'><strong>sui</strong></span> <span class='ocrx_word' id='word_1_153' title='bbox 251 1282 312 1324; x_wconf 91' lang='lat' dir='ltr'><strong>eam</strong></span> <span class='ocrx_word' id='word_1_154' title='bbox 324 1280 445 1337; x_wconf 89' lang='lat' dir='ltr'><strong>sponsus</strong></span> <span class='ocrx_word' id='word_1_155' title='bbox 457 1264 585 1335; x_wconf 86' lang='lat' dir='ltr'><strong>diguatus</strong></span> <span class='ocrx_word' id='word_1_156' title='bbox 596 1261 740 1318; x_wconf 75' lang='lat' dir='ltr'><strong>admittere</strong></span> <span class='ocrx_word' id='word_1_157' title='bbox 753 1260 788 1316; x_wconf 88' lang='lat' dir='ltr'><strong>de</strong></span> <span class='ocrx_word' id='word_1_158' title='bbox 802 1259 890 1331; x_wconf 88' lang='lat' dir='ltr'><strong>ipsius</strong></span> <span class='ocrx_word' id='word_1_159' title='bbox 904 1274 989 1316; x_wconf 87' lang='lat' dir='ltr'><strong>carne</strong></span> <span class='ocrx_word' id='word_1_160' title='bbox 1038 1262 1116 1320; x_wconf 84' lang='lat' dir='ltr'><strong>nates</strong></span> <span class='ocrx_word' id='word_1_161' title='bbox 1131 1265 1299 1332; x_wconf 87' lang='lat' dir='ltr'><strong>nescierunt,</strong></span> <span class='ocrx_word' id='word_1_162' title='bbox 1313 1266 1360 1338; x_wconf 92' lang='lat' dir='ltr'><strong>qui</strong></span> <span class='ocrx_word' id='word_1_163' title='bbox 1373 1265 1430 1323; x_wconf 81' lang='lat' dir='ltr'><strong>lice</strong></span> <span class='ocrx_word' id='word_1_164' title='bbox 1444 1277 1550 1322; x_wconf 86' lang='lat' dir='ltr'><strong>tantum</strong></span> <span class='ocrx_word' id='word_1_165' title='bbox 1566 1278 1616 1335; x_wconf 94' lang='lat' dir='ltr'><strong>pro</strong></span> <span class='ocrx_word' id='word_1_166' title='bbox 1635 1264 1832 1335; x_wconf 87' lang='lat' dir='ltr'><strong>temporalibus</strong></span> 
     </span>
     <span class='ocr_line' id='line_1_13' title="bbox 191 1350 1832 1427; baseline -0.002 -11"><span class='ocrx_word' id='word_1_167' title='bbox 191 1374 286 1416; x_wconf 89' lang='lat' dir='ltr'><strong>semen</strong></span> <span class='ocrx_word' id='word_1_168' title='bbox 304 1357 422 1413; x_wconf 77' lang='lat' dir='ltr'><strong>Abrabae</strong></span> <span class='ocrx_word' id='word_1_169' title='bbox 436 1355 589 1413; x_wconf 83' lang='lat' dir='ltr'><strong>suscitarit.</strong></span> <span class='ocrx_word' id='word_1_170' title='bbox 609 1351 756 1410; x_wconf 87' lang='lat' dir='ltr'><strong>Oseulatus</strong></span> <span class='ocrx_word' id='word_1_171' title='bbox 777 1360 868 1409; x_wconf 89' lang='lat' dir='ltr'><strong>estet</strong></span> <span class='ocrx_word' id='word_1_172' title='bbox 890 1366 934 1407; x_wconf 88' lang='lat' dir='ltr'><strong>me</strong></span> <span class='ocrx_word' id='word_1_173' title='bbox 954 1350 988 1408; x_wconf 85' lang='lat' dir='ltr'><strong>ee</strong></span> <span class='ocrx_word' id='word_1_174' title='bbox 1038 1355 1156 1411; x_wconf 87' lang='lat' dir='ltr'><strong>litteram</strong></span> <span class='ocrx_word' id='word_1_175' title='bbox 1177 1355 1246 1426; x_wconf 87' lang='lat' dir='ltr'><strong>legis</strong></span> <span class='ocrx_word' id='word_1_176' title='bbox 1268 1358 1384 1414; x_wconf 87' lang='lat' dir='ltr'><strong>tenende</strong></span> <span class='ocrx_word' id='word_1_177' title='bbox 1399 1357 1562 1425; x_wconf 86' lang='lat' dir='ltr'><strong>serviemut,</strong></span> <span class='ocrx_word' id='word_1_178' title='bbox 1580 1355 1654 1427; x_wconf 87' lang='lat' dir='ltr'><strong>quod</strong></span> <span class='ocrx_word' id='word_1_179' title='bbox 1676 1366 1736 1412; x_wconf 89' lang='lat' dir='ltr'><strong>erat</strong></span> <span class='ocrx_word' id='word_1_180' title='bbox 1759 1355 1832 1412; x_wconf 81' lang='lat' dir='ltr'><strong>male</strong></span> 
     </span>
     <span class='ocr_line' id='line_1_14' title="bbox 190 1436 1831 1521; baseline -0.002 -15"><span class='ocrx_word' id='word_1_181' title='bbox 190 1450 318 1521; x_wconf 84' lang='lat' dir='ltr'><strong>gentibus</strong></span> <span class='ocrx_word' id='word_1_182' title='bbox 333 1436 643 1518; x_wconf 74' lang='lat' dir='ltr'><strong>Ecclesiamqrieuiant,</strong></span> <span class='ocrx_word' id='word_1_183' title='bbox 655 1459 719 1500; x_wconf 92' lang='lat' dir='ltr'><strong>cum</strong></span> <span class='ocrx_word' id='word_1_184' title='bbox 733 1443 988 1515; x_wconf 81' lang='lat' dir='ltr'><strong>adbucpecmteres</strong></span> <span class='ocrx_word' id='word_1_185' title='bbox 1037 1446 1184 1519; x_wconf 89' lang='lat' dir='ltr'><strong>negotiari,</strong></span> <span class='ocrx_word' id='word_1_186' title='bbox 1200 1447 1265 1505; x_wconf 87' lang='lat' dir='ltr'><strong>dura</strong></span> <span class='ocrx_word' id='word_1_187' title='bbox 1278 1449 1306 1504; x_wconf 90' lang='lat' dir='ltr'><strong>in</strong></span> <span class='ocrx_word' id='word_1_188' title='bbox 1326 1448 1556 1520; x_wconf 77' lang='lat' dir='ltr'><strong>promissionibus</strong></span> <span class='ocrx_word' id='word_1_189' title='bbox 1583 1447 1728 1520; x_wconf 87' lang='lat' dir='ltr'><strong>legalibus,</strong></span> <span class='ocrx_word' id='word_1_190' title='bbox 1754 1446 1831 1504; x_wconf 78' lang='lat' dir='ltr'><strong>verbi</strong></span> 
     </span>
     <span class='ocr_line' id='line_1_15' title="bbox 191 1535 1831 1609; baseline -0.002 -10"><span class='ocrx_word' id='word_1_191' title='bbox 191 1557 328 1609; x_wconf 84' lang='lat' dir='ltr'><strong>essemus,</strong></span> <span class='ocrx_word' id='word_1_192' title='bbox 344 1540 531 1597; x_wconf 84' lang='lat' dir='ltr'><strong>reconciliarit</strong></span> <span class='ocrx_word' id='word_1_193' title='bbox 543 1554 595 1596; x_wconf 88' lang='lat' dir='ltr'><strong>nes</strong></span> <span class='ocrx_word' id='word_1_194' title='bbox 608 1537 664 1596; x_wconf 85' lang='lat' dir='ltr'><strong>Dee</strong></span> <span class='ocrx_word' id='word_1_195' title='bbox 675 1536 748 1593; x_wconf 85' lang='lat' dir='ltr'><strong>Patri</strong></span> <span class='ocrx_word' id='word_1_196' title='bbox 759 1535 845 1593; x_wconf 85' lang='lat' dir='ltr'><strong>Filius</strong></span> <span class='ocrx_word' id='word_1_197' title='bbox 861 1535 933 1592; x_wconf 80' lang='lat' dir='ltr'><strong>Deus</strong></span> <span class='ocrx_word' id='word_1_198' title='bbox 941 1537 988 1608; x_wconf 77' lang='lat' dir='ltr'><strong>iu·</strong></span> <span class='ocrx_word' id='word_1_199' title='bbox 1039 1537 1139 1609; x_wconf 88' lang='lat' dir='ltr'><strong>gratia,</strong></span> <span class='ocrx_word' id='word_1_200' title='bbox 1163 1539 1190 1594; x_wconf 92' lang='lat' dir='ltr'><strong>in</strong></span> <span class='ocrx_word' id='word_1_201' title='bbox 1212 1541 1381 1596; x_wconf 72' lang='lat' dir='ltr'><strong>munientia</strong></span> <span class='ocrx_word' id='word_1_202' title='bbox 1407 1539 1549 1607; x_wconf 66' lang='lat' dir='ltr'><strong>uenienti,</strong></span> <span class='ocrx_word' id='word_1_203' title='bbox 1564 1538 1620 1595; x_wconf 89' lang='lat' dir='ltr'><strong>vitri</strong></span> <span class='ocrx_word' id='word_1_204' title='bbox 1635 1549 1662 1596; x_wconf 91' lang='lat' dir='ltr'><strong>et</strong></span> <span class='ocrx_word' id='word_1_205' title='bbox 1679 1540 1732 1596; x_wconf 89' lang='lat' dir='ltr'><strong>elei</strong></span> <span class='ocrx_word' id='word_1_206' title='bbox 1756 1539 1831 1597; x_wconf 87' lang='lat' dir='ltr'><strong>aliud</strong></span> 
     </span>
     <span class='ocr_line' id='line_1_16' title="bbox 193 1616 1832 1707; baseline 0.002 -20"><span class='ocrx_word' id='word_1_207' title='bbox 193 1634 275 1689; x_wconf 75' lang='lat' dir='ltr'><strong>stitiac</strong></span> <span class='ocrx_word' id='word_1_208' title='bbox 295 1642 430 1689; x_wconf 89' lang='lat' dir='ltr'><strong>rnortuos.</strong></span> <span class='ocrx_word' id='word_1_209' title='bbox 461 1631 521 1689; x_wconf 89' lang='lat' dir='ltr'><strong>Nun</strong></span> <span class='ocrx_word' id='word_1_210' title='bbox 543 1630 675 1704; x_wconf 76' lang='lat' dir='ltr'><strong>glorietur</strong></span> <span class='ocrx_word' id='word_1_211' title='bbox 691 1630 784 1687; x_wconf 88' lang='lat' dir='ltr'><strong>senior</strong></span> <span class='ocrx_word' id='word_1_212' title='bbox 808 1629 892 1696; x_wconf 86' lang='lat' dir='ltr'><strong>lilius,</strong></span> <span class='ocrx_word' id='word_1_213' title='bbox 913 1629 988 1700; x_wconf 81' lang='lat' dir='ltr'><strong>qued</strong></span> <span class='ocrx_word' id='word_1_214' title='bbox 1038 1647 1093 1688; x_wconf 90' lang='lat' dir='ltr'><strong>neu</strong></span> <span class='ocrx_word' id='word_1_215' title='bbox 1106 1616 1308 1702; x_wconf 82' lang='lat' dir='ltr'><strong>intellexerunt,</strong></span> <span class='ocrx_word' id='word_1_216' title='bbox 1322 1634 1376 1691; x_wconf 87' lang='lat' dir='ltr'><strong>nisi</strong></span> <span class='ocrx_word' id='word_1_217' title='bbox 1389 1634 1462 1707; x_wconf 88' lang='lat' dir='ltr'><strong>qued</strong></span> <span class='ocrx_word' id='word_1_218' title='bbox 1475 1634 1564 1689; x_wconf 91' lang='lat' dir='ltr'><strong>littera</strong></span> <span class='ocrx_word' id='word_1_219' title='bbox 1578 1635 1681 1703; x_wconf 87' lang='lat' dir='ltr'><strong>senuit,</strong></span> <span class='ocrx_word' id='word_1_220' title='bbox 1699 1650 1759 1705; x_wconf 83' lang='lat' dir='ltr'><strong>quae</strong></span> <span class='ocrx_word' id='word_1_221' title='bbox 1773 1633 1832 1691; x_wconf 84' lang='lat' dir='ltr'><strong>sola</strong></span> 
     </span>
     <span class='ocr_line' id='line_1_17' title="bbox 192 1697 1831 1799; baseline 0 -19"><span class='ocrx_word' id='word_1_222' title='bbox 192 1726 311 1781; x_wconf 86' lang='lat' dir='ltr'><strong>litteram</strong></span> <span class='ocrx_word' id='word_1_223' title='bbox 335 1724 402 1797; x_wconf 87' lang='lat' dir='ltr'><strong>legis</strong></span> <span class='ocrx_word' id='word_1_224' title='bbox 429 1733 525 1780; x_wconf 90' lang='lat' dir='ltr'><strong>tenens</strong></span> <span class='ocrx_word' id='word_1_225' title='bbox 549 1738 691 1795; x_wconf 90' lang='lat' dir='ltr'><strong>nunquam</strong></span> <span class='ocrx_word' id='word_1_226' title='bbox 712 1722 873 1778; x_wconf 86' lang='lat' dir='ltr'><strong>mandatum</strong></span> <span class='ocrx_word' id='word_1_227' title='bbox 898 1721 988 1779; x_wconf 85' lang='lat' dir='ltr'><strong>Patris</strong></span> <span class='ocrx_word' id='word_1_228' title='bbox 1003 1697 1025 1752; x_wconf 69' lang='grc' dir='ltr'><strong>Β</strong></span> <span class='ocrx_word' id='word_1_229' title='bbox 1040 1727 1093 1783; x_wconf 91' lang='lat' dir='ltr'><strong>illis</strong></span> <span class='ocrx_word' id='word_1_230' title='bbox 1103 1727 1273 1797; x_wconf 89' lang='lat' dir='ltr'><strong>temporalia,</strong></span> <span class='ocrx_word' id='word_1_231' title='bbox 1284 1736 1417 1799; x_wconf 86' lang='lat' dir='ltr'><strong>quantum</strong></span> <span class='ocrx_word' id='word_1_232' title='bbox 1428 1727 1462 1783; x_wconf 82' lang='lat' dir='ltr'><strong>arl</strong></span> <span class='ocrx_word' id='word_1_233' title='bbox 1475 1726 1646 1797; x_wconf 81' lang='lat' dir='ltr'><strong>superficiem</strong></span> <span class='ocrx_word' id='word_1_234' title='bbox 1660 1724 1831 1791; x_wconf 70' lang='lat' dir='ltr'><strong>litterature,</strong></span> 
     </span>
     <span class='ocr_line' id='line_1_18' title="bbox 191 1814 1832 1889; baseline 0.001 -19"><span class='ocrx_word' id='word_1_235' title='bbox 191 1817 361 1888; x_wconf 71' lang='lat' dir='ltr'><strong>praeterierit,</strong></span> <span class='ocrx_word' id='word_1_236' title='bbox 385 1824 414 1872; x_wconf 91' lang='lat' dir='ltr'><strong>et</strong></span> <span class='ocrx_word' id='word_1_237' title='bbox 432 1816 469 1871; x_wconf 91' lang='lat' dir='ltr'><strong>eb</strong></span> <span class='ocrx_word' id='word_1_238' title='bbox 491 1816 544 1871; x_wconf 89' lang='lat' dir='ltr'><strong>trec</strong></span> <span class='ocrx_word' id='word_1_239' title='bbox 557 1816 633 1872; x_wconf 92' lang='lat' dir='ltr'><strong>selus</strong></span> <span class='ocrx_word' id='word_1_240' title='bbox 649 1816 707 1888; x_wconf 80' lang='lat' dir='ltr'><strong>ipse</strong></span> <span class='ocrx_word' id='word_1_241' title='bbox 724 1815 752 1870; x_wconf 90' lang='lat' dir='ltr'><strong>in</strong></span> <span class='ocrx_word' id='word_1_242' title='bbox 766 1814 848 1871; x_wconf 87' lang='lat' dir='ltr'><strong>deme</strong></span> <span class='ocrx_word' id='word_1_243' title='bbox 873 1826 988 1887; x_wconf 87' lang='lat' dir='ltr'><strong>paterna</strong></span> <span class='ocrx_word' id='word_1_244' title='bbox 1038 1816 1176 1888; x_wconf 84' lang='lat' dir='ltr'><strong>premisit.</strong></span> <span class='ocrx_word' id='word_1_245' title='bbox 1194 1814 1326 1873; x_wconf 82' lang='lat' dir='ltr'><strong>Perverse</strong></span> <span class='ocrx_word' id='word_1_246' title='bbox 1344 1818 1473 1874; x_wconf 90' lang='lat' dir='ltr'><strong>nimirum</strong></span> <span class='ocrx_word' id='word_1_247' title='bbox 1492 1816 1544 1872; x_wconf 90' lang='lat' dir='ltr'><strong>luit</strong></span> <span class='ocrx_word' id='word_1_248' title='bbox 1557 1817 1609 1872; x_wconf 85' lang='lat' dir='ltr'><strong>ista</strong></span> <span class='ocrx_word' id='word_1_249' title='bbox 1624 1817 1768 1889; x_wconf 78' lang='lat' dir='ltr'><strong>negotiatio</strong></span> <span class='ocrx_word' id='word_1_250' title='bbox 1783 1832 1832 1887; x_wconf 94' lang='lat' dir='ltr'><strong>pro</strong></span> 
     </span>
     <span class='ocr_line' id='line_1_19' title="bbox 193 1898 1831 1980; baseline 0.002 -20"><span class='ocrx_word' id='word_1_251' title='bbox 193 1898 281 1962; x_wconf 78' lang='lat' dir='ltr'><strong>baares</strong></span> <span class='ocrx_word' id='word_1_252' title='bbox 292 1921 354 1961; x_wconf 81' lang='lat' dir='ltr'><strong>esse</strong></span> <span class='ocrx_word' id='word_1_253' title='bbox 368 1906 476 1971; x_wconf 80' lang='lat' dir='ltr'><strong>debeat,</strong></span> <span class='ocrx_word' id='word_1_254' title='bbox 491 1906 622 1976; x_wconf 90' lang='lat' dir='ltr'><strong>queniam</strong></span> <span class='ocrx_word' id='word_1_255' title='bbox 637 1921 688 1976; x_wconf 89' lang='lat' dir='ltr'><strong>cgo</strong></span> <span class='ocrx_word' id='word_1_256' title='bbox 698 1905 900 1963; x_wconf 87' lang='lat' dir='ltr'><strong>adolescentior</strong></span> <span class='ocrx_word' id='word_1_257' title='bbox 914 1906 988 1963; x_wconf 78' lang='lat' dir='ltr'><strong>iilius</strong></span> <span class='ocrx_word' id='word_1_258' title='bbox 1039 1907 1233 1979; x_wconf 82' lang='lat' dir='ltr'><strong>temporalibus</strong></span> <span class='ocrx_word' id='word_1_259' title='bbox 1251 1916 1356 1964; x_wconf 87' lang='lat' dir='ltr'><strong>tautum</strong></span> <span class='ocrx_word' id='word_1_260' title='bbox 1371 1909 1475 1964; x_wconf 74' lang='lat' dir='ltr'><strong>seruire</strong></span> <span class='ocrx_word' id='word_1_261' title='bbox 1488 1907 1544 1964; x_wconf 85' lang='lat' dir='ltr'><strong>Dee</strong></span> <span class='ocrx_word' id='word_1_262' title='bbox 1559 1908 1586 1964; x_wconf 90' lang='lat' dir='ltr'><strong>itt</strong></span> <span class='ocrx_word' id='word_1_263' title='bbox 1599 1908 1754 1980; x_wconf 82' lang='lat' dir='ltr'><strong>judaisme:</strong></span> <span class='ocrx_word' id='word_1_264' title='bbox 1768 1924 1831 1980; x_wconf 88' lang='lat' dir='ltr'><strong>per·</strong></span> 
     </span>
     <span class='ocr_line' id='line_1_20' title="bbox 192 1996 1833 2074; baseline 0.003 -22"><span class='ocrx_word' id='word_1_265' title='bbox 192 2013 244 2068; x_wconf 84' lang='lat' dir='ltr'><strong>ege</strong></span> <span class='ocrx_word' id='word_1_266' title='bbox 260 1998 378 2068; x_wconf 89' lang='lat' dir='ltr'><strong>populus</strong></span> <span class='ocrx_word' id='word_1_267' title='bbox 398 1999 533 2069; x_wconf 76' lang='lat' dir='ltr'><strong>genitium,</strong></span> <span class='ocrx_word' id='word_1_268' title='bbox 557 1997 605 2069; x_wconf 91' lang='lat' dir='ltr'><strong>qui</strong></span> <span class='ocrx_word' id='word_1_269' title='bbox 628 1996 786 2055; x_wconf 77' lang='lat' dir='ltr'><strong>laetabare</strong></span> <span class='ocrx_word' id='word_1_270' title='bbox 811 1999 987 2070; x_wconf 87' lang='lat' dir='ltr'><strong>intenebris,</strong></span> <span class='ocrx_word' id='word_1_271' title='bbox 1037 2015 1116 2056; x_wconf 77' lang='lat' dir='ltr'><strong>versa</strong></span> <span class='ocrx_word' id='word_1_272' title='bbox 1130 2010 1172 2056; x_wconf 90' lang='lat' dir='ltr'><strong>est</strong></span> <span class='ocrx_word' id='word_1_273' title='bbox 1185 2001 1275 2057; x_wconf 85' lang='lat' dir='ltr'><strong>adbuc</strong></span> <span class='ocrx_word' id='word_1_274' title='bbox 1291 2001 1317 2056; x_wconf 92' lang='lat' dir='ltr'><strong>in</strong></span> <span class='ocrx_word' id='word_1_275' title='bbox 1334 2001 1538 2059; x_wconf 81' lang='lat' dir='ltr'><strong>christianismo</strong></span> <span class='ocrx_word' id='word_1_276' title='bbox 1553 2003 1615 2058; x_wconf 85' lang='lat' dir='ltr'><strong>talis</strong></span> <span class='ocrx_word' id='word_1_277' title='bbox 1635 2003 1791 2074; x_wconf 82' lang='lat' dir='ltr'><strong>rreqotietie,</strong></span> <span class='ocrx_word' id='word_1_278' title='bbox 1804 2010 1833 2057; x_wconf 89' lang='lat' dir='ltr'><strong>et</strong></span> 
     </span>
     <span class='ocr_line' id='line_1_21' title="bbox 191 2087 1832 2164; baseline 0.003 -24"><span class='ocrx_word' id='word_1_279' title='bbox 191 2087 245 2142; x_wconf 83' lang='lat' dir='ltr'><strong>niet</strong></span> <span class='ocrx_word' id='word_1_280' title='bbox 258 2088 347 2143; x_wconf 88' lang='lat' dir='ltr'><strong>lucem</strong></span> <span class='ocrx_word' id='word_1_281' title='bbox 361 2103 500 2159; x_wconf 90' lang='lat' dir='ltr'><strong>maguam,</strong></span> <span class='ocrx_word' id='word_1_282' title='bbox 515 2087 568 2143; x_wconf 83' lang='lat' dir='ltr'><strong>rtet</strong></span> <span class='ocrx_word' id='word_1_283' title='bbox 584 2088 790 2146; x_wconf 87' lang='lat' dir='ltr'><strong>clementissimi</strong></span> <span class='ocrx_word' id='word_1_284' title='bbox 811 2089 902 2149; x_wconf 84' lang='lat' dir='ltr'><strong>Patris</strong></span> <span class='ocrx_word' id='word_1_285' title='bbox 921 2107 986 2162; x_wconf 85' lang='lat' dir='ltr'><strong>erga</strong></span> <span class='ocrx_word' id='word_1_286' title='bbox 1038 2090 1196 2160; x_wconf 77' lang='lat' dir='ltr'><strong>huiusmodi</strong></span> <span class='ocrx_word' id='word_1_287' title='bbox 1215 2092 1397 2163; x_wconf 88' lang='lat' dir='ltr'><strong>negotiatores</strong></span> <span class='ocrx_word' id='word_1_288' title='bbox 1419 2092 1525 2164; x_wconf 80' lang='lat' dir='ltr'><strong>flagello</strong></span> <span class='ocrx_word' id='word_1_289' title='bbox 1544 2091 1689 2148; x_wconf 82' lang='lat' dir='ltr'><strong>Denuuiee</strong></span> <span class='ocrx_word' id='word_1_290' title='bbox 1714 2091 1832 2162; x_wconf 86' lang='lat' dir='ltr'><strong>ejiciun-</strong></span> 
     </span>
     <span class='ocr_line' id='line_1_22' title="bbox 192 2179 1832 2254; baseline 0.002 -19"><span class='ocrx_word' id='word_1_291' title='bbox 192 2196 237 2239; x_wconf 87' lang='lat' dir='ltr'><strong>me</strong></span> <span class='ocrx_word' id='word_1_292' title='bbox 255 2179 383 2251; x_wconf 88' lang='lat' dir='ltr'><strong>pietatem</strong></span> <span class='ocrx_word' id='word_1_293' title='bbox 412 2180 557 2250; x_wconf 81' lang='lat' dir='ltr'><strong>dignanter</strong></span> <span class='ocrx_word' id='word_1_294' title='bbox 582 2179 670 2251; x_wconf 88' lang='lat' dir='ltr'><strong>ipsius</strong></span> <span class='ocrx_word' id='word_1_295' title='bbox 689 2180 828 2239; x_wconf 86' lang='lat' dir='ltr'><strong>admissus</strong></span> <span class='ocrx_word' id='word_1_296' title='bbox 841 2183 947 2248; x_wconf 86' lang='lat' dir='ltr'><strong>esculo,</strong></span> <span class='ocrx_word' id='word_1_297' title='bbox 959 2192 989 2240; x_wconf 90' lang='lat' dir='ltr'><strong>ct</strong></span> <span class='ocrx_word' id='word_1_298' title='bbox 1037 2191 1083 2239; x_wconf 90' lang='lat' dir='ltr'><strong>tur</strong></span> <span class='ocrx_word' id='word_1_299' title='bbox 1095 2181 1251 2253; x_wconf 84' lang='lat' dir='ltr'><strong>tieteurpio,</strong></span> <span class='ocrx_word' id='word_1_300' title='bbox 1268 2197 1357 2254; x_wconf 88' lang='lat' dir='ltr'><strong>neque</strong></span> <span class='ocrx_word' id='word_1_301' title='bbox 1374 2183 1473 2254; x_wconf 80' lang='lat' dir='ltr'><strong>aliquis</strong></span> <span class='ocrx_word' id='word_1_302' title='bbox 1493 2181 1588 2238; x_wconf 88' lang='lat' dir='ltr'><strong>talium</strong></span> <span class='ocrx_word' id='word_1_303' title='bbox 1604 2182 1720 2237; x_wconf 79' lang='lat' dir='ltr'><strong>introire</strong></span> <span class='ocrx_word' id='word_1_304' title='bbox 1733 2181 1832 2253; x_wconf 76' lang='lat' dir='ltr'><strong>proterit</strong></span> 
     </span>
     <span class='ocr_line' id='line_1_23' title="bbox 190 2272 1832 2347; baseline -0.002 -18"><span class='ocrx_word' id='word_1_305' title='bbox 190 2274 252 2347; x_wconf 77' lang='lat' dir='ltr'><strong>ejus</strong></span> <span class='ocrx_word' id='word_1_306' title='bbox 265 2273 345 2343; x_wconf 86' lang='lat' dir='ltr'><strong>jussu</strong></span> <span class='ocrx_word' id='word_1_307' title='bbox 361 2272 450 2343; x_wconf 87' lang='lat' dir='ltr'><strong>prima</strong></span> <span class='ocrx_word' id='word_1_308' title='bbox 472 2273 541 2328; x_wconf 87' lang='lat' dir='ltr'><strong>stela</strong></span> <span class='ocrx_word' id='word_1_309' title='bbox 556 2272 679 2342; x_wconf 84' lang='lat' dir='ltr'><strong>indutus,</strong></span> <span class='ocrx_word' id='word_1_310' title='bbox 705 2274 808 2331; x_wconf 87' lang='lat' dir='ltr'><strong>annulo</strong></span> <span class='ocrx_word' id='word_1_311' title='bbox 824 2274 886 2331; x_wconf 84' lang='lat' dir='ltr'><strong>leet</strong></span> <span class='ocrx_word' id='word_1_312' title='bbox 903 2291 987 2331; x_wconf 89' lang='lat' dir='ltr'><strong>orua-</strong></span> <span class='ocrx_word' id='word_1_313' title='bbox 1037 2274 1065 2329; x_wconf 86' lang='lat' dir='ltr'><strong>ia</strong></span> <span class='ocrx_word' id='word_1_314' title='bbox 1083 2274 1216 2345; x_wconf 79' lang='lat' dir='ltr'><strong>potentiue</strong></span> <span class='ocrx_word' id='word_1_315' title='bbox 1234 2272 1353 2341; x_wconf 82' lang='lat' dir='ltr'><strong>Domini,</strong></span> <span class='ocrx_word' id='word_1_316' title='bbox 1368 2290 1431 2330; x_wconf 87' lang='lat' dir='ltr'><strong>eunt</strong></span> <span class='ocrx_word' id='word_1_317' title='bbox 1447 2274 1504 2330; x_wconf 86' lang='lat' dir='ltr'><strong>sint</strong></span> <span class='ocrx_word' id='word_1_318' title='bbox 1524 2283 1600 2330; x_wconf 84' lang='lat' dir='ltr'><strong>crtra</strong></span> <span class='ocrx_word' id='word_1_319' title='bbox 1621 2273 1753 2343; x_wconf 86' lang='lat' dir='ltr'><strong>templum</strong></span> <span class='ocrx_word' id='word_1_320' title='bbox 1767 2286 1832 2342; x_wconf 90' lang='lat' dir='ltr'><strong>pre·</strong></span> 
     </span>
     <span class='ocr_line' id='line_1_24' title="bbox 192 2363 1830 2439; baseline -0.002 -19"><span class='ocrx_word' id='word_1_321' title='bbox 192 2372 248 2432; x_wconf 86' lang='lat' dir='ltr'><strong>tus,</strong></span> <span class='ocrx_word' id='word_1_322' title='bbox 263 2373 291 2420; x_wconf 92' lang='lat' dir='ltr'><strong>et</strong></span> <span class='ocrx_word' id='word_1_323' title='bbox 303 2364 332 2421; x_wconf 90' lang='lat' dir='ltr'><strong>iu</strong></span> <span class='ocrx_word' id='word_1_324' title='bbox 346 2364 572 2435; x_wconf 75' lang='lat' dir='ltr'><strong>praeparationem</strong></span> <span class='ocrx_word' id='word_1_325' title='bbox 598 2363 736 2439; x_wconf 77' lang='lat' dir='ltr'><strong>Evangelii</strong></span> <span class='ocrx_word' id='word_1_326' title='bbox 756 2366 832 2438; x_wconf 89' lang='lat' dir='ltr'><strong>pacis</strong></span> <span class='ocrx_word' id='word_1_327' title='bbox 849 2367 987 2423; x_wconf 84' lang='lat' dir='ltr'><strong>calceatus</strong></span> <span class='ocrx_word' id='word_1_328' title='bbox 1036 2363 1112 2435; x_wconf 82' lang='lat' dir='ltr'><strong>ieeti,</strong></span> <span class='ocrx_word' id='word_1_329' title='bbox 1128 2374 1155 2420; x_wconf 89' lang='lat' dir='ltr'><strong>ct</strong></span> <span class='ocrx_word' id='word_1_330' title='bbox 1169 2380 1184 2420; x_wconf 91' lang='lat' dir='ltr'><strong>a</strong></span> <span class='ocrx_word' id='word_1_331' title='bbox 1198 2367 1317 2437; x_wconf 87' lang='lat' dir='ltr'><strong>potentia</strong></span> <span class='ocrx_word' id='word_1_332' title='bbox 1339 2365 1448 2421; x_wconf 72' lang='lat' dir='ltr'><strong>uirtutis</strong></span> <span class='ocrx_word' id='word_1_333' title='bbox 1469 2364 1570 2421; x_wconf 79' lang='lat' dir='ltr'><strong>riiriuae</strong></span> <span class='ocrx_word' id='word_1_334' title='bbox 1590 2364 1700 2436; x_wconf 86' lang='lat' dir='ltr'><strong>penitus</strong></span> <span class='ocrx_word' id='word_1_335' title='bbox 1721 2363 1830 2419; x_wconf 84' lang='lat' dir='ltr'><strong>alienati</strong></span> 
     </span>
     <span class='ocr_line' id='line_1_25' title="bbox 191 2450 1831 2529; baseline -0.001 -17"><span class='ocrx_word' id='word_1_336' title='bbox 191 2456 283 2512; x_wconf 80' lang='lat' dir='ltr'><strong>autliri</strong></span> <span class='ocrx_word' id='word_1_337' title='bbox 317 2457 390 2526; x_wconf 89' lang='lat' dir='ltr'><strong>pianr</strong></span> <span class='ocrx_word' id='word_1_338' title='bbox 418 2456 628 2527; x_wconf 76' lang='lat' dir='ltr'><strong>gratulationem</strong></span> <span class='ocrx_word' id='word_1_339' title='bbox 657 2458 744 2529; x_wconf 88' lang='lat' dir='ltr'><strong>ipsius</strong></span> <span class='ocrx_word' id='word_1_340' title='bbox 768 2458 884 2515; x_wconf 87' lang='lat' dir='ltr'><strong>dicentis</strong></span> <span class='ocrx_word' id='word_1_341' title='bbox 908 2456 987 2515; x_wconf 89' lang='lat' dir='ltr'><strong>iratri</strong></span> <span class='ocrx_word' id='word_1_342' title='bbox 1038 2454 1145 2511; x_wconf 79' lang='lat' dir='ltr'><strong>dioente</strong></span> <span class='ocrx_word' id='word_1_343' title='bbox 1163 2454 1243 2512; x_wconf 86' lang='lat' dir='ltr'><strong>Petro</strong></span> <span class='ocrx_word' id='word_1_344' title='bbox 1258 2457 1292 2512; x_wconf 86' lang='lat' dir='ltr'><strong>ad</strong></span> <span class='ocrx_word' id='word_1_345' title='bbox 1308 2454 1448 2512; x_wconf 85' lang='lat' dir='ltr'><strong>Simonem</strong></span> <span class='ocrx_word' id='word_1_346' title='bbox 1464 2454 1572 2527; x_wconf 87' lang='lat' dir='ltr'><strong>blagum</strong></span> <span class='ocrx_word' id='word_1_347' title='bbox 1587 2475 1594 2511; x_wconf 74' lang='grc' dir='ltr'><strong>ι</strong></span> <span class='ocrx_word' id='word_1_348' title='bbox 1611 2474 1621 2509; x_wconf 83' lang='lat' dir='ltr'><strong>e</strong></span> <span class='ocrx_word' id='word_1_349' title='bbox 1636 2452 1696 2509; x_wconf 85' lang='lat' dir='ltr'><strong>Neu</strong></span> <span class='ocrx_word' id='word_1_350' title='bbox 1717 2462 1760 2509; x_wconf 89' lang='lat' dir='ltr'><strong>est</strong></span> <span class='ocrx_word' id='word_1_351' title='bbox 1782 2450 1831 2507; x_wconf 93' lang='lat' dir='ltr'><strong>tibi</strong></span> 
     </span>
     <span class='ocr_line' id='line_1_26' title="bbox 190 2544 1829 2621; baseline -0.001 -19"><span class='ocrx_word' id='word_1_352' title='bbox 190 2562 254 2619; x_wconf 80' lang='lat' dir='ltr'><strong>mco</strong></span> <span class='ocrx_word' id='word_1_353' title='bbox 266 2547 367 2603; x_wconf 71' lang='lat' dir='ltr'><strong>seniori</strong></span> <span class='ocrx_word' id='word_1_354' title='bbox 383 2565 390 2603; x_wconf 74' lang='grc' dir='ltr'><strong>ε</strong></span> <span class='ocrx_word' id='word_1_355' title='bbox 407 2567 417 2600; x_wconf 78' lang='grc' dir='ltr'><strong>ι</strong></span> <span class='ocrx_word' id='word_1_356' title='bbox 431 2545 545 2619; x_wconf 79' lang='lat' dir='ltr'><strong>Oportet</strong></span> <span class='ocrx_word' id='word_1_357' title='bbox 566 2557 604 2616; x_wconf 88' lang='lat' dir='ltr'><strong>te,</strong></span> <span class='ocrx_word' id='word_1_358' title='bbox 620 2548 670 2618; x_wconf 81' lang='lat' dir='ltr'><strong>suli,</strong></span> <span class='ocrx_word' id='word_1_359' title='bbox 684 2549 812 2621; x_wconf 86' lang='lat' dir='ltr'><strong>gaudere,</strong></span> <span class='ocrx_word' id='word_1_360' title='bbox 827 2551 891 2621; x_wconf 80' lang='lat' dir='ltr'><strong>quia</strong></span> <span class='ocrx_word' id='word_1_361' title='bbox 903 2549 987 2606; x_wconf 89' lang='lat' dir='ltr'><strong>irater</strong></span> <span class='ocrx_word' id='word_1_362' title='bbox 1037 2561 1112 2617; x_wconf 88' lang='lat' dir='ltr'><strong>pars,</strong></span> <span class='ocrx_word' id='word_1_363' title='bbox 1129 2562 1217 2619; x_wconf 92' lang='lat' dir='ltr'><strong>neque</strong></span> <span class='ocrx_word' id='word_1_364' title='bbox 1228 2563 1290 2605; x_wconf 88' lang='lat' dir='ltr'><strong>sors</strong></span> <span class='ocrx_word' id='word_1_365' title='bbox 1304 2549 1331 2604; x_wconf 96' lang='lat' dir='ltr'><strong>in</strong></span> <span class='ocrx_word' id='word_1_366' title='bbox 1349 2562 1476 2605; x_wconf 88' lang='lat' dir='ltr'><strong>sermone</strong></span> <span class='ocrx_word' id='word_1_367' title='bbox 1495 2547 1561 2612; x_wconf 88' lang='lat' dir='ltr'><strong>iste,</strong></span> <span class='ocrx_word' id='word_1_368' title='bbox 1581 2544 1711 2617; x_wconf 91' lang='lat' dir='ltr'><strong>queniam</strong></span> <span class='ocrx_word' id='word_1_369' title='bbox 1729 2545 1829 2600; x_wconf 77' lang='lat' dir='ltr'><strong>tionum</strong></span> 
     </span>
     <span class='ocr_line' id='line_1_27' title="bbox 192 2634 1827 2710; baseline -0.004 -16"><span class='ocrx_word' id='word_1_370' title='bbox 192 2649 258 2696; x_wconf 91' lang='lat' dir='ltr'><strong>tuus</strong></span> <span class='ocrx_word' id='word_1_371' title='bbox 271 2649 398 2694; x_wconf 88' lang='lat' dir='ltr'><strong>mortuus</strong></span> <span class='ocrx_word' id='word_1_372' title='bbox 411 2636 502 2694; x_wconf 89' lang='lat' dir='ltr'><strong>lucrat</strong></span> <span class='ocrx_word' id='word_1_373' title='bbox 521 2646 549 2694; x_wconf 89' lang='lat' dir='ltr'><strong>ct</strong></span> <span class='ocrx_word' id='word_1_374' title='bbox 567 2638 675 2706; x_wconf 81' lang='lat' dir='ltr'><strong>reuixit,</strong></span> <span class='ocrx_word' id='word_1_375' title='bbox 690 2639 809 2710; x_wconf 85' lang='lat' dir='ltr'><strong>perierat</strong></span> <span class='ocrx_word' id='word_1_376' title='bbox 820 2649 848 2696; x_wconf 90' lang='lat' dir='ltr'><strong>ct</strong></span> <span class='ocrx_word' id='word_1_377' title='bbox 859 2640 987 2695; x_wconf 84' lang='lat' dir='ltr'><strong>inuentus</strong></span> <span class='ocrx_word' id='word_1_378' title='bbox 1038 2634 1086 2692; x_wconf 83' lang='lat' dir='ltr'><strong>bct</strong></span> <span class='ocrx_word' id='word_1_379' title='bbox 1097 2637 1260 2694; x_wconf 77' lang='lat' dir='ltr'><strong>existimasti</strong></span> <span class='ocrx_word' id='word_1_380' title='bbox 1270 2638 1387 2710; x_wconf 87' lang='lat' dir='ltr'><strong>pecunia</strong></span> <span class='ocrx_word' id='word_1_381' title='bbox 1400 2635 1535 2710; x_wconf 89' lang='lat' dir='ltr'><strong>possideri</strong></span> <span class='ocrx_word' id='word_1_382' title='bbox 1547 2634 1801 2706; x_wconf 58' lang='lat' dir='ltr'><strong>(inemeribile.</strong></span> <span class='ocrx_word' id='word_1_383' title='bbox 1817 2653 1827 2687; x_wconf 85' lang='lat' dir='ltr'><strong>r</strong></span> 
     </span>
     <span class='ocr_line' id='line_1_28' title="bbox 190 2725 1831 2804; baseline -0.004 -17"><span class='ocrx_word' id='word_1_384' title='bbox 190 2741 234 2787; x_wconf 87' lang='lat' dir='ltr'><strong>est</strong></span> <span class='ocrx_word' id='word_1_385' title='bbox 253 2729 331 2804; x_wconf 81' lang='lat' dir='ltr'><strong>(bec.</strong></span> <span class='ocrx_word' id='word_1_386' title='bbox 345 2747 390 2796; x_wconf 84' lang='grc' dir='ltr'><strong>ιι,</strong></span> <span class='ocrx_word' id='word_1_387' title='bbox 406 2731 485 2800; x_wconf 62' lang='lat' dir='ltr'><strong>bita</strong></span> <span class='ocrx_word' id='word_1_388' title='bbox 508 2730 632 2787; x_wconf 89' lang='lat' dir='ltr'><strong>llertuus</strong></span> <span class='ocrx_word' id='word_1_389' title='bbox 650 2731 751 2803; x_wconf 88' lang='lat' dir='ltr'><strong>quippe</strong></span> <span class='ocrx_word' id='word_1_390' title='bbox 766 2730 818 2799; x_wconf 90' lang='lat' dir='ltr'><strong>lui,</strong></span> <span class='ocrx_word' id='word_1_391' title='bbox 835 2731 882 2788; x_wconf 85' lang='lat' dir='ltr'><strong>seri</strong></span> <span class='ocrx_word' id='word_1_392' title='bbox 900 2733 986 2787; x_wconf 79' lang='lat' dir='ltr'><strong>rcrixi</strong></span> <span class='ocrx_word' id='word_1_393' title='bbox 1036 2727 1098 2797; x_wconf 78' lang='lat' dir='ltr'><strong>Quo</strong></span> <span class='ocrx_word' id='word_1_394' title='bbox 1117 2728 1191 2785; x_wconf 71' lang='lat' dir='ltr'><strong>dieto</strong></span> <span class='ocrx_word' id='word_1_395' title='bbox 1204 2729 1278 2787; x_wconf 88' lang='lat' dir='ltr'><strong>iliius</strong></span> <span class='ocrx_word' id='word_1_396' title='bbox 1291 2729 1417 2803; x_wconf 81' lang='lat' dir='ltr'><strong>pessimae</strong></span> <span class='ocrx_word' id='word_1_397' title='bbox 1435 2728 1622 2801; x_wconf 72' lang='lat' dir='ltr'><strong>repetierimus</strong></span> <span class='ocrx_word' id='word_1_398' title='bbox 1639 2726 1764 2799; x_wconf 74' lang='lat' dir='ltr'><strong>arguitur</strong></span> <span class='ocrx_word' id='word_1_399' title='bbox 1786 2725 1831 2781; x_wconf 94' lang='lat' dir='ltr'><strong>in·</strong></span> 
     </span>
     <span class='ocr_line' id='line_1_29' title="bbox 191 2817 1829 2895; baseline -0.003 -15"><span class='ocrx_word' id='word_1_400' title='bbox 191 2837 239 2894; x_wconf 89' lang='lat' dir='ltr'><strong>per</strong></span> <span class='ocrx_word' id='word_1_401' title='bbox 251 2823 376 2880; x_wconf 90' lang='lat' dir='ltr'><strong>osculum</strong></span> <span class='ocrx_word' id='word_1_402' title='bbox 393 2821 483 2878; x_wconf 84' lang='lat' dir='ltr'><strong>Patris</strong></span> <span class='ocrx_word' id='word_1_403' title='bbox 497 2823 625 2895; x_wconf 86' lang='lat' dir='ltr'><strong>piissimi,</strong></span> <span class='ocrx_word' id='word_1_404' title='bbox 646 2822 693 2895; x_wconf 91' lang='lat' dir='ltr'><strong>qui</strong></span> <span class='ocrx_word' id='word_1_405' title='bbox 712 2837 745 2878; x_wconf 80' lang='lat' dir='ltr'><strong>es</strong></span> <span class='ocrx_word' id='word_1_406' title='bbox 760 2838 842 2878; x_wconf 88' lang='lat' dir='ltr'><strong>suunt</strong></span> <span class='ocrx_word' id='word_1_407' title='bbox 858 2821 899 2877; x_wconf 89' lang='lat' dir='ltr'><strong>eri</strong></span> <span class='ocrx_word' id='word_1_408' title='bbox 923 2838 986 2880; x_wconf 86' lang='lat' dir='ltr'><strong>tneo</strong></span> <span class='ocrx_word' id='word_1_409' title='bbox 1037 2821 1132 2886; x_wconf 81' lang='grc' dir='ltr'><strong>ιιιιιίο,</strong></span> <span class='ocrx_word' id='word_1_410' title='bbox 1148 2837 1201 2892; x_wconf 78' lang='lat' dir='ltr'><strong>qua</strong></span> <span class='ocrx_word' id='word_1_411' title='bbox 1214 2822 1259 2877; x_wconf 88' lang='lat' dir='ltr'><strong>ille</strong></span> <span class='ocrx_word' id='word_1_412' title='bbox 1279 2821 1433 2878; x_wconf 85' lang='lat' dir='ltr'><strong>intenderat</strong></span> <span class='ocrx_word' id='word_1_413' title='bbox 1446 2823 1487 2877; x_wconf 92' lang='lat' dir='ltr'><strong>sie</strong></span> <span class='ocrx_word' id='word_1_414' title='bbox 1499 2820 1601 2877; x_wconf 85' lang='lat' dir='ltr'><strong>dunum</strong></span> <span class='ocrx_word' id='word_1_415' title='bbox 1616 2817 1662 2875; x_wconf 79' lang='lat' dir='ltr'><strong>liei</strong></span> <span class='ocrx_word' id='word_1_416' title='bbox 1677 2819 1756 2891; x_wconf 88' lang='lat' dir='ltr'><strong>quasi</strong></span> <span class='ocrx_word' id='word_1_417' title='bbox 1766 2834 1829 2889; x_wconf 92' lang='lat' dir='ltr'><strong>pre·</strong></span> 
     </span>
     <span class='ocr_line' id='line_1_30' title="bbox 189 2912 1828 2987; baseline -0.002 -17"><span class='ocrx_word' id='word_1_418' title='bbox 189 2915 322 2986; x_wconf 86' lang='lat' dir='ltr'><strong>applicuit</strong></span> <span class='ocrx_word' id='word_1_419' title='bbox 333 2915 432 2972; x_wconf 88' lang='lat' dir='ltr'><strong>iterate</strong></span> <span class='ocrx_word' id='word_1_420' title='bbox 444 2916 583 2987; x_wconf 88' lang='lat' dir='ltr'><strong>inspirans</strong></span> <span class='ocrx_word' id='word_1_421' title='bbox 599 2916 627 2970; x_wconf 93' lang='lat' dir='ltr'><strong>in</strong></span> <span class='ocrx_word' id='word_1_422' title='bbox 647 2914 748 2972; x_wconf 82' lang='lat' dir='ltr'><strong>faeiem</strong></span> <span class='ocrx_word' id='word_1_423' title='bbox 761 2930 850 2971; x_wconf 86' lang='lat' dir='ltr'><strong>meant</strong></span> <span class='ocrx_word' id='word_1_424' title='bbox 864 2919 987 2987; x_wconf 70' lang='lat' dir='ltr'><strong>spiracu-</strong></span> <span class='ocrx_word' id='word_1_425' title='bbox 1036 2915 1127 2986; x_wconf 93' lang='lat' dir='ltr'><strong>prium</strong></span> <span class='ocrx_word' id='word_1_426' title='bbox 1145 2914 1295 2984; x_wconf 86' lang='lat' dir='ltr'><strong>possidere,</strong></span> <span class='ocrx_word' id='word_1_427' title='bbox 1321 2924 1350 2970; x_wconf 93' lang='lat' dir='ltr'><strong>ut</strong></span> <span class='ocrx_word' id='word_1_428' title='bbox 1375 2914 1442 2969; x_wconf 86' lang='lat' dir='ltr'><strong>illuri</strong></span> <span class='ocrx_word' id='word_1_429' title='bbox 1470 2912 1554 2969; x_wconf 67' lang='lat' dir='ltr'><strong>murel</strong></span> <span class='ocrx_word' id='word_1_430' title='bbox 1579 2922 1700 2983; x_wconf 90' lang='lat' dir='ltr'><strong>emptum</strong></span> <span class='ocrx_word' id='word_1_431' title='bbox 1725 2922 1828 2984; x_wconf 71' lang='lat' dir='ltr'><strong>posset,</strong></span> 
     </span>
     <span class='ocr_line' id='line_1_31' title="bbox 190 3001 1829 3089; baseline -0.002 -30"><span class='ocrx_word' id='word_1_432' title='bbox 190 3005 248 3060; x_wconf 89' lang='lat' dir='ltr'><strong>lum</strong></span> <span class='ocrx_word' id='word_1_433' title='bbox 265 3006 338 3072; x_wconf 87' lang='lat' dir='ltr'><strong>vitae,</strong></span> <span class='ocrx_word' id='word_1_434' title='bbox 353 3004 401 3060; x_wconf 85' lang='lat' dir='ltr'><strong>sed</strong></span> <span class='ocrx_word' id='word_1_435' title='bbox 422 3005 569 3061; x_wconf 81' lang='lat' dir='ltr'><strong>sanctioris</strong></span> <span class='ocrx_word' id='word_1_436' title='bbox 587 3020 669 3075; x_wconf 92' lang='lat' dir='ltr'><strong>quam</strong></span> <span class='ocrx_word' id='word_1_437' title='bbox 685 3005 784 3075; x_wconf 89' lang='lat' dir='ltr'><strong>prime.</strong></span> <span class='ocrx_word' id='word_1_438' title='bbox 805 3002 873 3060; x_wconf 90' lang='lat' dir='ltr'><strong>Nam</strong></span> <span class='ocrx_word' id='word_1_439' title='bbox 894 3006 1020 3089; x_wconf 67' lang='lat' dir='ltr'><strong>primec</strong></span> <span class='ocrx_word' id='word_1_440' title='bbox 1036 3005 1144 3078; x_wconf 89' lang='lat' dir='ltr'><strong>quoties</strong></span> <span class='ocrx_word' id='word_1_441' title='bbox 1169 3006 1258 3074; x_wconf 80' lang='lat' dir='ltr'><strong>uellet,</strong></span> <span class='ocrx_word' id='word_1_442' title='bbox 1286 3005 1411 3061; x_wconf 86' lang='lat' dir='ltr'><strong>reudere.</strong></span> <span class='ocrx_word' id='word_1_443' title='bbox 1439 3003 1533 3075; x_wconf 82' lang='lat' dir='ltr'><strong>Neque</strong></span> <span class='ocrx_word' id='word_1_444' title='bbox 1559 3001 1633 3058; x_wconf 89' lang='lat' dir='ltr'><strong>enirn</strong></span> <span class='ocrx_word' id='word_1_445' title='bbox 1657 3002 1829 3074; x_wconf 84' lang='lat' dir='ltr'><strong>evangelicus</strong></span> 
     </span>
     <span class='ocr_line' id='line_1_32' title="bbox 189 3092 1829 3169; baseline -0.005 -16"><span class='ocrx_word' id='word_1_446' title='bbox 189 3097 301 3169; x_wconf 78' lang='lat' dir='ltr'><strong>quidem</strong></span> <span class='ocrx_word' id='word_1_447' title='bbox 316 3097 343 3152; x_wconf 88' lang='lat' dir='ltr'><strong>in</strong></span> <span class='ocrx_word' id='word_1_448' title='bbox 357 3097 477 3152; x_wconf 90' lang='lat' dir='ltr'><strong>animaru</strong></span> <span class='ocrx_word' id='word_1_449' title='bbox 488 3097 624 3152; x_wconf 83' lang='lat' dir='ltr'><strong>virentem</strong></span> <span class='ocrx_word' id='word_1_450' title='bbox 640 3099 742 3152; x_wconf 84' lang='lat' dir='ltr'><strong>crearit</strong></span> <span class='ocrx_word' id='word_1_451' title='bbox 755 3112 808 3164; x_wconf 87' lang='lat' dir='ltr'><strong>tue,</strong></span> <span class='ocrx_word' id='word_1_452' title='bbox 822 3099 943 3154; x_wconf 81' lang='lat' dir='ltr'><strong>sccunrle</strong></span> <span class='ocrx_word' id='word_1_453' title='bbox 957 3099 985 3154; x_wconf 94' lang='lat' dir='ltr'><strong>in</strong></span> <span class='ocrx_word' id='word_1_454' title='bbox 1036 3098 1081 3153; x_wconf 90' lang='lat' dir='ltr'><strong>ille</strong></span> <span class='ocrx_word' id='word_1_455' title='bbox 1094 3097 1247 3168; x_wconf 87' lang='lat' dir='ltr'><strong>rregotiater</strong></span> <span class='ocrx_word' id='word_1_456' title='bbox 1260 3096 1323 3152; x_wconf 81' lang='lat' dir='ltr'><strong>iude</strong></span> <span class='ocrx_word' id='word_1_457' title='bbox 1337 3094 1558 3167; x_wconf 86' lang='lat' dir='ltr'><strong>reprehensibilis</strong></span> <span class='ocrx_word' id='word_1_458' title='bbox 1570 3104 1622 3160; x_wconf 91' lang='lat' dir='ltr'><strong>est,</strong></span> <span class='ocrx_word' id='word_1_459' title='bbox 1633 3092 1706 3165; x_wconf 85' lang='lat' dir='ltr'><strong>qued</strong></span> <span class='ocrx_word' id='word_1_460' title='bbox 1720 3093 1829 3147; x_wconf 88' lang='lat' dir='ltr'><strong>iurerrta</strong></span> 
     </span>
     <span class='ocr_line' id='line_1_33' title="bbox 191 3184 1830 3259; baseline -0.004 -16"><span class='ocrx_word' id='word_1_461' title='bbox 191 3187 320 3258; x_wconf 83' lang='lat' dir='ltr'><strong>spiritum</strong></span> <span class='ocrx_word' id='word_1_462' title='bbox 343 3188 526 3244; x_wconf 84' lang='lat' dir='ltr'><strong>rivillcautem</strong></span> <span class='ocrx_word' id='word_1_463' title='bbox 540 3186 701 3243; x_wconf 75' lang='lat' dir='ltr'><strong>reformarit</strong></span> <span class='ocrx_word' id='word_1_464' title='bbox 723 3203 778 3253; x_wconf 84' lang='lat' dir='ltr'><strong>tue,</strong></span> <span class='ocrx_word' id='word_1_465' title='bbox 800 3188 904 3243; x_wconf 86' lang='lat' dir='ltr'><strong>arrnulo</strong></span> <span class='ocrx_word' id='word_1_466' title='bbox 922 3188 985 3245; x_wconf 78' lang='lat' dir='ltr'><strong>balei</strong></span> <span class='ocrx_word' id='word_1_467' title='bbox 1035 3188 1155 3259; x_wconf 87' lang='lat' dir='ltr'><strong>pretiosa</strong></span> <span class='ocrx_word' id='word_1_468' title='bbox 1173 3187 1320 3258; x_wconf 87' lang='lat' dir='ltr'><strong>margarita</strong></span> <span class='ocrx_word' id='word_1_469' title='bbox 1332 3186 1407 3242; x_wconf 83' lang='lat' dir='ltr'><strong>dedit</strong></span> <span class='ocrx_word' id='word_1_470' title='bbox 1423 3186 1515 3241; x_wconf 90' lang='lat' dir='ltr'><strong>omnia</strong></span> <span class='ocrx_word' id='word_1_471' title='bbox 1530 3201 1591 3251; x_wconf 86' lang='lat' dir='ltr'><strong>stra,</strong></span> <span class='ocrx_word' id='word_1_472' title='bbox 1614 3194 1641 3240; x_wconf 87' lang='lat' dir='ltr'><strong>et</strong></span> <span class='ocrx_word' id='word_1_473' title='bbox 1662 3184 1830 3253; x_wconf 85' lang='lat' dir='ltr'><strong>compararit</strong></span> 
     </span>
     <span class='ocr_line' id='line_1_34' title="bbox 189 3272 1828 3349; baseline -0.003 -16"><span class='ocrx_word' id='word_1_474' title='bbox 189 3276 301 3333; x_wconf 83' lang='lat' dir='ltr'><strong>ornarit</strong></span> <span class='ocrx_word' id='word_1_475' title='bbox 312 3291 367 3343; x_wconf 85' lang='lat' dir='ltr'><strong>mc,</strong></span> <span class='ocrx_word' id='word_1_476' title='bbox 379 3285 409 3332; x_wconf 93' lang='lat' dir='ltr'><strong>ut</strong></span> <span class='ocrx_word' id='word_1_477' title='bbox 422 3276 533 3333; x_wconf 86' lang='lat' dir='ltr'><strong>deceret</strong></span> <span class='ocrx_word' id='word_1_478' title='bbox 547 3291 647 3333; x_wconf 90' lang='lat' dir='ltr'><strong>manus</strong></span> <span class='ocrx_word' id='word_1_479' title='bbox 662 3291 737 3331; x_wconf 89' lang='lat' dir='ltr'><strong>meas</strong></span> <span class='ocrx_word' id='word_1_480' title='bbox 758 3276 794 3333; x_wconf 76' lang='lat' dir='ltr'><strong>aui</strong></span> <span class='ocrx_word' id='word_1_481' title='bbox 814 3277 938 3348; x_wconf 82' lang='lat' dir='ltr'><strong>praelium</strong></span> <span class='ocrx_word' id='word_1_482' title='bbox 959 3288 987 3335; x_wconf 90' lang='lat' dir='ltr'><strong>et</strong></span> <span class='ocrx_word' id='word_1_483' title='bbox 1034 3294 1106 3334; x_wconf 88' lang='lat' dir='ltr'><strong>earn.</strong></span> <span class='ocrx_word' id='word_1_484' title='bbox 1127 3276 1208 3334; x_wconf 81' lang='lat' dir='ltr'><strong>Tales</strong></span> <span class='ocrx_word' id='word_1_485' title='bbox 1221 3278 1405 3349; x_wconf 87' lang='lat' dir='ltr'><strong>negotiatores</strong></span> <span class='ocrx_word' id='word_1_486' title='bbox 1419 3277 1527 3348; x_wconf 73' lang='lat' dir='ltr'><strong>quaerit,</strong></span> <span class='ocrx_word' id='word_1_487' title='bbox 1548 3275 1594 3347; x_wconf 90' lang='lat' dir='ltr'><strong>qui</strong></span> <span class='ocrx_word' id='word_1_488' title='bbox 1610 3274 1676 3331; x_wconf 89' lang='lat' dir='ltr'><strong>dicit</strong></span> <span class='ocrx_word' id='word_1_489' title='bbox 1691 3292 1698 3328; x_wconf 90' lang='lat'>:</span> <span class='ocrx_word' id='word_1_490' title='bbox 1720 3272 1828 3340; x_wconf 76' lang='lat' dir='ltr'><strong>ri&#39;atlr,</strong></span> 
     </span>
     <span class='ocr_line' id='line_1_35' title="bbox 188 3366 1829 3442; baseline -0.001 -19"><span class='ocrx_word' id='word_1_491' title='bbox 188 3366 291 3441; x_wconf 83' lang='lat' dir='ltr'><strong>digitus</strong></span> <span class='ocrx_word' id='word_1_492' title='bbox 304 3382 380 3424; x_wconf 89' lang='lat' dir='ltr'><strong>meos</strong></span> <span class='ocrx_word' id='word_1_493' title='bbox 393 3366 428 3423; x_wconf 82' lang='lat' dir='ltr'><strong>ad</strong></span> <span class='ocrx_word' id='word_1_494' title='bbox 442 3367 555 3432; x_wconf 80' lang='lat' dir='ltr'><strong>trellum,</strong></span> <span class='ocrx_word' id='word_1_495' title='bbox 568 3367 650 3440; x_wconf 76' lang='lat' dir='ltr'><strong>peiles</strong></span> <span class='ocrx_word' id='word_1_496' title='bbox 661 3382 738 3424; x_wconf 78' lang='lat' dir='ltr'><strong>maes</strong></span> <span class='ocrx_word' id='word_1_497' title='bbox 750 3367 868 3423; x_wconf 79' lang='lat' dir='ltr'><strong>introivit</strong></span> <span class='ocrx_word' id='word_1_498' title='bbox 881 3369 987 3425; x_wconf 84' lang='lat' dir='ltr'><strong>talera-</strong></span> <span class='ocrx_word' id='word_1_499' title='bbox 1035 3379 1064 3426; x_wconf 89' lang='lat' dir='ltr'><strong>et</strong></span> <span class='ocrx_word' id='word_1_500' title='bbox 1078 3372 1174 3437; x_wconf 85' lang='lat' dir='ltr'><strong>rende,</strong></span> <span class='ocrx_word' id='word_1_501' title='bbox 1186 3385 1248 3442; x_wconf 83' lang='lat' dir='ltr'><strong>quas</strong></span> <span class='ocrx_word' id='word_1_502' title='bbox 1265 3371 1361 3436; x_wconf 87' lang='lat' dir='ltr'><strong>babes,</strong></span> <span class='ocrx_word' id='word_1_503' title='bbox 1374 3379 1403 3426; x_wconf 91' lang='lat' dir='ltr'><strong>et</strong></span> <span class='ocrx_word' id='word_1_504' title='bbox 1420 3369 1454 3425; x_wconf 82' lang='lat' dir='ltr'><strong>eia</strong></span> <span class='ocrx_word' id='word_1_505' title='bbox 1473 3369 1650 3440; x_wconf 90' lang='lat' dir='ltr'><strong>pauperibus,</strong></span> <span class='ocrx_word' id='word_1_506' title='bbox 1672 3377 1699 3423; x_wconf 89' lang='lat' dir='ltr'><strong>et</strong></span> <span class='ocrx_word' id='word_1_507' title='bbox 1714 3366 1829 3422; x_wconf 86' lang='lat' dir='ltr'><strong>babebis</strong></span> 
     </span>
     <span class='ocr_line' id='line_1_36' title="bbox 190 3456 1827 3534; baseline -0.003 -18"><span class='ocrx_word' id='word_1_508' title='bbox 190 3469 285 3516; x_wconf 89' lang='lat' dir='ltr'><strong>mento</strong></span> <span class='ocrx_word' id='word_1_509' title='bbox 303 3458 460 3532; x_wconf 81' lang='lat' dir='ltr'><strong>evangelieo</strong></span> <span class='ocrx_word' id='word_1_510' title='bbox 479 3461 548 3516; x_wconf 83' lang='lat' dir='ltr'><strong>tlatts</strong></span> <span class='ocrx_word' id='word_1_511' title='bbox 561 3459 629 3515; x_wconf 88' lang='lat' dir='ltr'><strong>mibi</strong></span> <span class='ocrx_word' id='word_1_512' title='bbox 642 3468 803 3534; x_wconf 87' lang='lat' dir='ltr'><strong>potestatem</strong></span> <span class='ocrx_word' id='word_1_513' title='bbox 816 3469 844 3517; x_wconf 90' lang='lat' dir='ltr'><strong>et</strong></span> <span class='ocrx_word' id='word_1_514' title='bbox 858 3460 985 3516; x_wconf 79' lang='lat' dir='ltr'><strong>uirtutem</strong></span> <span class='ocrx_word' id='word_1_515' title='bbox 1036 3462 1195 3518; x_wconf 85' lang='lat' dir='ltr'><strong>tltesaurum</strong></span> <span class='ocrx_word' id='word_1_516' title='bbox 1222 3461 1250 3515; x_wconf 96' lang='lat' dir='ltr'><strong>in</strong></span> <span class='ocrx_word' id='word_1_517' title='bbox 1275 3461 1356 3529; x_wconf 85' lang='lat' dir='ltr'><strong>eoele,</strong></span> <span class='ocrx_word' id='word_1_518' title='bbox 1376 3467 1404 3516; x_wconf 88' lang='lat' dir='ltr'><strong>et</strong></span> <span class='ocrx_word' id='word_1_519' title='bbox 1427 3460 1499 3525; x_wconf 77' lang='lat' dir='ltr'><strong>tuni,</strong></span> <span class='ocrx_word' id='word_1_520' title='bbox 1517 3474 1629 3530; x_wconf 84' lang='lat' dir='ltr'><strong>sequere</strong></span> <span class='ocrx_word' id='word_1_521' title='bbox 1648 3474 1692 3514; x_wconf 90' lang='lat' dir='ltr'><strong>me</strong></span> <span class='ocrx_word' id='word_1_522' title='bbox 1718 3456 1827 3526; x_wconf 84' lang='lat' dir='ltr'><strong>(llottlr.</strong></span> 
     </span>
     <span class='ocr_line' id='line_1_37' title="bbox 189 3549 1829 3624; baseline -0.002 -18"><span class='ocrx_word' id='word_1_523' title='bbox 189 3551 315 3606; x_wconf 87' lang='lat' dir='ltr'><strong>calcandi</strong></span> <span class='ocrx_word' id='word_1_524' title='bbox 326 3565 410 3621; x_wconf 89' lang='lat' dir='ltr'><strong>super</strong></span> <span class='ocrx_word' id='word_1_525' title='bbox 425 3560 568 3621; x_wconf 83' lang='lat' dir='ltr'><strong>serpentes</strong></span> <span class='ocrx_word' id='word_1_526' title='bbox 579 3557 608 3606; x_wconf 89' lang='lat' dir='ltr'><strong>et</strong></span> <span class='ocrx_word' id='word_1_527' title='bbox 622 3565 705 3622; x_wconf 87' lang='lat' dir='ltr'><strong>super</strong></span> <span class='ocrx_word' id='word_1_528' title='bbox 727 3552 887 3623; x_wconf 83' lang='lat' dir='ltr'><strong>scepiuucs</strong></span> <span class='ocrx_word' id='word_1_529' title='bbox 898 3561 926 3607; x_wconf 85' lang='lat' dir='ltr'><strong>rt</strong></span> <span class='ocrx_word' id='word_1_530' title='bbox 938 3569 986 3608; x_wconf 88' lang='lat' dir='ltr'><strong>su·</strong></span> <span class='ocrx_word' id='word_1_531' title='bbox 1035 3570 1092 3621; x_wconf 78' lang='grc' dir='ltr'><strong>ιιι,</strong></span> <span class='ocrx_word' id='word_1_532' title='bbox 1106 3553 1164 3624; x_wconf 78' lang='lat' dir='ltr'><strong>et).</strong></span> <span class='ocrx_word' id='word_1_533' title='bbox 1184 3572 1194 3605; x_wconf 81' lang='lat' dir='ltr'><strong>r</strong></span> <span class='ocrx_word' id='word_1_534' title='bbox 1216 3551 1328 3609; x_wconf 87' lang='lat' dir='ltr'><strong>Talibus</strong></span> <span class='ocrx_word' id='word_1_535' title='bbox 1342 3553 1407 3609; x_wconf 81' lang='lat' dir='ltr'><strong>eicit</strong></span> <span class='ocrx_word' id='word_1_536' title='bbox 1423 3571 1429 3607; x_wconf 94' lang='lat'><strong>:</strong></span> <span class='ocrx_word' id='word_1_537' title='bbox 1445 3569 1454 3602; x_wconf 84' lang='lat' dir='ltr'><strong>t</strong></span> <span class='ocrx_word' id='word_1_538' title='bbox 1469 3549 1652 3624; x_wconf 86' lang='lat' dir='ltr'><strong>Negotiamini</strong></span> <span class='ocrx_word' id='word_1_539' title='bbox 1667 3549 1733 3604; x_wconf 87' lang='lat' dir='ltr'><strong>dum</strong></span> <span class='ocrx_word' id='word_1_540' title='bbox 1748 3551 1829 3603; x_wconf 85' lang='lat' dir='ltr'><strong>renio</strong></span> 
     </span>
     <span class='ocr_line' id='line_1_38' title="bbox 189 3639 1828 3719; baseline -0.001 -24"><span class='ocrx_word' id='word_1_541' title='bbox 189 3655 238 3713; x_wconf 86' lang='lat' dir='ltr'><strong>per</strong></span> <span class='ocrx_word' id='word_1_542' title='bbox 258 3654 368 3696; x_wconf 88' lang='lat' dir='ltr'><strong>ernuetn</strong></span> <span class='ocrx_word' id='word_1_543' title='bbox 387 3640 516 3696; x_wconf 85' lang='lat' dir='ltr'><strong>virtutem</strong></span> <span class='ocrx_word' id='word_1_544' title='bbox 532 3639 648 3704; x_wconf 87' lang='lat' dir='ltr'><strong>inituici.</strong></span> <span class='ocrx_word' id='word_1_545' title='bbox 670 3649 708 3710; x_wconf 90' lang='lat' dir='ltr'><strong>et,</strong></span> <span class='ocrx_word' id='word_1_546' title='bbox 733 3642 807 3712; x_wconf 81' lang='lat' dir='ltr'><strong>quei</strong></span> <span class='ocrx_word' id='word_1_547' title='bbox 829 3642 872 3697; x_wconf 88' lang='lat' dir='ltr'><strong>tris</strong></span> <span class='ocrx_word' id='word_1_548' title='bbox 895 3641 986 3712; x_wconf 86' lang='lat' dir='ltr'><strong>majus</strong></span> <span class='ocrx_word' id='word_1_549' title='bbox 1036 3645 1113 3719; x_wconf 82' lang='lat' dir='ltr'><strong>(bue.</strong></span> <span class='ocrx_word' id='word_1_550' title='bbox 1131 3662 1207 3714; x_wconf 83' lang='grc' dir='ltr'><strong>ιιιι,</strong></span> <span class='ocrx_word' id='word_1_551' title='bbox 1221 3646 1304 3717; x_wconf 77' lang='grc' dir='ltr'><strong>15),ι</strong></span> <span class='ocrx_word' id='word_1_552' title='bbox 1332 3654 1361 3700; x_wconf 89' lang='lat' dir='ltr'><strong>ut</strong></span> <span class='ocrx_word' id='word_1_553' title='bbox 1385 3644 1450 3716; x_wconf 85' lang='lat' dir='ltr'><strong>quia</strong></span> <span class='ocrx_word' id='word_1_554' title='bbox 1473 3646 1606 3716; x_wconf 76' lang='lat' dir='ltr'><strong>negotium</strong></span> <span class='ocrx_word' id='word_1_555' title='bbox 1630 3641 1708 3714; x_wconf 83' lang='lat' dir='ltr'><strong>quasi</strong></span> <span class='ocrx_word' id='word_1_556' title='bbox 1729 3656 1828 3712; x_wconf 79' lang='lat' dir='ltr'><strong>rrequua</strong></span> 
     </span>
     <span class='ocr_line' id='line_1_39' title="bbox 189 3730 1828 3808; baseline -0.002 -20"><span class='ocrx_word' id='word_1_557' title='bbox 189 3742 242 3802; x_wconf 90' lang='lat' dir='ltr'><strong>est,</strong></span> <span class='ocrx_word' id='word_1_558' title='bbox 257 3733 327 3790; x_wconf 81' lang='lat' dir='ltr'><strong>datus</strong></span> <span class='ocrx_word' id='word_1_559' title='bbox 337 3733 476 3801; x_wconf 90' lang='lat' dir='ltr'><strong>erunibus,</strong></span> <span class='ocrx_word' id='word_1_560' title='bbox 490 3742 627 3806; x_wconf 89' lang='lat' dir='ltr'><strong>quotquot</strong></span> <span class='ocrx_word' id='word_1_561' title='bbox 636 3748 700 3789; x_wconf 86' lang='lat' dir='ltr'><strong>euru</strong></span> <span class='ocrx_word' id='word_1_562' title='bbox 716 3740 878 3804; x_wconf 80' lang='lat' dir='ltr'><strong>receperunt</strong></span> <span class='ocrx_word' id='word_1_563' title='bbox 890 3735 931 3790; x_wconf 88' lang='lat' dir='ltr'><strong>rei</strong></span> <span class='ocrx_word' id='word_1_564' title='bbox 943 3749 987 3789; x_wconf 89' lang='lat' dir='ltr'><strong>rc·</strong></span> <span class='ocrx_word' id='word_1_565' title='bbox 1034 3737 1118 3793; x_wconf 86' lang='lat' dir='ltr'><strong>etium</strong></span> <span class='ocrx_word' id='word_1_566' title='bbox 1130 3737 1171 3792; x_wconf 87' lang='lat' dir='ltr'><strong>rel</strong></span> <span class='ocrx_word' id='word_1_567' title='bbox 1185 3738 1265 3808; x_wconf 90' lang='lat' dir='ltr'><strong>quasi</strong></span> <span class='ocrx_word' id='word_1_568' title='bbox 1281 3753 1328 3792; x_wconf 82' lang='lat' dir='ltr'><strong>rue</strong></span> <span class='ocrx_word' id='word_1_569' title='bbox 1343 3736 1427 3791; x_wconf 86' lang='lat' dir='ltr'><strong>otium</strong></span> <span class='ocrx_word' id='word_1_570' title='bbox 1441 3734 1551 3800; x_wconf 85' lang='lat' dir='ltr'><strong>dicitur,</strong></span> <span class='ocrx_word' id='word_1_571' title='bbox 1565 3733 1656 3789; x_wconf 85' lang='lat' dir='ltr'><strong>nullus</strong></span> <span class='ocrx_word' id='word_1_572' title='bbox 1678 3733 1735 3788; x_wconf 91' lang='lat' dir='ltr'><strong>etio</strong></span> <span class='ocrx_word' id='word_1_573' title='bbox 1747 3733 1774 3786; x_wconf 91' lang='lat' dir='ltr'><strong>in</strong></span> <span class='ocrx_word' id='word_1_574' title='bbox 1787 3730 1828 3785; x_wconf 87' lang='lat' dir='ltr'><strong>ia·</strong></span> 
     </span>
     <span class='ocr_line' id='line_1_40' title="bbox 189 3821 1828 3899; baseline -0.003 -17"><span class='ocrx_word' id='word_1_575' title='bbox 189 3826 292 3896; x_wconf 87' lang='lat' dir='ltr'><strong>cipiunt</strong></span> <span class='ocrx_word' id='word_1_576' title='bbox 303 3841 390 3896; x_wconf 91' lang='lat' dir='ltr'><strong>usque</strong></span> <span class='ocrx_word' id='word_1_577' title='bbox 402 3825 430 3880; x_wconf 91' lang='lat' dir='ltr'><strong>iu</strong></span> <span class='ocrx_word' id='word_1_578' title='bbox 443 3828 524 3881; x_wconf 90' lang='lat' dir='ltr'><strong>tinent</strong></span> <span class='ocrx_word' id='word_1_579' title='bbox 539 3826 642 3893; x_wconf 76' lang='lat' dir='ltr'><strong>saeculi,</strong></span> <span class='ocrx_word' id='word_1_580' title='bbox 662 3834 824 3896; x_wconf 86' lang='lat' dir='ltr'><strong>potestatem</strong></span> <span class='ocrx_word' id='word_1_581' title='bbox 845 3826 916 3883; x_wconf 89' lang='lat' dir='ltr'><strong>illies</strong></span> <span class='ocrx_word' id='word_1_582' title='bbox 936 3826 986 3883; x_wconf 84' lang='lat' dir='ltr'><strong>Del</strong></span> <span class='ocrx_word' id='word_1_583' title='bbox 1035 3827 1111 3883; x_wconf 88' lang='lat' dir='ltr'><strong>milia</strong></span> <span class='ocrx_word' id='word_1_584' title='bbox 1128 3825 1174 3884; x_wconf 84' lang='lat' dir='ltr'><strong>Dei</strong></span> <span class='ocrx_word' id='word_1_585' title='bbox 1190 3828 1268 3884; x_wconf 89' lang='lat' dir='ltr'><strong>loeus</strong></span> <span class='ocrx_word' id='word_1_586' title='bbox 1282 3827 1461 3899; x_wconf 89' lang='lat' dir='ltr'><strong>relinquatur.</strong></span> <span class='ocrx_word' id='word_1_587' title='bbox 1476 3825 1514 3881; x_wconf 83' lang='lat' dir='ltr'><strong>be</strong></span> <span class='ocrx_word' id='word_1_588' title='bbox 1524 3826 1575 3880; x_wconf 88' lang='lat' dir='ltr'><strong>bac</strong></span> <span class='ocrx_word' id='word_1_589' title='bbox 1584 3824 1760 3896; x_wconf 79' lang='lat' dir='ltr'><strong>negotiatione</strong></span> <span class='ocrx_word' id='word_1_590' title='bbox 1777 3821 1828 3878; x_wconf 85' lang='lat' dir='ltr'><strong>ttri-</strong></span> 
     </span>
     <span class='ocr_line' id='line_1_41' title="bbox 189 3914 1827 3988; baseline -0.004 -18"><span class='ocrx_word' id='word_1_591' title='bbox 189 3915 261 3980; x_wconf 87' lang='lat' dir='ltr'><strong>llerl,</strong></span> <span class='ocrx_word' id='word_1_592' title='bbox 275 3914 330 3982; x_wconf 88' lang='lat' dir='ltr'><strong>bis,</strong></span> <span class='ocrx_word' id='word_1_593' title='bbox 341 3914 388 3986; x_wconf 92' lang='lat' dir='ltr'><strong>qui</strong></span> <span class='ocrx_word' id='word_1_594' title='bbox 404 3915 520 3970; x_wconf 86' lang='lat' dir='ltr'><strong>cretlunt</strong></span> <span class='ocrx_word' id='word_1_595' title='bbox 537 3916 565 3971; x_wconf 91' lang='lat' dir='ltr'><strong>in</strong></span> <span class='ocrx_word' id='word_1_596' title='bbox 586 3916 698 3972; x_wconf 87' lang='lat' dir='ltr'><strong>neruiue</strong></span> <span class='ocrx_word' id='word_1_597' title='bbox 710 3917 781 3987; x_wconf 81' lang='lat' dir='ltr'><strong>ejus,</strong></span> <span class='ocrx_word' id='word_1_598' title='bbox 794 3916 842 3988; x_wconf 91' lang='lat' dir='ltr'><strong>qui</strong></span> <span class='ocrx_word' id='word_1_599' title='bbox 856 3933 910 3972; x_wconf 88' lang='lat' dir='ltr'><strong>nen</strong></span> <span class='ocrx_word' id='word_1_600' title='bbox 926 3932 987 3973; x_wconf 87' lang='lat' dir='ltr'><strong>ma·</strong></span> <span class='ocrx_word' id='word_1_601' title='bbox 1035 3917 1109 3975; x_wconf 89' lang='lat' dir='ltr'><strong>ninte</strong></span> <span class='ocrx_word' id='word_1_602' title='bbox 1120 3919 1221 3974; x_wconf 85' lang='lat' dir='ltr'><strong>dieitur</strong></span> <span class='ocrx_word' id='word_1_603' title='bbox 1236 3937 1243 3974; x_wconf 91' lang='lat'><strong>:</strong></span> <span class='ocrx_word' id='word_1_604' title='bbox 1260 3917 1392 3985; x_wconf 84' lang='lat' dir='ltr'><strong>Quoniam</strong></span> <span class='ocrx_word' id='word_1_605' title='bbox 1413 3933 1465 3970; x_wconf 89' lang='lat' dir='ltr'><strong>nou</strong></span> <span class='ocrx_word' id='word_1_606' title='bbox 1487 3915 1595 3986; x_wconf 80' lang='lat' dir='ltr'><strong>ragneri</strong></span> <span class='ocrx_word' id='word_1_607' title='bbox 1612 3915 1827 3985; x_wconf 79' lang='lat' dir='ltr'><strong>negotiationem,</strong></span> 
     </span>
     <span class='ocr_line' id='line_1_42' title="bbox 189 4004 1829 4081; baseline -0.002 -20"><span class='ocrx_word' id='word_1_608' title='bbox 189 4016 256 4061; x_wconf 83' lang='lat' dir='ltr'><strong>trent</strong></span> <span class='ocrx_word' id='word_1_609' title='bbox 272 4004 324 4061; x_wconf 86' lang='lat' dir='ltr'><strong>sub</strong></span> <span class='ocrx_word' id='word_1_610' title='bbox 337 4005 405 4075; x_wconf 86' lang='lat' dir='ltr'><strong>legis</strong></span> <span class='ocrx_word' id='word_1_611' title='bbox 417 4004 581 4073; x_wconf 80' lang='lat' dir='ltr'><strong>litterature,</strong></span> <span class='ocrx_word' id='word_1_612' title='bbox 597 4009 644 4062; x_wconf 70' lang='lat' dir='ltr'><strong>scri</strong></span> <span class='ocrx_word' id='word_1_613' title='bbox 667 4007 814 4077; x_wconf 77' lang='lat' dir='ltr'><strong>adjurante</strong></span> <span class='ocrx_word' id='word_1_614' title='bbox 834 4009 920 4079; x_wconf 86' lang='lat' dir='ltr'><strong>gratia</strong></span> <span class='ocrx_word' id='word_1_615' title='bbox 942 4009 986 4063; x_wconf 91' lang='lat' dir='ltr'><strong>in·</strong></span> <span class='ocrx_word' id='word_1_616' title='bbox 1035 4009 1150 4064; x_wconf 84' lang='lat' dir='ltr'><strong>introite</strong></span> <span class='ocrx_word' id='word_1_617' title='bbox 1160 4011 1188 4063; x_wconf 91' lang='lat' dir='ltr'><strong>iu</strong></span> <span class='ocrx_word' id='word_1_618' title='bbox 1198 4010 1331 4081; x_wconf 76' lang='lat' dir='ltr'><strong>percuties</strong></span> <span class='ocrx_word' id='word_1_619' title='bbox 1349 4006 1469 4075; x_wconf 87' lang='lat' dir='ltr'><strong>Domini,</strong></span> <span class='ocrx_word' id='word_1_620' title='bbox 1482 4008 1547 4077; x_wconf 90' lang='lat' dir='ltr'><strong>quia</strong></span> <span class='ocrx_word' id='word_1_621' title='bbox 1563 4004 1616 4060; x_wconf 85' lang='lat' dir='ltr'><strong>uisi</strong></span> <span class='ocrx_word' id='word_1_622' title='bbox 1631 4004 1790 4076; x_wconf 79' lang='lat' dir='ltr'><strong>cognoveris</strong></span> <span class='ocrx_word' id='word_1_623' title='bbox 1801 4011 1829 4058; x_wconf 90' lang='lat' dir='ltr'><strong>et</strong></span> 
     </span>
     <span class='ocr_line' id='line_1_43' title="bbox 188 4097 1828 4172; baseline -0.001 -19"><span class='ocrx_word' id='word_1_624' title='bbox 188 4098 350 4170; x_wconf 79' lang='lat' dir='ltr'><strong>greriiuntrrr</strong></span> <span class='ocrx_word' id='word_1_625' title='bbox 364 4098 392 4151; x_wconf 86' lang='lat' dir='ltr'><strong>in</strong></span> <span class='ocrx_word' id='word_1_626' title='bbox 412 4100 544 4169; x_wconf 86' lang='lat' dir='ltr'><strong>potentins</strong></span> <span class='ocrx_word' id='word_1_627' title='bbox 562 4097 672 4154; x_wconf 82' lang='lat' dir='ltr'><strong>Denaiei</strong></span> <span class='ocrx_word' id='word_1_628' title='bbox 698 4108 774 4156; x_wconf 90' lang='lat' dir='ltr'><strong>certo</strong></span> <span class='ocrx_word' id='word_1_629' title='bbox 799 4100 985 4170; x_wconf 79' lang='lat' dir='ltr'><strong>expertnnuto</strong></span> <span class='ocrx_word' id='word_1_630' title='bbox 1034 4103 1192 4160; x_wconf 81' lang='lat' dir='ltr'><strong>exercueris</strong></span> <span class='ocrx_word' id='word_1_631' title='bbox 1222 4104 1302 4158; x_wconf 84' lang='lat' dir='ltr'><strong>istatn</strong></span> <span class='ocrx_word' id='word_1_632' title='bbox 1323 4099 1507 4172; x_wconf 82' lang='lat' dir='ltr'><strong>euangelicam</strong></span> <span class='ocrx_word' id='word_1_633' title='bbox 1532 4098 1745 4170; x_wconf 80' lang='lat' dir='ltr'><strong>rreqetiutienaru,</strong></span> <span class='ocrx_word' id='word_1_634' title='bbox 1773 4111 1828 4166; x_wconf 82' lang='lat' dir='ltr'><strong>qua</strong></span> 
     </span>
     <span class='ocr_line' id='line_1_44' title="bbox 188 4189 1827 4265; baseline -0.002 -19"><span class='ocrx_word' id='word_1_635' title='bbox 188 4198 397 4262; x_wconf 82' lang='lat' dir='ltr'><strong>cognoscentes,</strong></span> <span class='ocrx_word' id='word_1_636' title='bbox 413 4198 546 4260; x_wconf 83' lang='lat' dir='ltr'><strong>quautam</strong></span> <span class='ocrx_word' id='word_1_637' title='bbox 569 4191 652 4248; x_wconf 85' lang='lat' dir='ltr'><strong>tlistet</strong></span> <span class='ocrx_word' id='word_1_638' title='bbox 677 4191 748 4246; x_wconf 89' lang='lat' dir='ltr'><strong>inter</strong></span> <span class='ocrx_word' id='word_1_639' title='bbox 770 4192 888 4247; x_wconf 87' lang='lat' dir='ltr'><strong>litteram</strong></span> <span class='ocrx_word' id='word_1_640' title='bbox 907 4192 983 4249; x_wconf 88' lang='lat' dir='ltr'><strong>occi·</strong></span> <span class='ocrx_word' id='word_1_641' title='bbox 1035 4207 1142 4253; x_wconf 87' lang='lat' dir='ltr'><strong>terrena</strong></span> <span class='ocrx_word' id='word_1_642' title='bbox 1166 4210 1217 4265; x_wconf 93' lang='lat' dir='ltr'><strong>pre</strong></span> <span class='ocrx_word' id='word_1_643' title='bbox 1245 4193 1414 4259; x_wconf 77' lang='lat' dir='ltr'><strong>caelestibus,</strong></span> <span class='ocrx_word' id='word_1_644' title='bbox 1440 4193 1600 4264; x_wconf 88' lang='lat' dir='ltr'><strong>temporalia</strong></span> <span class='ocrx_word' id='word_1_645' title='bbox 1629 4205 1680 4262; x_wconf 91' lang='lat' dir='ltr'><strong>pre</strong></span> <span class='ocrx_word' id='word_1_646' title='bbox 1707 4189 1827 4252; x_wconf 69' lang='lat' dir='ltr'><strong>aeternis.</strong></span> 
     </span>
     <span class='ocr_line' id='line_1_45' title="bbox 187 4280 1827 4359; baseline -0.001 -23"><span class='ocrx_word' id='word_1_647' title='bbox 187 4281 308 4348; x_wconf 72' lang='lat' dir='ltr'><strong>eertum,</strong></span> <span class='ocrx_word' id='word_1_648' title='bbox 326 4289 355 4337; x_wconf 89' lang='lat' dir='ltr'><strong>et</strong></span> <span class='ocrx_word' id='word_1_649' title='bbox 368 4280 496 4352; x_wconf 86' lang='lat' dir='ltr'><strong>spiritum</strong></span> <span class='ocrx_word' id='word_1_650' title='bbox 511 4280 703 4350; x_wconf 80' lang='lat' dir='ltr'><strong>vivificantem,</strong></span> <span class='ocrx_word' id='word_1_651' title='bbox 722 4282 793 4338; x_wconf 89' lang='lat' dir='ltr'><strong>iuter</strong></span> <span class='ocrx_word' id='word_1_652' title='bbox 811 4283 937 4339; x_wconf 87' lang='lat' dir='ltr'><strong>urubram</strong></span> <span class='ocrx_word' id='word_1_653' title='bbox 955 4291 984 4338; x_wconf 90' lang='lat' dir='ltr'><strong>et</strong></span> <span class='ocrx_word' id='word_1_654' title='bbox 1036 4288 1188 4359; x_wconf 83' lang='lat' dir='ltr'><strong>eorporalia</strong></span> <span class='ocrx_word' id='word_1_655' title='bbox 1203 4301 1253 4358; x_wconf 90' lang='lat' dir='ltr'><strong>pre</strong></span> <span class='ocrx_word' id='word_1_656' title='bbox 1273 4284 1443 4356; x_wconf 87' lang='lat' dir='ltr'><strong>spiritalibus</strong></span> <span class='ocrx_word' id='word_1_657' title='bbox 1459 4284 1543 4340; x_wconf 84' lang='lat' dir='ltr'><strong>lucris</strong></span> <span class='ocrx_word' id='word_1_658' title='bbox 1556 4283 1758 4354; x_wconf 83' lang='lat' dir='ltr'><strong>expenduntur,</strong></span> <span class='ocrx_word' id='word_1_659' title='bbox 1772 4296 1827 4336; x_wconf 92' lang='lat' dir='ltr'><strong>nen</strong></span> 
     </span>
     <span class='ocr_line' id='line_1_46' title="bbox 187 4370 1828 4447; baseline 0.002 -22"><span class='ocrx_word' id='word_1_660' title='bbox 187 4386 257 4438; x_wconf 87' lang='lat' dir='ltr'><strong>rent,</strong></span> <span class='ocrx_word' id='word_1_661' title='bbox 274 4371 345 4426; x_wconf 89' lang='lat' dir='ltr'><strong>inter</strong></span> <span class='ocrx_word' id='word_1_662' title='bbox 361 4370 476 4441; x_wconf 87' lang='lat' dir='ltr'><strong>liguram</strong></span> <span class='ocrx_word' id='word_1_663' title='bbox 489 4381 516 4427; x_wconf 89' lang='lat' dir='ltr'><strong>et</strong></span> <span class='ocrx_word' id='word_1_664' title='bbox 527 4373 681 4428; x_wconf 76' lang='lat' dir='ltr'><strong>acritatem.</strong></span> <span class='ocrx_word' id='word_1_665' title='bbox 710 4391 719 4424; x_wconf 80' lang='lat' dir='ltr'><strong>r</strong></span> <span class='ocrx_word' id='word_1_666' title='bbox 735 4373 814 4428; x_wconf 65' lang='lat' dir='ltr'><strong>laea»</strong></span> <span class='ocrx_word' id='word_1_667' title='bbox 839 4373 912 4428; x_wconf 90' lang='lat' dir='ltr'><strong>enirn</strong></span> <span class='ocrx_word' id='word_1_668' title='bbox 939 4372 982 4428; x_wconf 85' lang='lat' dir='ltr'><strong>lit·</strong></span> <span class='ocrx_word' id='word_1_669' title='bbox 999 4382 1021 4438; x_wconf 78' lang='grc' dir='ltr'><strong>[ι</strong></span> <span class='ocrx_word' id='word_1_670' title='bbox 1036 4377 1162 4433; x_wconf 89' lang='lat' dir='ltr'><strong>introibis</strong></span> <span class='ocrx_word' id='word_1_671' title='bbox 1179 4377 1206 4430; x_wconf 88' lang='lat' dir='ltr'><strong>io</strong></span> <span class='ocrx_word' id='word_1_672' title='bbox 1217 4375 1480 4447; x_wconf 47' lang='lat' dir='ltr'><strong>poterrtieasslleurioi,</strong></span> <span class='ocrx_word' id='word_1_673' title='bbox 1495 4375 1643 4432; x_wconf 89' lang='lat' dir='ltr'><strong>dunrmorio</strong></span> <span class='ocrx_word' id='word_1_674' title='bbox 1654 4375 1690 4430; x_wconf 85' lang='lat' dir='ltr'><strong>sit</strong></span> <span class='ocrx_word' id='word_1_675' title='bbox 1709 4386 1776 4429; x_wconf 78' lang='lat' dir='ltr'><strong>retas</strong></span> <span class='ocrx_word' id='word_1_676' title='bbox 1799 4383 1828 4429; x_wconf 90' lang='lat' dir='ltr'><strong>ct</strong></span> 
     </span>
     <span class='ocr_line' id='line_1_47' title="bbox 188 4460 1828 4539; baseline 0.001 -21"><span class='ocrx_word' id='word_1_677' title='bbox 188 4472 253 4519; x_wconf 75' lang='lat' dir='ltr'><strong>terre</strong></span> <span class='ocrx_word' id='word_1_678' title='bbox 268 4462 419 4521; x_wconf 87' lang='lat' dir='ltr'><strong>occidentis</strong></span> <span class='ocrx_word' id='word_1_679' title='bbox 434 4482 444 4514; x_wconf 74' lang='grc' dir='ltr'><strong>ι</strong></span> <span class='ocrx_word' id='word_1_680' title='bbox 458 4477 507 4533; x_wconf 92' lang='lat' dir='ltr'><strong>per</strong></span> <span class='ocrx_word' id='word_1_681' title='bbox 517 4460 628 4536; x_wconf 78' lang='lat' dir='ltr'><strong>lloyseu</strong></span> <span class='ocrx_word' id='word_1_682' title='bbox 640 4465 704 4519; x_wconf 87' lang='lat' dir='ltr'><strong>tiata</strong></span> <span class='ocrx_word' id='word_1_683' title='bbox 716 4474 759 4520; x_wconf 88' lang='lat' dir='ltr'><strong>est</strong></span> <span class='ocrx_word' id='word_1_684' title='bbox 771 4482 779 4519; x_wconf 91' lang='lat'>:</span> <span class='ocrx_word' id='word_1_685' title='bbox 791 4466 878 4536; x_wconf 86' lang='lat' dir='ltr'><strong>gratia</strong></span> <span class='ocrx_word' id='word_1_686' title='bbox 890 4474 982 4520; x_wconf 69' lang='lat' dir='ltr'><strong>auum</strong></span> <span class='ocrx_word' id='word_1_687' title='bbox 1034 4466 1151 4524; x_wconf 78' lang='lat' dir='ltr'><strong>facultas</strong></span> <span class='ocrx_word' id='word_1_688' title='bbox 1161 4468 1199 4523; x_wconf 89' lang='lat' dir='ltr'><strong>ita</strong></span> <span class='ocrx_word' id='word_1_689' title='bbox 1217 4467 1384 4539; x_wconf 83' lang='lat' dir='ltr'><strong>negotiandi,</strong></span> <span class='ocrx_word' id='word_1_690' title='bbox 1396 4467 1470 4538; x_wconf 84' lang='lat' dir='ltr'><strong>qrroe</strong></span> <span class='ocrx_word' id='word_1_691' title='bbox 1482 4477 1594 4539; x_wconf 86' lang='lat' dir='ltr'><strong>prepter</strong></span> <span class='ocrx_word' id='word_1_692' title='bbox 1604 4463 1723 4521; x_wconf 89' lang='lat' dir='ltr'><strong>irriantes</strong></span> <span class='ocrx_word' id='word_1_693' title='bbox 1733 4474 1761 4520; x_wconf 90' lang='lat' dir='ltr'><strong>et</strong></span> <span class='ocrx_word' id='word_1_694' title='bbox 1778 4480 1828 4520; x_wconf 85' lang='lat' dir='ltr'><strong>ua·</strong></span> 
     </span>
     <span class='ocr_line' id='line_1_48' title="bbox 187 4551 1385 4628; baseline 0.005 -18"><span class='ocrx_word' id='word_1_695' title='bbox 187 4564 215 4610; x_wconf 89' lang='lat' dir='ltr'><strong>et</strong></span> <span class='ocrx_word' id='word_1_696' title='bbox 237 4556 337 4612; x_wconf 73' lang='lat' dir='ltr'><strong>ueritas</strong></span> <span class='ocrx_word' id='word_1_697' title='bbox 357 4553 512 4628; x_wconf 78' lang='lat' dir='ltr'><strong>perlesum</strong></span> <span class='ocrx_word' id='word_1_698' title='bbox 527 4551 667 4612; x_wconf 84' lang='lat' dir='ltr'><strong>Cirristutn</strong></span> <span class='ocrx_word' id='word_1_699' title='bbox 689 4553 759 4610; x_wconf 86' lang='lat' dir='ltr'><strong>laeta</strong></span> <span class='ocrx_word' id='word_1_700' title='bbox 783 4563 826 4610; x_wconf 62' lang='lat' dir='ltr'><strong>est</strong></span> <span class='ocrx_word' id='word_1_701' title='bbox 841 4552 933 4624; x_wconf 75' lang='lat' dir='ltr'><strong>(leun.</strong></span> <span class='ocrx_word' id='word_1_702' title='bbox 962 4571 983 4619; x_wconf 88' lang='lat' dir='ltr'><strong>t,</strong></span> <span class='ocrx_word' id='word_1_703' title='bbox 1035 4557 1385 4616; x_wconf 86' lang='lat' dir='ltr'><strong>turaliteriatuesdictum.</strong></span> 
     </span>
    </p>

    <p class='ocr_par' dir='ltr' id='par_1_4' title="bbox 188 4642 1828 4923">
     <span class='ocr_line' id='line_1_49' title="bbox 188 4642 1828 4721; baseline 0.004 -24"><span class='ocrx_word' id='word_1_704' title='bbox 188 4645 244 4717; x_wconf 86' lang='lat' dir='ltr'><strong>il).</strong></span> <span class='ocrx_word' id='word_1_705' title='bbox 262 4665 271 4697; x_wconf 80' lang='lat' dir='ltr'><strong>r</strong></span> <span class='ocrx_word' id='word_1_706' title='bbox 292 4645 434 4718; x_wconf 78' lang='lat' dir='ltr'><strong>Synaguga</strong></span> <span class='ocrx_word' id='word_1_707' title='bbox 445 4661 521 4718; x_wconf 82' lang='lat' dir='ltr'><strong>ergo,</strong></span> <span class='ocrx_word' id='word_1_708' title='bbox 534 4660 596 4717; x_wconf 73' lang='lat' dir='ltr'><strong>quae</strong></span> <span class='ocrx_word' id='word_1_709' title='bbox 613 4644 699 4701; x_wconf 87' lang='lat' dir='ltr'><strong>seiam</strong></span> <span class='ocrx_word' id='word_1_710' title='bbox 716 4642 785 4719; x_wconf 89' lang='lat' dir='ltr'><strong>legis</strong></span> <span class='ocrx_word' id='word_1_711' title='bbox 798 4645 925 4716; x_wconf 86' lang='lat' dir='ltr'><strong>cognorit</strong></span> <span class='ocrx_word' id='word_1_712' title='bbox 938 4644 985 4699; x_wconf 88' lang='lat' dir='ltr'><strong>lit·</strong></span> <span class='ocrx_word' id='word_1_713' title='bbox 1069 4651 1155 4709; x_wconf 84' lang='lat' dir='ltr'><strong>Perre</strong></span> <span class='ocrx_word' id='word_1_714' title='bbox 1165 4651 1278 4709; x_wconf 75' lang='lat' dir='ltr'><strong>Iudaica</strong></span> <span class='ocrx_word' id='word_1_715' title='bbox 1297 4651 1339 4708; x_wconf 86' lang='lat' dir='ltr'><strong>tel</strong></span> <span class='ocrx_word' id='word_1_716' title='bbox 1361 4651 1516 4707; x_wconf 79' lang='lat' dir='ltr'><strong>simoniaca</strong></span> <span class='ocrx_word' id='word_1_717' title='bbox 1531 4650 1576 4706; x_wconf 90' lang='lat' dir='ltr'><strong>illa</strong></span> <span class='ocrx_word' id='word_1_718' title='bbox 1591 4650 1746 4721; x_wconf 74' lang='lat' dir='ltr'><strong>reportatio,</strong></span> <span class='ocrx_word' id='word_1_719' title='bbox 1770 4663 1828 4719; x_wconf 87' lang='lat' dir='ltr'><strong>qua</strong></span> 
     </span>
     <span class='ocr_line' id='line_1_50' title="bbox 190 4738 1826 4821; baseline -0.001 -24"><span class='ocrx_word' id='word_1_720' title='bbox 190 4754 349 4814; x_wconf 79' lang='lat' dir='ltr'><strong>tarataram,</strong></span> <span class='ocrx_word' id='word_1_721' title='bbox 361 4747 518 4816; x_wconf 86' lang='lat' dir='ltr'><strong>repellendo</strong></span> <span class='ocrx_word' id='word_1_722' title='bbox 528 4748 645 4820; x_wconf 87' lang='lat' dir='ltr'><strong>gratiam</strong></span> <span class='ocrx_word' id='word_1_723' title='bbox 656 4747 742 4804; x_wconf 83' lang='lat' dir='ltr'><strong>veluit</strong></span> <span class='ocrx_word' id='word_1_724' title='bbox 759 4747 874 4804; x_wconf 88' lang='lat' dir='ltr'><strong>introire</strong></span> <span class='ocrx_word' id='word_1_725' title='bbox 891 4749 920 4803; x_wconf 85' lang='lat' dir='ltr'><strong>io</strong></span> <span class='ocrx_word' id='word_1_726' title='bbox 936 4766 985 4821; x_wconf 81' lang='lat' dir='ltr'><strong>pe-</strong></span> <span class='ocrx_word' id='word_1_727' title='bbox 1034 4743 1168 4815; x_wconf 84' lang='lat' dir='ltr'><strong>spiritalia</strong></span> <span class='ocrx_word' id='word_1_728' title='bbox 1180 4751 1206 4799; x_wconf 91' lang='lat' dir='ltr'><strong>ct</strong></span> <span class='ocrx_word' id='word_1_729' title='bbox 1218 4743 1304 4800; x_wconf 80' lang='lat' dir='ltr'><strong>diuini</strong></span> <span class='ocrx_word' id='word_1_730' title='bbox 1322 4742 1414 4799; x_wconf 90' lang='lat' dir='ltr'><strong>cultus</strong></span> <span class='ocrx_word' id='word_1_731' title='bbox 1426 4741 1569 4807; x_wconf 74' lang='lat' dir='ltr'><strong>exercitia,</strong></span> <span class='ocrx_word' id='word_1_732' title='bbox 1591 4750 1622 4796; x_wconf 90' lang='lat' dir='ltr'><strong>ut</strong></span> <span class='ocrx_word' id='word_1_733' title='bbox 1637 4748 1679 4795; x_wconf 83' lang='lat' dir='ltr'><strong>est</strong></span> <span class='ocrx_word' id='word_1_734' title='bbox 1689 4738 1826 4812; x_wconf 78' lang='lat' dir='ltr'><strong>jejunium</strong></span> 
     </span>
     <span class='ocr_line' id='line_1_51' title="bbox 188 4830 1828 4923; baseline -0.004 -32"><span class='ocrx_word' id='word_1_735' title='bbox 188 4845 286 4901; x_wconf 60' lang='lat' dir='ltr'><strong>renerus</strong></span> <span class='ocrx_word' id='word_1_736' title='bbox 301 4844 421 4902; x_wconf 67' lang='lat' dir='ltr'><strong>beentur,</strong></span> <span class='ocrx_word' id='word_1_737' title='bbox 437 4846 508 4905; x_wconf 59' lang='grc' dir='ltr'><strong>ωηο</strong></span> <span class='ocrx_word' id='word_1_738' title='bbox 520 4858 563 4906; x_wconf 58' lang='lat' dir='ltr'><strong>ege</strong></span> <span class='ocrx_word' id='word_1_739' title='bbox 587 4849 674 4906; x_wconf 48' lang='lat' dir='ltr'><strong>quum</strong></span> <span class='ocrx_word' id='word_1_740' title='bbox 693 4847 768 4907; x_wconf 56' lang='lat' dir='ltr'><strong>,trop</strong></span> <span class='ocrx_word' id='word_1_741' title='bbox 793 4850 897 4907; x_wconf 60' lang='lat' dir='ltr'><strong>,gum</strong></span> <span class='ocrx_word' id='word_1_742' title='bbox 918 4851 984 4923; x_wconf 52' lang='lat' dir='ltr'><strong>quq,</strong></span> <span class='ocrx_word' id='word_1_743' title='bbox 1034 4836 1193 4892; x_wconf 86' lang='lat' dir='ltr'><strong>sircuratie</strong></span> <span class='ocrx_word' id='word_1_744' title='bbox 1204 4851 1253 4891; x_wconf 86' lang='lat' dir='ltr'><strong>seu</strong></span> <span class='ocrx_word' id='word_1_745' title='bbox 1265 4836 1412 4905; x_wconf 76' lang='lat' dir='ltr'><strong>cuiuslibet</strong></span> <span class='ocrx_word' id='word_1_746' title='bbox 1424 4830 1828 4904; x_wconf 74' lang='lat' dir='ltr'><strong>ecclesiastieadignitatisad-</strong></span> 
     </span>
    </p>
   </div>
   <div class='ocr_carea' id='block_1_3' title="bbox 188 4924 1828 5125">
    <p class='ocr_par' dir='ltr' id='par_1_5' title="bbox 188 4924 1828 5125">
     <span class='ocr_line' id='line_1_52' title="bbox 188 4924 1828 5020; baseline -0.013 -21"><span class='ocrx_word' id='word_1_747' title='bbox 188 4945 276 5020; x_wconf 79' lang='lat' dir='ltr'><strong>iloyai</strong></span> <span class='ocrx_word' id='word_1_748' title='bbox 290 4945 549 5019; x_wconf 61' lang='lat' dir='ltr'><strong>iuncturarum,</strong></span> <span class='ocrx_word' id='word_1_749' title='bbox 562 4952 636 5010; x_wconf 61' lang='lat' dir='ltr'><strong>pune</strong></span> <span class='ocrx_word' id='word_1_750' title='bbox 649 4963 741 5010; x_wconf 54' lang='lat' dir='ltr'><strong>augg„</strong></span> <span class='ocrx_word' id='word_1_751' title='bbox 759 4953 899 5011; x_wconf 51' lang='lat' dir='ltr'><strong>nescimus</strong></span> <span class='ocrx_word' id='word_1_752' title='bbox 911 4955 984 5011; x_wconf 56' lang='lat' dir='ltr'><strong>„nge</strong></span> <span class='ocrx_word' id='word_1_753' title='bbox 1034 4929 1212 4997; x_wconf 85' lang='lat' dir='ltr'><strong>ministratio,</strong></span> <span class='ocrx_word' id='word_1_754' title='bbox 1227 4928 1297 4984; x_wconf 86' lang='lat' dir='ltr'><strong>liunt</strong></span> <span class='ocrx_word' id='word_1_755' title='bbox 1312 4943 1363 4999; x_wconf 91' lang='lat' dir='ltr'><strong>pro</strong></span> <span class='ocrx_word' id='word_1_756' title='bbox 1381 4924 1558 4998; x_wconf 76' lang='lat' dir='ltr'><strong>qualibetve}</strong></span> <span class='ocrx_word' id='word_1_757' title='bbox 1571 4934 1695 4997; x_wconf 80' lang='lat' dir='ltr'><strong>quaestus</strong></span> <span class='ocrx_word' id='word_1_758' title='bbox 1709 4925 1751 4979; x_wconf 84' lang='lat' dir='ltr'><strong>rel</strong></span> <span class='ocrx_word' id='word_1_759' title='bbox 1764 4941 1828 4995; x_wconf 86' lang='lat' dir='ltr'><strong>gra·</strong></span> 
     </span>
     <span class='ocr_line' id='line_1_53' title="bbox 188 5014 1827 5125; baseline -0.013 -36"><span class='ocrx_word' id='word_1_760' title='bbox 188 5055 224 5109; x_wconf 55' lang='grc' dir='ltr'><strong>ς),</strong></span> <span class='ocrx_word' id='word_1_761' title='bbox 246 5053 339 5125; x_wconf 43' lang='grc' dir='ltr'><strong>(Μ,</strong></span> <span class='ocrx_word' id='word_1_762' title='bbox 361 5069 400 5121; x_wconf 59' lang='lat'><strong>¹¹,</strong></span> <span class='ocrx_word' id='word_1_763' title='bbox 421 5052 479 5125; x_wconf 41' lang='lat'><strong>29).</strong></span> <span class='ocrx_word' id='word_1_764' title='bbox 498 5073 508 5108; x_wconf 69' lang='lat'><strong>,</strong></span> <span class='ocrx_word' id='word_1_765' title='bbox 530 5054 597 5112; x_wconf 58' lang='lat' dir='ltr'><strong>hem</strong></span> <span class='ocrx_word' id='word_1_766' title='bbox 614 5072 688 5113; x_wconf 60' lang='lat' dir='ltr'><strong>cm</strong></span> <span class='ocrx_word' id='word_1_767' title='bbox 704 5059 783 5115; x_wconf 58' lang='lat' dir='ltr'><strong>mm</strong></span> <span class='ocrx_word' id='word_1_768' title='bbox 808 5057 983 5115; x_wconf 50' lang='lat' dir='ltr'><strong>{numinum</strong></span> <span class='ocrx_word' id='word_1_769' title='bbox 1035 5020 1079 5076; x_wconf 83' lang='lat' dir='ltr'><strong>tiae</strong></span> <span class='ocrx_word' id='word_1_770' title='bbox 1095 5020 1222 5076; x_wconf 74' lang='lat' dir='ltr'><strong>bumana&gt;</strong></span> <span class='ocrx_word' id='word_1_771' title='bbox 1242 5035 1291 5076; x_wconf 91' lang='lat' dir='ltr'><strong>seu</strong></span> <span class='ocrx_word' id='word_1_772' title='bbox 1307 5019 1398 5075; x_wconf 84' lang='lat' dir='ltr'><strong>lautlis</strong></span> <span class='ocrx_word' id='word_1_773' title='bbox 1413 5027 1522 5073; x_wconf 89' lang='lat' dir='ltr'><strong>terrene</strong></span> <span class='ocrx_word' id='word_1_774' title='bbox 1542 5016 1737 5081; x_wconf 85' lang='lat' dir='ltr'><strong>emolumento,</strong></span> <span class='ocrx_word' id='word_1_775' title='bbox 1750 5014 1827 5068; x_wconf 85' lang='lat' dir='ltr'><strong>clau·</strong></span> 
     </span>
    </p>
   </div>
   <div class='ocr_carea' id='block_1_4' title="bbox 189 5154 986 5334">
    <p class='ocr_par' dir='ltr' id='par_1_6' title="bbox 189 5154 986 5334">
     <span class='ocr_line' id='line_1_54' title="bbox 191 5154 986 5233; baseline 0.011 -25"><span class='ocrx_word' id='word_1_776' title='bbox 191 5154 260 5211; x_wconf 78' lang='lat' dir='ltr'><strong>r&#39;l&#39;u</strong></span> <span class='ocrx_word' id='word_1_777' title='bbox 273 5156 425 5228; x_wconf 74' lang='lat' dir='ltr'><strong>almipater</strong></span> <span class='ocrx_word' id='word_1_778' title='bbox 438 5156 512 5214; x_wconf 90' lang='lat' dir='ltr'><strong>illius</strong></span> <span class='ocrx_word' id='word_1_779' title='bbox 535 5158 584 5224; x_wconf 90' lang='lat' dir='ltr'><strong>sis,</strong></span> <span class='ocrx_word' id='word_1_780' title='bbox 607 5173 660 5214; x_wconf 88' lang='lat' dir='ltr'><strong>nes</strong></span> <span class='ocrx_word' id='word_1_781' title='bbox 680 5172 772 5217; x_wconf 86' lang='lat' dir='ltr'><strong>autem</strong></span> <span class='ocrx_word' id='word_1_782' title='bbox 793 5158 880 5233; x_wconf 77' lang='lat' dir='ltr'><strong>lleysi</strong></span> <span class='ocrx_word' id='word_1_783' title='bbox 900 5162 986 5217; x_wconf 82' lang='lat' dir='ltr'><strong>‹lisci-</strong></span> 
     </span>
     <span class='ocr_line' id='line_1_55' title="bbox 189 5257 985 5334; baseline 0.004 -21"><span class='ocrx_word' id='word_1_784' title='bbox 189 5257 246 5330; x_wconf 88' lang='lat' dir='ltr'><strong>pull</strong></span> <span class='ocrx_word' id='word_1_785' title='bbox 262 5274 360 5315; x_wconf 89' lang='lat' dir='ltr'><strong>sumus</strong></span> <span class='ocrx_word' id='word_1_786' title='bbox 377 5257 469 5329; x_wconf 76' lang='lat' dir='ltr'><strong>(loen.</strong></span> <span class='ocrx_word' id='word_1_787' title='bbox 483 5274 523 5322; x_wconf 82' lang='lat' dir='ltr'><strong>tr,</strong></span> <span class='ocrx_word' id='word_1_788' title='bbox 538 5258 596 5329; x_wconf 75' lang='lat'><strong>28).</strong></span> <span class='ocrx_word' id='word_1_789' title='bbox 611 5277 622 5312; x_wconf 83' lang='grc' dir='ltr'><strong>ι</strong></span> <span class='ocrx_word' id='word_1_790' title='bbox 637 5258 725 5316; x_wconf 91' lang='lat' dir='ltr'><strong>ltem:</strong></span> <span class='ocrx_word' id='word_1_791' title='bbox 744 5259 820 5318; x_wconf 82' lang='lat' dir='ltr'><strong>alies</strong></span> <span class='ocrx_word' id='word_1_792' title='bbox 835 5262 920 5334; x_wconf 86' lang='lat' dir='ltr'><strong>legem</strong></span> <span class='ocrx_word' id='word_1_793' title='bbox 935 5261 985 5317; x_wconf 87' lang='lat' dir='ltr'><strong>lra-</strong></span> 
     </span>
    </p>
   </div>
   <div class='ocr_carea' id='block_1_5' title="bbox 1034 5101 1828 5272">
    <p class='ocr_par' dir='ltr' id='par_1_7' title="bbox 1034 5101 1828 5272">
     <span class='ocr_line' id='line_1_56' title="bbox 1034 5101 1825 5180; baseline -0.011 -14"><span class='ocrx_word' id='word_1_794' title='bbox 1034 5112 1074 5167; x_wconf 87' lang='lat' dir='ltr'><strong>dit</strong></span> <span class='ocrx_word' id='word_1_795' title='bbox 1087 5108 1231 5174; x_wconf 87' lang='lat' dir='ltr'><strong>introitum</strong></span> <span class='ocrx_word' id='word_1_796' title='bbox 1245 5109 1273 5163; x_wconf 91' lang='lat' dir='ltr'><strong>in</strong></span> <span class='ocrx_word' id='word_1_797' title='bbox 1285 5124 1410 5180; x_wconf 88' lang='lat' dir='ltr'><strong>regnunt,</strong></span> <span class='ocrx_word' id='word_1_798' title='bbox 1426 5108 1453 5162; x_wconf 89' lang='lat' dir='ltr'><strong>iu</strong></span> <span class='ocrx_word' id='word_1_799' title='bbox 1466 5106 1598 5178; x_wconf 82' lang='lat' dir='ltr'><strong>potentins</strong></span> <span class='ocrx_word' id='word_1_800' title='bbox 1615 5103 1733 5169; x_wconf 83' lang='lat' dir='ltr'><strong>Domini,</strong></span> <span class='ocrx_word' id='word_1_801' title='bbox 1746 5113 1774 5157; x_wconf 87' lang='lat' dir='ltr'><strong>ct</strong></span> <span class='ocrx_word' id='word_1_802' title='bbox 1796 5101 1825 5157; x_wconf 90' lang='lat' dir='ltr'><strong>in</strong></span> 
     </span>
     <span class='ocr_line' id='line_1_57' title="bbox 1035 5193 1828 5272; baseline -0.011 -15"><span class='ocrx_word' id='word_1_803' title='bbox 1035 5201 1185 5257; x_wconf 87' lang='lat' dir='ltr'><strong>tlralantutu</strong></span> <span class='ocrx_word' id='word_1_804' title='bbox 1202 5200 1308 5270; x_wconf 86' lang='lat' dir='ltr'><strong>spousi.</strong></span> <span class='ocrx_word' id='word_1_805' title='bbox 1324 5199 1473 5272; x_wconf 86' lang='lat' dir='ltr'><strong>Propterea</strong></span> <span class='ocrx_word' id='word_1_806' title='bbox 1488 5198 1572 5254; x_wconf 80' lang='lat' dir='ltr'><strong>fatuis</strong></span> <span class='ocrx_word' id='word_1_807' title='bbox 1585 5193 1739 5267; x_wconf 83' lang='lat' dir='ltr'><strong>uirginibus</strong></span> <span class='ocrx_word' id='word_1_808' title='bbox 1752 5193 1828 5250; x_wconf 89' lang='lat' dir='ltr'><strong>clau-</strong></span> 
     </span>
    </p>
   </div>
   <div class='ocr_carea' id='block_1_6' title="bbox 188 5286 1825 5452">
    <p class='ocr_par' dir='ltr' id='par_1_8' title="bbox 188 5286 1825 5452">
     <span class='ocr_line' id='line_1_58' title="bbox 1034 5286 1825 5363; baseline -0.01 -14"><span class='ocrx_word' id='word_1_809' title='bbox 1034 5309 1064 5349; x_wconf 89' lang='lat' dir='ltr'><strong>sa</strong></span> <span class='ocrx_word' id='word_1_810' title='bbox 1079 5302 1122 5348; x_wconf 77' lang='lat' dir='ltr'><strong>est</strong></span> <span class='ocrx_word' id='word_1_811' title='bbox 1136 5292 1234 5362; x_wconf 88' lang='lat' dir='ltr'><strong>janua,</strong></span> <span class='ocrx_word' id='word_1_812' title='bbox 1251 5293 1318 5363; x_wconf 90' lang='lat' dir='ltr'><strong>quia</strong></span> <span class='ocrx_word' id='word_1_813' title='bbox 1340 5300 1406 5347; x_wconf 90' lang='lat' dir='ltr'><strong>cunt</strong></span> <span class='ocrx_word' id='word_1_814' title='bbox 1419 5291 1454 5347; x_wconf 78' lang='lat' dir='ltr'><strong>aul</strong></span> <span class='ocrx_word' id='word_1_815' title='bbox 1470 5290 1620 5346; x_wconf 82' lang='lat' dir='ltr'><strong>rendentes</strong></span> <span class='ocrx_word' id='word_1_816' title='bbox 1634 5286 1737 5353; x_wconf 89' lang='lat' dir='ltr'><strong>eleum,</strong></span> <span class='ocrx_word' id='word_1_817' title='bbox 1752 5287 1825 5356; x_wconf 89' lang='lat' dir='ltr'><strong>qued</strong></span> 
     </span>
     <span class='ocr_line' id='line_1_59' title="bbox 188 5361 1825 5452; baseline -0.004 -13"><span class='ocrx_word' id='word_1_818' title='bbox 188 5361 297 5430; x_wconf 58' lang='grc'><strong>11011115·</strong></span> <span class='ocrx_word' id='word_1_819' title='bbox 324 5370 353 5417; x_wconf 74' lang='lat'><strong>⁰¹</strong></span> <span class='ocrx_word' id='word_1_820' title='bbox 377 5361 529 5419; x_wconf 59' lang='lat' dir='ltr'>“cundum</span> <span class='ocrx_word' id='word_1_821' title='bbox 551 5361 638 5435; x_wconf 64' lang='lat' dir='ltr'><strong>¹0ie¹¹¹</strong></span> <span class='ocrx_word' id='word_1_822' title='bbox 664 5371 786 5419; x_wconf 69' lang='lat' dir='ltr'><strong>⁰⁰⁵¹l²¹¹¹</strong></span> <span class='ocrx_word' id='word_1_823' title='bbox 811 5363 891 5420; x_wconf 62' lang='lat' dir='ltr'><strong>‘sthi‘</strong></span> <span class='ocrx_word' id='word_1_824' title='bbox 913 5364 983 5419; x_wconf 61' lang='lat'>”¹⁰¹¹</span> <span class='ocrx_word' id='word_1_825' title='bbox 1033 5393 1076 5440; x_wconf 89' lang='lat' dir='ltr'><strong>est</strong></span> <span class='ocrx_word' id='word_1_826' title='bbox 1089 5382 1357 5439; x_wconf 84' lang='lat' dir='ltr'><strong>larerariuiautiunr.</strong></span> <span class='ocrx_word' id='word_1_827' title='bbox 1371 5380 1439 5439; x_wconf 90' lang='lat' dir='ltr'><strong>ltem</strong></span> <span class='ocrx_word' id='word_1_828' title='bbox 1453 5382 1487 5438; x_wconf 88' lang='lat' dir='ltr'><strong>de</strong></span> <span class='ocrx_word' id='word_1_829' title='bbox 1500 5382 1544 5439; x_wconf 82' lang='lat' dir='ltr'><strong>bis</strong></span> <span class='ocrx_word' id='word_1_830' title='bbox 1562 5380 1610 5452; x_wconf 92' lang='lat' dir='ltr'><strong>qui</strong></span> <span class='ocrx_word' id='word_1_831' title='bbox 1631 5382 1724 5436; x_wconf 84' lang='lat' dir='ltr'><strong>emula</strong></span> <span class='ocrx_word' id='word_1_832' title='bbox 1743 5393 1825 5449; x_wconf 86' lang='lat' dir='ltr'><strong>opera</strong></span> 
     </span>
    </p>
   </div>
   <div class='ocr_carea' id='block_1_7' title="bbox 189 5460 1826 5761">
    <p class='ocr_par' dir='ltr' id='par_1_9' title="bbox 189 5460 1826 5761">
     <span class='ocr_line' id='line_1_60' title="bbox 189 5460 1825 5542; baseline -0.003 -12"><span class='ocrx_word' id='word_1_833' title='bbox 189 5460 282 5533; x_wconf 49' lang='grc' dir='ltr'><strong>(Μαι)</strong></span> <span class='ocrx_word' id='word_1_834' title='bbox 299 5479 356 5531; x_wconf 58' lang='lat'><strong>¹¹5·</strong></span> <span class='ocrx_word' id='word_1_835' title='bbox 370 5463 408 5536; x_wconf 83' lang='lat' dir='ltr'><strong>i).</strong></span> <span class='ocrx_word' id='word_1_836' title='bbox 425 5484 435 5517; x_wconf 77' lang='lat' dir='ltr'><strong>r</strong></span> <span class='ocrx_word' id='word_1_837' title='bbox 454 5461 500 5521; x_wconf 68' lang='lat' dir='ltr'><strong>Sic</strong></span> <span class='ocrx_word' id='word_1_838' title='bbox 513 5462 559 5523; x_wconf 71' lang='lat'><strong>1¹¹³</strong></span> <span class='ocrx_word' id='word_1_839' title='bbox 573 5464 601 5520; x_wconf 72' lang='lat' dir='ltr'><strong>ln</strong></span> <span class='ocrx_word' id='word_1_840' title='bbox 617 5465 684 5537; x_wconf 66' lang='lat' dir='ltr'>¹085ss</span> <span class='ocrx_word' id='word_1_841' title='bbox 698 5465 851 5520; x_wconf 62' lang='lat' dir='ltr'><strong>‘inmittit</strong></span> <span class='ocrx_word' id='word_1_842' title='bbox 862 5465 984 5537; x_wconf 89' lang='lat' dir='ltr'><strong>glorians</strong></span> <span class='ocrx_word' id='word_1_843' title='bbox 1034 5492 1084 5533; x_wconf 88' lang='lat' dir='ltr'><strong>sua</strong></span> <span class='ocrx_word' id='word_1_844' title='bbox 1100 5475 1215 5541; x_wconf 83' lang='lat' dir='ltr'><strong>iaciunt,</strong></span> <span class='ocrx_word' id='word_1_845' title='bbox 1230 5487 1261 5533; x_wconf 91' lang='lat' dir='ltr'><strong>ut</strong></span> <span class='ocrx_word' id='word_1_846' title='bbox 1273 5476 1418 5532; x_wconf 83' lang='lat' dir='ltr'><strong>rideantur</strong></span> <span class='ocrx_word' id='word_1_847' title='bbox 1434 5474 1470 5531; x_wconf 88' lang='lat' dir='ltr'><strong>ab</strong></span> <span class='ocrx_word' id='word_1_848' title='bbox 1483 5474 1652 5542; x_wconf 83' lang='lat' dir='ltr'><strong>homiuibus,</strong></span> <span class='ocrx_word' id='word_1_849' title='bbox 1664 5471 1731 5529; x_wconf 85' lang='lat' dir='ltr'><strong>dicit</strong></span> <span class='ocrx_word' id='word_1_850' title='bbox 1745 5469 1825 5527; x_wconf 77' lang='lat' dir='ltr'><strong>Veri·</strong></span> 
     </span>
     <span class='ocr_line' id='line_1_61' title="bbox 189 5561 1824 5647; baseline 0.001 -32"><span class='ocrx_word' id='word_1_851' title='bbox 189 5563 278 5618; x_wconf 89' lang='lat' dir='ltr'><strong>naluit</strong></span> <span class='ocrx_word' id='word_1_852' title='bbox 291 5561 402 5620; x_wconf 90' lang='lat' dir='ltr'><strong>introire</strong></span> <span class='ocrx_word' id='word_1_853' title='bbox 416 5564 445 5618; x_wconf 88' lang='lat' dir='ltr'><strong>iu</strong></span> <span class='ocrx_word' id='word_1_854' title='bbox 462 5563 722 5635; x_wconf 81' lang='lat' dir='ltr'><strong>petentierliemini.</strong></span> <span class='ocrx_word' id='word_1_855' title='bbox 745 5563 859 5637; x_wconf 70' lang='lat' dir='ltr'><strong>Seelego</strong></span> <span class='ocrx_word' id='word_1_856' title='bbox 872 5581 905 5622; x_wconf 82' lang='lat' dir='ltr'><strong>es</strong></span> <span class='ocrx_word' id='word_1_857' title='bbox 918 5581 984 5640; x_wconf 89' lang='lat' dir='ltr'><strong>gen·</strong></span> <span class='ocrx_word' id='word_1_858' title='bbox 1034 5578 1100 5639; x_wconf 85' lang='lat' dir='ltr'><strong>tas:</strong></span> <span class='ocrx_word' id='word_1_859' title='bbox 1119 5586 1129 5621; x_wconf 84' lang='lat' dir='ltr'><strong>r</strong></span> <span class='ocrx_word' id='word_1_860' title='bbox 1155 5567 1224 5636; x_wconf 82' lang='lat' dir='ltr'><strong>Quia</strong></span> <span class='ocrx_word' id='word_1_861' title='bbox 1243 5575 1405 5639; x_wconf 84' lang='lat' dir='ltr'><strong>receperunt</strong></span> <span class='ocrx_word' id='word_1_862' title='bbox 1430 5567 1585 5623; x_wconf 82' lang='lat' dir='ltr'><strong>mercedem</strong></span> <span class='ocrx_word' id='word_1_863' title='bbox 1610 5579 1689 5622; x_wconf 85' lang='lat' dir='ltr'><strong>suam</strong></span> <span class='ocrx_word' id='word_1_864' title='bbox 1715 5561 1824 5647; x_wconf 65' lang='lat' dir='ltr'><strong>(Metti.</strong></span> 
     </span>
     <span class='ocr_line' id='line_1_62' title="bbox 190 5658 1826 5761; baseline -0.003 -47"><span class='ocrx_word' id='word_1_865' title='bbox 190 5658 264 5717; x_wconf 81' lang='lat' dir='ltr'><strong>tibus</strong></span> <span class='ocrx_word' id='word_1_866' title='bbox 279 5658 409 5730; x_wconf 73' lang='lat' dir='ltr'><strong>Ecclesia,</strong></span> <span class='ocrx_word' id='word_1_867' title='bbox 427 5663 552 5732; x_wconf 75' lang='lat' dir='ltr'><strong>queniam</strong></span> <span class='ocrx_word' id='word_1_868' title='bbox 563 5678 614 5716; x_wconf 85' lang='lat' dir='ltr'><strong>uon</strong></span> <span class='ocrx_word' id='word_1_869' title='bbox 625 5662 732 5733; x_wconf 74' lang='lat' dir='ltr'><strong>cegueei</strong></span> <span class='ocrx_word' id='word_1_870' title='bbox 747 5662 983 5728; x_wconf 61' lang='lat' dir='ltr'><strong>litteraturam·-</strong></span> <span class='ocrx_word' id='word_1_871' title='bbox 1034 5676 1074 5727; x_wconf 83' lang='lat' dir='ltr'><strong>rt,</strong></span> <span class='ocrx_word' id='word_1_872' title='bbox 1095 5661 1124 5731; x_wconf 76' lang='lat'><strong>5,</strong></span> <span class='ocrx_word' id='word_1_873' title='bbox 1146 5660 1227 5730; x_wconf 77' lang='grc'><strong>16).»</strong></span> <span class='ocrx_word' id='word_1_874' title='bbox 1257 5658 1357 5761; x_wconf 74' lang='lat' dir='ltr'><strong>Turpis</strong></span> <span class='ocrx_word' id='word_1_875' title='bbox 1371 5660 1514 5731; x_wconf 74' lang='lat' dir='ltr'><strong>negotiatio</strong></span> <span class='ocrx_word' id='word_1_876' title='bbox 1532 5658 1641 5716; x_wconf 81' lang='lat' dir='ltr'><strong>dedisse</strong></span> <span class='ocrx_word' id='word_1_877' title='bbox 1654 5672 1753 5736; x_wconf 69' lang='lat' dir='ltr'><strong>aurum</strong></span> <span class='ocrx_word' id='word_1_878' title='bbox 1774 5669 1826 5751; x_wconf 64' lang='lat' dir='ltr'><strong>pru</strong></span> 
     </span>
    </p>
   </div>
   <div class='ocr_carea' id='block_1_8' title="bbox 0 0 1950 6067">
    <p class='ocr_par' dir='ltr' id='par_1_10' title="bbox 0 0 1950 6067">
     <span class='ocr_line' id='line_1_63' title="bbox 0 0 1950 6067; baseline 0 1"><span class='ocrx_word' id='word_1_879' title='bbox 0 0 1950 6067; x_wconf 95' lang='lat' dir='ltr'><strong> </strong></span> 
     </span>
    </p>
   </div>
  </div>
 </body>
</html>
