3892 6067
544 211 741 273 annueres.
761 241 797 255 -
816 208 933 269 senno
952 205 1023 264 ιιι.
1041 205 1076 262 ru
1088 202 1376 268 ,smrurnesnrn
1693 198 1762 257 aare
1780 148 1795 170 '⁸

431 346 548 404 §mo
566 347 636 403 m
942 322 1055 387 Arar).
1070 320 1155 377 Filius
1167 321 1249 377 etiam
1271 318 1460 390 promissionis
1481 327 1507 377 ιι
1529 328 1655 389 paternus
1668 327 1764 389 putens

979 413 1072 479 enitrit,
1087 427 1120 468 ec
1130 412 1182 468 sibi
1198 428 1283 467 ueros
1294 410 1394 467 ellndit.

1016 502 1095 557 Salra
1119 503 1200 574 igitur
1222 518 1284 557 rum
1309 500 1399 556 debita
1425 501 1598 557 uerreratiune
1620 503 1764 567 sententia,

177 596 270 654 Simile
278 607 316 651 est
328 614 433 669 reparant
443 597 569 651 coeloranr
586 597 685 650 lrerrrr'ni
695 595 927 665 petrifenril.,cte.
979 609 1040 664 qnae
1058 593 1170 648 lide-liter
1189 604 1217 648 et
1233 606 1352 664 congrue
1368 592 1474 646 rincum
1486 592 1565 647 istam
1583 593 1764 650 universalem

141 687 253 758 (llettlr.
280 688 339 756 aar).
365 685 443 751 Vere,
469 684 655 750 dilectissimi,
682 682 855 738 nrultilormis
876 689 928 746 est,
980 685 1057 753 ponit
1072 682 1233 748 Ecclesiam,
1248 682 1293 737 ubi
1314 680 1376 736 ritis
1393 680 1530 742 Clrristns,
1545 682 1692 738 Christiani
1705 683 1766 755 pal-

123 793 205 834 ,eum
220 779 254 833 sit
267 787 357 835 tamen
375 776 578 846 simplicissima
600 774 646 828 liei
666 776 810 846 sepiorrtia,
827 784 854 829 et
867 789 929 828 cnm
980 773 1071 839 mites,
1088 772 1166 827 Peter
1180 773 1309 844 agricola,
1326 782 1353 828 et
1376 771 1583 842 paterlanrilias,
1598 773 1657 829 dics
1678 782 1765 835 totum

125 870 179 924 ,sit
195 869 368 924 uniformiter
382 884 453 935 una,
474 867 659 938 multipliciter
676 875 771 922 taurea
790 866 929 935 multiplex
982 873 1098 934 tempus,
1119 864 1160 919 vel
1175 867 1229 922 rita
1245 865 1374 933 lrernirris,
1391 865 1466 921 berae
1481 865 1574 935 meruli
1589 866 1631 920 rel
1647 866 1768 926 beminis

143 961 291 1016 invenitur.
317 961 531 1029 Pertrenribunt,
552 960 797 1031 inquitproplreta,
810 960 930 1030 plurimi,
982 954 1127 1026 singularis
1151 965 1256 1020 aetates,
1278 954 1367 1013 lerum
1388 955 1475 1025 ipsius
1500 954 1595 1011 ruurrdi
1610 955 1720 1026 eupirlo,
1735 972 1768 1012 ae
1793 946 1797 955 ’

141 1060 168 1105 et
183 1051 322 1121 nrrdtiplee
340 1054 390 1106 erit
409 1052 520 1106 reierrtie
536 1051 619 1122 (bart.
636 1052 698 1121 ιιι).
718 1049 779 1121 lpsa
799 1049 931 1105 nimirum
981 1045 1090 1100 curiosa
1116 1046 1264 1116 negotiatio
1283 1053 1347 1116 apte
1370 1045 1531 1118 intelligitur
1551 1064 1558 1101 ε
1575 1062 1624 1118 ege
1648 1048 1767 1106 anirnanr

139 1152 203 1208 est,
226 1158 289 1212 quae
310 1142 372 1213 jure
395 1142 496 1198 dieitur
521 1143 583 1199 lena
606 1148 760 1207 nortorum,
781 1153 812 1197 et
835 1150 932 1213 puteus
982 1147 1113 1191 meamet
1132 1136 1364 1202 noneolum,sed
1383 1139 1465 1193 ctiam
1483 1153 1594 1208 cerpus,
1616 1155 1648 1199 ae
1663 1150 1769 1198 utrurn-

140 1248 278 1302 aquarum
298 1233 446 1288 viventium
463 1233 554 1305 (Ceut,
578 1232 635 1303 rr),
659 1232 731 1300 lons,
748 1232 783 1289 eb
796 1233 932 1289 inexhau·
982 1242 1036 1298 que
1050 1228 1142 1295 simul,
1157 1228 1238 1285 idest
1253 1239 1339 1284 totum
1353 1245 1407 1296 me,
1420 1230 1526 1290 vineam
1541 1233 1686 1302 quamdam
1701 1234 1770 1291 mibi

122 1333 214 1383 ¹stam
239 1322 401 1399 jrrgitatenm
424 1334 534 1393 puteris,
565 1323 601 1378 ob
629 1322 931 1392 incomprehensibilem
983 1336 1036 1375 non
1058 1321 1246 1394 negligendam
1269 1323 1401 1394 intellige,
1430 1325 1477 1380 aed
1498 1323 1665 1393 fodiendam,
1688 1336 1771 1397 atque

125 1412 369 1483 ‚profunditatem
389 1414 422 1470 Et
443 1415 496 1470 bec
517 1431 652 1485 aquarum
672 1415 832 1483 virentium,
849 1417 875 1472 id
891 1425 933 1473 est
982 1415 1171 1478 exercendam,
1188 1416 1225 1471 nti
1241 1431 1275 1471 ue
1296 1416 1447 1487 peregrinis
1470 1418 1638 1487 germinibus
1659 1419 1771 1475 alienia·

143 1521 274 1561 sensuum
290 1521 398 1576 semper
414 1505 588 1561 scatentium.
606 1504 684 1561 b'ndc
699 1506 793 1561 eadem
814 1508 932 1576 parabo·
983 1520 1036 1577 qrre
1057 1504 1194 1562 radicibus
1209 1508 1395 1572 conculcetur,
1416 1514 1466 1563 aut
1485 1509 1602 1577 propriis
1621 1518 1648 1564 et
1670 1510 1770 1566 natiria

142 1597 181 1663 la,
203 1598 244 1652 rel
267 1598 348 1653 etiarn
373 1613 435 1668 quae
462 1599 573 1655 enidrus
593 1598 701 1654 ridetur
723 1597 873 1669 Scriptura,
899 1599 933 1653 ab
982 1596 1131 1655 offuscetur
1154 1597 1370 1664 vitulaminibus,
1393 1599 1552 1669 putandam,
1574 1615 1607 1656 ne
1627 1600 1769 1663 silvescat,-

141 1688 207 1744 aliis
221 1699 248 1745 et
263 1690 323 1746 aliis
348 1690 427 1745 aliter
449 1699 531 1761 atque
554 1692 633 1747 aliter
656 1701 729 1747 recte
744 1693 889 1762 exponitur
900 1707 933 1748 ae
949 1695 970 1752 ll
984 1689 1168 1759 purgandam.
1195 1698 1224 1744 ιιι
1252 1688 1372 1748 lructum
1395 1691 1456 1760 plus
1482 1690 1586 1757 alterat,
1613 1692 1771 1761 sepiendum

141 1782 299 1848 disseritur,
323 1798 409 1853 neque
424 1791 513 1839 tamen
538 1785 573 1839 ab
589 1785 652 1840 ullis
668 1783 790 1841 lunditus
804 1786 934 1841 exlranri·
983 1780 1105 1846 alatrino,
1120 1796 1154 1836 ne
1165 1781 1310 1850 direptioni
1325 1790 1415 1851 pateat
1426 1781 1471 1839 lris
1484 1782 1529 1853 qui
1546 1783 1772 1854 pretergrediun-

143 1881 201 1938 tur,
213 1871 291 1942 quasi
307 1881 392 1929 totum
418 1874 492 1943 qnod
518 1874 580 1929 inde
604 1874 657 1930 diei
679 1885 768 1946 potest
781 1876 821 1933 sic
835 1877 934 1932 dixerit
985 1870 1125 1938 turriam,
1140 1873 1260 1927 maxime
1284 1881 1375 1928 autern
1402 1880 1511 1941 prepter
1534 1888 1629 1943 aprum
1643 1873 1679 1928 de
1692 1873 1771 1941 silre,

144 1964 230 2034 prior,
246 1972 277 2017 nt
300 1974 396 2033 praeter
422 1964 474 2021 boe
497 1966 562 2036 qnid
583 1965 666 2032 dieat,
682 1967 934 2037 nequeatinrenire
982 1969 1011 2015 et
1034 1960 1201 2031 singularem
1231 1960 1330 2029 lcrurn,
1356 1975 1389 2016 ne
1410 1962 1575 2019 exterminet
1597 1971 1773 2029 canterat

146 2053 290 2123 posterior.
307 2053 445 2126 Quidquid
463 2057 535 2111 enirn
555 2056 610 2115 diei
627 2057 661 2111 de
675 2058 765 2128 aliqua
782 2074 811 2113 re
826 2058 933 2129 sapien·
985 2051 1081 2122 paucis
1109 2052 1208 2120 dicam,
1232 2068 1339 2109 summa
1360 2052 1499 2123 diligentia
1524 2053 1713 2110 excolendam.
1739 2071 1774 2110 ne

146 2151 187 2197 ter
200 2159 233 2199 ac
244 2145 377 2200 ueraciter
386 2153 476 2216 potest
486 2146 579 2217 aliquo
591 2146 681 2214 medo,
693 2156 780 2202 toturn
793 2147 821 2203 in
833 2157 933 2204 reterrrn
985 2156 1115 2211 generosa
1132 2157 1252 2213 propage
1267 2142 1329 2198 ritis
1342 2143 1434 2198 electe
1445 2143 1600 2216 degeneret,
1611 2154 1638 2200 ct
1653 2145 1772 2204 inritent

145 2235 279 2305 sapientia
295 2243 322 2291 et
346 2237 461 2293 veritate
484 2237 567 2295 simul
592 2246 619 2295 ot
640 2253 747 2309 semper
769 2239 935 2295 omnimedis
986 2232 1113 2298 alienam,
1126 2248 1187 2303 quae
1201 2247 1252 2288 nee
1267 2231 1352 2288 Deum
1371 2248 1422 2289 nee
1440 2231 1567 2289 lronriues
1581 2233 1708 2301 letificet,
1726 2247 1774 2294 aut

143 2326 295 2383 abaeletna
317 2337 368 2384 cst.
397 2327 488 2395 Quare
514 2345 576 2384 eum
599 2345 648 2400 per
670 2330 789 2401 aliquem
815 2330 935 2401 inquiror
985 2321 1078 2377 larsau
1104 2330 1250 2392 utrumqne
1273 2321 1426 2390 contristet,
1450 2332 1639 2391 conversatum
1666 2340 1773 2379 summa

147 2417 275 2489 spirans,
298 2421 344 2490 qur
367 2419 501 2490 profunda
526 2419 573 2475 per
595 2437 650 2476 110„
674 2421 873 2494 inqesngnd0‚
888 2424 935 2479 seq
986 2411 1124 2481 uigilantia
1137 2412 1357 2478 custodiendam,
1373 2426 1406 2467 ne
1424 2427 1468 2467 res
1483 2412 1630 2483 plurimum
1649 2413 1773 2471 elabore-

145 2508 311 2565 rentinendo
325 2518 474 2574 serutatur,
489 2509 523 2564 de
537 2524 592 2580 que
606 2511 709 2567 dietum
725 2520 767 2566 cst
783 2530 790 2566 :
806 2511 859 2578 Qui
875 2528 935 2567 corr.
987 2508 1023 2565 ta,
1039 2501 1141 2572 diuque
1161 2511 1327 2572 exspectata,
1346 2502 1388 2558 rel
1405 2502 1573 2558 clancularia
1588 2505 1774 2574 subreptione,

146 2596 211 2650 tinet
226 2597 326 2659 enutrio,
348 2597 487 2651 scientiam
513 2597 589 2652 babet
611 2600 680 2652 necte
699 2597 774 2673 (Sap.
795 2603 828 2669 t),
844 2601 935 2656 ernnia
985 2592 1020 2647 ιι)
1035 2591 1079 2647 llis
1092 2593 1139 2664 qui
1154 2593 1287 2649 det'ettttt
1308 2607 1454 2665 pauperem
1478 2594 1505 2650 itt
1527 2593 1687 2649 abscondite
1700 2595 1774 2650 dete-

147 2686 268 2756 qrnrtern,
283 2702 343 2756 qrrae
358 2687 484 2743 rocetta
505 2688 678 2758 atrqruronus
694 2693 826 2746 veraciter
839 2706 871 2747 re
884 2690 937 2746 un·
987 2692 1074 2750 ratur.
1094 2685 1135 2738 re
1161 2685 1299 2755 inopinata
1323 2684 1474 2741 vastatione
1495 2693 1607 2756 reponte
1628 2685 1774 2758 dispereat·

149 2777 210 2831 liter
225 2776 277 2831 dici
297 2787 421 2846 possunt,
441 2777 523 2833 simul
546 2778 639 2844 scratit,
661 2779 796 2849 intelligit,
813 2780 935 2846 intendit,
987 2772 1065 2832 Unde
1091 2777 1179 2846 prinae
1200 2777 1305 2833 bomini
1329 2779 1361 2833 de
1381 2777 1519 2849 paradise,
1543 2777 1617 2835 retur
1638 2778 1672 2835 de
1696 2777 1775 2832 vinea

148 2884 181 2923 eo
197 2881 339 2939 perquem
353 2868 483 2938 loquitur,
498 2869 662 2940 quaudoque
677 2869 712 2924 ab
726 2869 786 2940 ipso
799 2870 936 2926 intellectu
987 2867 1105 2937 quadarn
1135 2885 1195 2935 sua,
1220 2868 1396 2925 dictumest:
1413 2866 1447 2922 tn
1466 2877 1628 2939 operaretur,
1647 2876 1672 2922 et
1686 2876 1771 2922 curte·

148 2974 247 3025 vacuo,
268 2948 433 3030 quandoque
456 2973 511 3014 une
537 2975 620 3014 sensu
645 2968 784 3024 contente,
810 2975 937 3015 nonuuu-
988 2958 1056 3012 diret
1080 2956 1157 3014 iilum
1178 2957 1254 3027 (Gen.
1277 2960 1330 3031 nel.
1354 2957 1546 3015 Verumtamen
1572 2959 1644 3014 sieut
1669 2967 1775 3030 tempus

148 3067 230 3122 quom
256 3051 380 3121 pluribus
403 3050 486 3105 simul
510 3050 656 3114 illustrato,
681 3066 821 3121 nunquam
847 3028 974 3108 tamenC
989 3048 1078 3118 ipsum
1094 3050 1154 3105 luce
1166 3064 1199 3107 ae
1213 3050 1341 3116 tenebris,
1351 3049 1381 3107 ld
1393 3057 1436 3106 est
1450 3049 1494 3105 die
1511 3065 1546 3105 ac
1559 3058 1639 3106 noete
1652 3049 1775 3121 interpe-

149 3141 278 3197 emnibns
291 3141 404 3211 repleto.
427 3138 505 3196 Unde
517 3141 648 3213 possibile
666 3139 739 3196 laetu
756 3150 889 3211 saepecst,
909 3139 937 3193 ln
988 3140 1071 3207 latur,
1093 3142 1135 3197 sie
1152 3140 1208 3196 rita
1230 3142 1288 3211 ipsa
1309 3140 1428 3198 bominis
1448 3141 1615 3213 temporalis,
1628 3141 1776 3212 aliquande

148 3234 242 3288 eadem
259 3232 399 3302 Scriptura
418 3232 621 3299 dissentientes,
637 3232 678 3287 rel
694 3232 799 3288 direrse
819 3233 938 3287 sentien·
990 3233 1018 3289 in
1054 3234 1174 3290 tenebris
1207 3234 1289 3291 etiam
1326 3233 1479 3290 meridiano
1506 3235 1585 3298 sole,
1625 3232 1776 3307 aliquande

149 3337 199 3391 1⁰⁸.
225 3324 338 3396 8ιῑιῑῑιιῑ
363 3322 460 3380 84ιοῑο
482 3339 565 3395 ll⁰S⁸0
589 3324 691 3395 optime
713 3324 869 3390 ΰθῦιθιῑιθ,
896 3322 937 3378 tel
990 3328 1195 3386 inlucemedia
1213 3335 1358 3382 necteret
1380 3326 1451 3381 sicut
1472 3326 1575 3382 nonde
1597 3325 1641 3382 die
1656 3335 1775 3391 noctem,

148 3416 313 3483 consentire,
339 3416 403 3473 dnm
428 3431 444 3471 a
474 3415 526 3471 lide
552 3415 686 3483 recitatis,
712 3424 739 3469 et
760 3414 939 3471 aeditieatiene
989 3421 1082 3477 seete
1097 3417 1216 3475 tenebris
1239 3417 1308 3473 dixit
1324 3415 1395 3473 brus
1413 3417 1501 3475 lucent
1524 3417 1721 3491 splendescere,
1737 3416 1776 3477 ita

148 3509 300 3574 eharitatis,
313 3523 344 3562 ae
361 3508 538 3564 subversione
553 3508 720 3578 cupiditatis,
734 3509 833 3579 quibus
848 3509 938 3566 onmis
990 3510 1151 3568 intenebris
1174 3509 1297 3565 nascitur
1312 3509 1385 3564 lrlius
1410 3508 1491 3578 buius
1516 3508 1618 3575 saeculi,
1639 3508 1686 3578 qui
1705 3507 1778 3563 dliur

150 3598 249 3652 oculus
263 3596 411 3667 Scripturas
433 3606 535 3652 sanctae
556 3598 689 3667 invigilat,
707 3600 860 3654 eonstiterit
882 3614 938 3654 nen
989 3603 1089 3659 dieitur
1101 3603 1190 3658 noetis
1200 3610 1227 3657 et
1239 3600 1410 3657 tenebrarum
1425 3618 1432 3655 ε
1445 3608 1473 3655 et
1484 3611 1537 3654 non
1548 3600 1603 3655 nisi
1615 3599 1648 3655 de
1659 3598 1777 3655 tenebris

150 3688 305 3743 dissentire
331 3685 398 3741 Nam
423 3695 451 3741 et
474 3688 661 3757 unusquilibet
682 3687 716 3742 de
739 3689 834 3743 eodem
858 3689 938 3743 aliter
990 3673 1122 3755 nascitur,
1134 3691 1181 3760 qui
1195 3691 1268 3749 illius
1282 3691 1352 3745 lueis
1365 3698 1393 3746 et
1405 3689 1458 3746 diei
1475 3688 1509 3745 ab
1517 3689 1646 3760 Aposroto
1656 3690 1776 3746 dicitur:

134 3763 232 3852 'atque
244 3779 331 3844 aliter,
348 3778 416 3835 alias
428 3786 509 3849 atque
528 3778 606 3845 alias,
623 3793 673 3833 nec
686 3787 775 3834 tamen
790 3777 844 3833 alio
857 3788 939 3848 atqua
991 3780 1098 3846 Omnes,
1114 3780 1213 3850 inquit,
1227 3781 1291 3834 estis
1307 3780 1361 3848 dlii
1377 3780 1445 3833 lucis
1458 3789 1483 3834 et
1496 3781 1561 3847 diei,
1578 3789 1603 3837 et
1619 3797 1670 3836 non
1682 3783 1777 3848 nectit,

150 3873 205 3927 alio
226 3870 323 3940 spiriru
348 3869 439 3935 sentit,
461 3869 526 3925 dum
542 3869 697 3939 utrobique,
713 3877 743 3923 ut
764 3868 937 3937 dictumest,
988 3886 1071 3942 neque
1091 3873 1256 3925 tenebrarum
1273 3867 1299 3939 (ι
1319 3866 1408 3923 Tlrere.
1424 3867 1462 3940 ι).
1486 3865 1519 3922 Et
1536 3869 1635 3925 iterum
1651 3888 1658 3925 :
1675 3869 1778 3927 Fuit‘ir

151 3964 257 4020 veritati
272 3962 452 4032 charitatique
472 3962 618 4018 consentit.
639 3960 732 4033 Neque
751 3962 824 4019 euim
839 3963 939 4018 recitas
990 3960 1133 4032 aliqnando
1147 3961 1268 4026 tenebre,
1277 3973 1345 4014 nune
1354 3969 1443 4014 eutem
1455 3959 1537 4015 luein
1549 3960 1660 4016 lietuino
1669 3963 1776 4035 (Ennea.

151 4052 297 4110 asserenda
312 4063 354 4108 est
376 4067 471 4109 contra
495 4053 654 4109 charitatem
670 4068 677 4105 ε
692 4062 740 4109 aut
763 4052 883 4110 ebaritas
897 4063 938 4108 te·
991 4052 1029 4123 s),
1045 4051 1129 4107 Filius
1144 4061 1233 4107 antem
1253 4050 1322 4107 lucis
1338 4049 1437 4107 dicitur
1454 4052 1512 4117 lux,
1525 4061 1553 4107 et
1566 4050 1638 4108 tilius
1651 4053 1777 4109 tenebra·

136 4138 239 4203 'ruenda
265 4155 306 4202 est
329 4155 423 4204 contra
450 4144 602 4201 veritatem.
628 4142 691 4199 llaec
719 4144 780 4200 ideo
806 4143 883 4213 (guasi
910 4144 938 4198 in
991 4158 1053 4200 rum
1079 4143 1212 4209 tenebrae;
1234 4158 1298 4198 narn
1317 4143 1418 4214 uirique
1440 4143 1530 4213 qualis
1553 4152 1640 4214 pater,
1665 4144 1728 4203 talis
1743 4146 1778 4201 ll«

149 4237 356 4311 prefatiuncula
372 4235 466 4308 paucis
488 4233 718 4306 perstrinximus,
733 4247 767 4288 ne
782 4248 843 4289 curn
858 4247 938 4288 secus
990 4235 1055 4292 lius.
1073 4233 1121 4290 Est
1133 4234 1214 4306 igitur
1232 4233 1377 4291 intirlelitas
1390 4250 1457 4304 nor,
1472 4243 1498 4290 et
1514 4236 1579 4293 bdes
1591 4235 1649 4294 dies
1662 4253 1670 4292 ι
1681 4252 1781 4309 pecca*

151 4343 183 4383 ar
198 4327 266 4385 alias
289 4323 415 4390 audistis,
434 4333 481 4379 aut
505 4338 589 4395 penes
616 4322 685 4378 alios
711 4322 825 4393 legistis,
848 4320 938 4391 aliqua
954 4315 1048 4403 D'turn
1065 4341 1131 4391 ner,
1144 4326 1231 4382 uirtus
1244 4326 1312 4383 dies.
1328 4325 1482 4398 ignorantia
1503 4328 1629 4396 tenebrae,
1645 4331 1778 4402 sapientia

151 4433 203 4477 uos
217 4416 317 4476 audere
339 4414 480 4481 noveritis,
496 4413 632 4484 quispiam
652 4412 816 4482 suspicetur,
833 4411 874 4466 rel
892 4427 938 4467 re·
991 4415 1058 4478 lux:
1074 4416 1167 4471 odium
1183 4418 1312 4485 tenebre,
1333 4416 1454 4473 ebaritas
1470 4417 1527 4474 lux.
1553 4418 1683 4478 Diabolus
1704 4431 1778 4480 tene-

152 4519 210 4567 tera
231 4522 282 4564 nos
296 4521 411 4578 prorsus
425 4506 564 4576 ignorare,
580 4503 622 4559 vel
643 4502 735 4575 agnita
751 4512 881 4567 temnere,
896 4503 938 4556 rel
991 4506 1057 4571 brae,
1072 4505 1144 4562 [leus
1162 4506 1223 4572 lux,
1244 4506 1332 4564 Adam
1347 4508 1476 4573 tenebre,
1491 4508 1618 4568 Christus
1632 4510 1690 4567 lux.
1708 4511 1778 4574 ttrto

152 4594 538 4668 norisprepriisqueinaniter
553 4592 682 4665 gaudere.
698 4592 938 4665 Attcrrdendajrna·
990 4598 1108 4667 denique
1126 4597 1302 4664 conscientia,
1325 4606 1352 4653 et
1373 4597 1477 4669 peecatl
1499 4599 1642 4656 delectatio
1665 4616 1730 4671 nox,
1751 4613 1779 4660 et

151 4690 192 4761 gis
207 4687 308 4757 abique
319 4684 441 4757 diligenti
457 4683 574 4739 auditori
588 4683 640 4739 erit
654 4684 725 4738 ratio
740 4682 804 4739 dieti
814 4699 845 4738 ex
856 4699 938 4739 eausa
990 4674 1132 4759 profundae
1145 4688 1265 4745 tenebrae
1280 4704 1287 4742 ε
1305 4688 1376 4745 bena
1396 4689 1577 4758 conscientia,
1589 4701 1617 4747 et
1633 4706 1711 4748 amor
1723 4692 1779 4750 uir-

151 4778 270 4834 dieendi.
288 4776 347 4831 lien
365 4777 437 4831 euim
457 4774 545 4831 sancti
571 4773 709 4846 Evangelii
733 4774 864 4831 lectiones
882 4784 938 4830 tarn
990 4779 1056 4835 tutis
1070 4795 1165 4836 serena
1181 4779 1237 4834 lux.
1254 4779 1487 4837 carnalisaerrrrus
1501 4781 1559 4837 sive
1571 4783 1627 4838 rita
1640 4784 1776 4845 tenebre:

152 4871 324 4940 suscepimus
338 4884 484 4939 exponere,
499 4883 581 4940 quarn
605 4877 714 4938 accepta
739 4868 838 4923 abinde
860 4884 940 4924 ecca-
991 4870 1121 4939 spiritalis
1133 4879 1226 4927 autem
1241 4884 1340 4926 seusus
1352 4878 1379 4926 et
1391 4870 1448 4925 rita
1461 4870 1530 4926 dies.

149 4961 231 5016 sione
244 4959 279 5013 ad
292 4958 497 5014 aedificationem
512 4956 639 5023 tratrem,
652 4963 679 5011 et
690 4963 821 5022 nostram,
835 4955 939 5026 aliquid
1000 4950 1006 4959 ”
1025 4957 1074 5013 Est
1092 4959 1174 5028 igitur
1188 4959 1216 5014 iu
1231 4959 1275 5014 bis
1288 4974 1349 5029 quae
1359 4958 1491 5029 diximus,
1507 4975 1573 5030 nex,
1588 4963 1616 5023 in
1634 4980 1699 5036 qua,
1721 4964 1776 5021 ric-

152 5069 201 5125 pre
216 5063 347 5122 tempore,
363 5051 424 5104 leco
437 5059 464 5104 et
478 5049 603 5119 personis
620 5049 720 5113 dicere,
736 5063 816 5119 quern
833 5064 886 5103 non
899 5048 938 5104 si·
991 5058 1021 5105 ut
1047 5048 1173 5105 Salvator
1195 5050 1327 5120 loquitur,
1352 5064 1434 5106 nemo
1449 5061 1540 5124 potest
1563 5054 1670 5124 operari
1683 5053 1774 5126 (loen.

153 5146 217 5202 nivis
238 5143 378 5198 vobiscum
396 5140 486 5197 silere.
516 5139 645 5197 Hortatur
667 5148 757 5194 tamen
779 5138 938 5211 apostulus,
991 5141 1042 5212 rx).
1068 5139 1199 5211 Quisquis
1221 5142 1294 5197 enim
1310 5143 1382 5198 male
1403 5156 1544 5214 operatur,
1569 5155 1647 5202 noete
1665 5145 1774 5216 quidem

154 5234 279 5290 neullam
292 5232 463 5305 deigratiam
478 5231 505 5286 in
517 5246 633 5286 uacuum
647 5229 813 5301 accipiamus
825 5227 937 5300 (lidos.
991 5247 1046 5288 non
1062 5240 1117 5286 tarn
1133 5242 1272 5302 operatur,
1286 5249 1368 5305 quam
1381 5235 1498 5307 petitum
1513 5235 1603 5292 omnis
1613 5237 1687 5291 enirn
1702 5238 1777 5293 aetia

154 5328 202 5396 rr),
219 5326 274 5382 inre
292 5325 430 5392 erbarid,
444 5325 579 5394 reipsam
598 5323 729 5389 animam,
748 5321 865 5377 diceus:
886 5321 949 5388 Qui·
991 5323 1062 5377 mala
1091 5331 1196 5378 naturae
1222 5323 1302 5380 bonae
1323 5325 1447 5396 quaedam
1462 5326 1554 5396 passio
1566 5335 1618 5383 cst.
1638 5325 1690 5393 Qui
1702 5329 1774 5383 enirn

152 5436 204 5476 neu
219 5419 318 5488 accepit
332 5417 359 5470 t'rr
372 5432 467 5470 eertum
481 5417 596 5469 animent
611 5429 688 5468 annm
704 5413 789 5481 (crat.
811 5417 900 5482 attin),
912 5413 939 5468 ie
991 5416 1073 5481 bone,
1084 5416 1157 5485 quod
1168 5415 1328 5472 naturaliter
1337 5426 1388 5484 est,
1401 5418 1442 5472 tel
1456 5418 1545 5484 babet,
1560 5419 1697 5484 abutitur,
1709 5419 1772 5481 dum

153 5523 194 5569 est
212 5510 376 5565 intellectum
396 5507 565 5563 rationalem.
581 5505 659 5575 llpud
678 5503 852 5577 Evangelium
867 5519 939 5575 quo·
992 5506 1111 5576 seipsum
1127 5508 1287 5578 eorrumpit,
1301 5508 1567 5580 ipsecerrempitur.
1583 5518 1613 5566 et
1634 5510 1699 5566 dum
1713 5526 1778 5572 cor·

154 5620 207 5681 que
223 5615 304 5658 ourne
322 5600 451 5655 talentum
471 5598 639 5671 duplicatum
657 5597 810 5670 reposcitur
828 5595 937 5667 (liettlr.
991 5597 1147 5667 ruptionem
1160 5598 1225 5670 agit,
1244 5601 1330 5670 ipsam
1344 5600 1453 5669 patitur.
1469 5598 1561 5662 Neetis
1573 5601 1776 5679 igiturparsto·

317 479 342 517 lN
361 477 486 516 bofliNle
510 475 715 516 servantissime
733 477 751 515 ι.
