3892 6067
221 187 291 250 tint
879 182 983 242 istac
1003 184 1049 241 titi
1069 184 1202 241 STELLA
1802 184 1881 242 {eta

221 316 340 370 Pniciru
358 328 468 385 quoqne
484 320 513 365 nt
530 311 674 384 lauruque
689 320 744 367 tota
756 326 811 367 rrrtn
823 321 864 367 cst
880 313 1009 383 puleium
1025 322 1047 377 Α
1063 325 1147 371 tatem
1163 328 1195 367 ac
1213 310 1386 366 dulcedinem
1408 306 1583 378 pcrt·enitur;
1607 315 1635 361 et
1646 305 1724 377 otrod
1744 304 1809 360 diu
1826 305 1884 359 eia·

219 407 302 462 electu
324 407 407 462 etiarn
430 414 459 458 ut
477 404 517 458 soi
540 404 631 476 (durat.
650 407 699 474 rr),
716 404 762 474 qni
788 405 850 459 lieet
871 413 944 460 totus
968 405 1010 458 lu·
1060 406 1188 461 ¹auratum
1203 411 1256 469 est,
1270 399 1482 457 cumsnaritato
1499 407 1526 452 et
1542 397 1634 452 laetitia
1652 397 1815 466 carpitur,
1840 398 1882 451 sn

220 498 309 563 cidus,
333 504 495 551 nontamen
513 505 587 551 totus
614 496 747 565 placidus.
773 494 870 564 Fulget
892 494 965 548 enim
984 503 1011 548 et
1061 495 1193 548 nimirum
1208 502 1270 560 post
1283 492 1355 545 itane
1368 489 1452 544 uitam
1465 487 1603 543 exercitiis
1616 487 1765 541 virtutum
1780 487 1883 541 omni·

221 597 319 656 torret,
335 596 363 643 et
376 597 512 658 quantum
528 586 640 656 uiridem
664 602 697 640 ex
716 585 821 656 fulgore
837 585 934 649 placet,
949 593 1010 638 tan·
1062 585 1152 641 modis
1163 582 1314 649 evacuatis,
1332 582 1359 635 in
1376 580 1446 650 ipsis
1457 580 1524 634 solis
1539 588 1566 633 et
1580 577 1657 647 puris
1670 587 1700 632 et
1715 577 1821 630 nudis
1834 576 1870 630 de

220 689 279 733 turn
294 677 461 750 quandoque
475 692 507 732 er
522 675 629 730 lrrrore
641 685 730 731 nocet.
749 674 818 729 Sunt
830 676 902 729 enirn
918 674 1010 744 aliqua
1062 673 1390 745 licialrimur.lnquiltus
1410 671 1543 743 quoniam
1567 670 1664 725 inlrac
1694 669 1761 724 rita
1793 667 1882 723 beata

220 773 248 825 in
278 784 371 825 rerum
394 769 512 834 naturis,
539 781 601 837 qnae
625 767 713 821 lneenr
740 767 807 822 solis
822 766 935 835 eligunt,
962 766 1011 820 sed
1065 768 1244 843 Virgollaria
1257 768 1319 839 plus
1343 766 1473 821 omnibus
1497 762 1687 833 durnitlunde
1706 763 1832 816 merito
1854 763 1881 814 iu

219 862 342 917 calorem
356 859 514 932 refugiunt3
538 869 566 915 et
587 859 718 913 nonnulla
733 874 794 927 nnae
808 859 899 913 calore
916 856 1010 912 loreia·
1062 862 1248 920 [nazaraenae
1270 862 1330 930 ipso
1350 858 1455 928 Spiritu
1473 866 1568 912 sancto
1585 855 1753 910 immediate
1769 870 1881 910 conoe·

218 961 277 1015 tur,
291 952 352 1008 luce
368 960 458 1007 autern
471 950 662 1017 offendentem
679 950 780 1019 utrilnrs
796 949 872 1003 calor
892 949 1009 1016 amicns,
1061 956 1123 1027 pir),
1139 956 1166 1009 ῑῃ
1182 954 1228 1010 ilia
1251 951 1356 1009 eoelesri
1370 951 1444 1014 sede,
1469 956 1600 1019 tanquam
1618 949 1646 1003 in
1662 949 1759 1004 domo
1777 949 1879 1020 panis,

221 1043 351 1114 spientim
366 1041 544 1107 tvssiffliiust
561 1042 690 1112 Silessdffl'
714 1041 830 1107 inlitus·
848 1041 924 1095 ⁰2¹⁰?
944 1056 1011 1097 0⁰¹¹·
1059 1046 1248 1105 aboridantins
1262 1045 1391 1101 omnilnrs
1405 1030 1511 1098 deliciis
1526 1041 1624 1105 affluit,
1640 1041 1744 1095 innita
1764 1042 1880 1112 ubique

215 1132 333 1188 erarius.
356 1130 493 1185 Terribilis
517 1129 639 1198 tandem,
662 1141 690 1185 ut
710 1140 860 1185 castrorum
881 1132 951 1187 ories
967 1148 1012 1185 or·
1062 1153 1146 1209 super
1169 1138 1311 1202 dilectum,
1335 1150 1417 1207 qnam
1444 1132 1551 1189 felicius
1567 1133 1619 1188 lrde
1643 1140 1673 1187 et
1696 1132 1875 1195 dilectione,

219 1221 1011 1295 uirtute(ibid.),sednondumpacata.dcicsqnidemurdi·
1061 1231 1144 1287 corde
1161 1245 1244 1302 qrram
1269 1242 1353 1283 cartre
1381 1226 1508 1298 gestarit.
1535 1221 1613 1281 Unde
1631 1234 1658 1280 et
1670 1224 1791 1280 dietum
1807 1235 1877 1279 est:

220 1324 284 1369 nata
298 1330 359 1369 esse
374 1313 611 1384 praesumentum
628 1314 702 1370 acics
720 1324 773 1381 est,
795 1329 892 1370 secura
908 1323 936 1369 et
950 1328 1011 1370 ont·
1063 1322 1199 1388 Quirrtnro,
1223 1320 1293 1375 iculi
1312 1319 1357 1390 uui
1375 1317 1490 1372 audiunt
1510 1315 1615 1371 uerbera
1639 1315 1700 1382 liei,
1720 1327 1754 1370 et
1777 1328 1878 1371 cesto-

220 1405 288 1460 niuo
304 1403 430 1474 pacitica,
447 1404 489 1459 vel
512 1412 609 1473 pacata
629 1418 690 1459 esse
714 1419 888 1474 nequaqnam
910 1413 1009 1475 potest.
1061 1413 1139 1469 diurn
1155 1412 1223 1465 atiud
1250 1409 1328 1481 (Luc.
1350 1409 1400 1479 rr).
1422 1406 1532 1463 interim
1557 1417 1648 1463 autem
1665 1408 1765 1464 donec
1782 1419 1873 1463 mum

219 1496 300 1553 Circa
317 1497 397 1553 intem
422 1510 488 1551 nero
503 1496 582 1551 tertia
608 1494 713 1551 ceteris
736 1497 888 1550 mirabilior
913 1505 940 1551 et
960 1512 1011 1551 er·
1062 1504 1203 1576 myri-nam
1216 1517 1293 1559 suram
1308 1511 1445 1556 maturam
1461 1513 1580 1568 sponsus
1596 1513 1660 1553 cnm
1682 1502 1870 1555 aromatibus

217 1591 363 1645 collentior
387 1590 522 1660 apprime,
550 1603 600 1643 nec
609 1587 704 1659 jacens
725 1599 753 1644 et
774 1587 883 1644 iurnans
904 1605 952 1659 per
964 1591 1011 1645 de·
1062 1596 1133 1659 suis,
1162 1593 1297 1664 frequenti
1327 1591 1484 1647 visitatione
1508 1589 1658 1645 descendat
1685 1590 1714 1645 in
1750 1592 1868 1647 bortum

221 1690 337 1747 sertum,
355 1695 405 1737 nec
419 1694 590 1750 consurgens
603 1690 630 1733 et
648 1680 825 1750 progrediens
845 1682 878 1735 dc
891 1682 1011 1745 deserto,
1028 1659 1048 1714 B
1063 1705 1175 1753 uncum,
1193 1698 1222 1742 ut
1239 1686 1367 1756 inspiciat
1385 1685 1408 1740 si
1422 1683 1519 1739 ilorent
1534 1683 1636 1749 cirreae,
1654 1692 1684 1739 et
1700 1686 1858 1754 germinae

221 1783 355 1843 apparet;
388 1771 436 1828 sed
465 1772 565 1826 virtute
601 1772 685 1827 multa
716 1780 744 1827 et
772 1772 915 1827 alacritate
941 1773 1011 1827 mira
1063 1778 1134 1834 mala
1146 1778 1261 1833 Punica
1285 1776 1431 1841 Praeterea,
1446 1775 1614 1840 clarissimi,
1637 1778 1665 1829 in
1690 1777 1780 1834 nobis
1798 1777 1866 1848 ipsis

221 1864 374 1919 :ascendens
400 1864 434 1918 de
458 1863 578 1929 «inserto,
606 1872 661 1918 tota
686 1878 740 1918 non
756 1863 818 1919 dieo
843 1864 1011 1919 circundata
1063 1887 1111 1942 per
1120 1869 1273 1941 proiectum
1286 1866 1666 1938 spiritualisconrersationis
1676 1868 1865 1923 ascensiones

221 1965 269 2008 aur
286 1955 366 2024 plena
385 1953 501 2020 deliciis,
526 1954 574 2009 scd
589 1955 817 2026 superabundans
838 1966 864 2010 ct
886 1955 1011 2023 affluens,
1063 1961 1221 2031 lurjnsrnudt
1237 1974 1292 2012 nun
1304 1955 1862 2027 irreongrnequutidiedeprehenduntnr,

221 2063 278 2118 pre
301 2047 385 2101 nirnia
411 2046 596 2101 teneritudine
626 2047 745 2117 seipsum
779 2063 833 2102 non
860 2049 1010 2115 sustinens,
1061 2053 1143 2124 jurata
1159 2055 1230 2121 ononi
1249 2050 1457 2119 scriptumest:
1475 2047 1650 2103 ascensiones
1669 2049 1698 2102 in
1712 2051 1800 2103 corde
1814 2062 1864 2101 sae

221 2141 293 2197 sicnt
318 2138 416 2195 Estlrcr
443 2138 488 2192 illa
518 2139 613 2209 regina
645 2139 798 2195 ascendens
828 2139 862 2195 de
891 2140 1012 2197 triclinio
1061 2141 1265 2213 dispescitur.
1280 2139 1506 2211 (i'rulmrttrrn.)
1519 2138 1552 2192 Et
1566 2139 1716 2205 aliltiern'
1728 2157 1779 2194 nos
1794 2155 1859 2192 corr·

220 2233 385 2290 sentinarum
401 2231 428 2285 in
449 2231 580 2302 palatium
601 2232 673 2304 regis
692 2231 804 2287 dssneri
822 2232 931 2302 (ilrtirer
952 2239 1011 2301 avi,
1063 2250 1171 2306 rrpnure
1180 2234 1252 2304 iecit,
1261 2243 1286 2287 et
1295 2232 1529 2286 consceleratorum
1538 2233 1568 2285 in
1580 2230 1728 2286 celestii-t
1742 2229 1859 2302 (Epire

221 2326 315 2380 innixa
340 2334 367 2379 et
396 2321 558 2378 incumbens
583 2338 666 2393 snper
690 2323 820 2378 dilectum
852 2338 945 2378 suum.
979 2322 1012 2377 Et
1063 2323 1860 2398 n).Estigitnranimcerationaiissientmysticaonaedant

222 2417 408 2473 tractor-rasse
425 2428 468 2473 est
488 2414 539 2469 ista
560 2414 653 2486 regina
679 2415 785 2482 mnndi,
801 2430 863 2486 quae
882 2416 963 2471 hodie
978 2416 1012 2472 de
1062 2434 1148 2485 mors,
1175 2419 1215 2473 sic
1238 2417 1378 2483 nativitas,
1403 2417 1582 2483 resurrectio,
1604 2414 1723 2472 asoeosio
1747 2424 1778 2470 et
1811 2431 1848 2470 re

221 2509 274 2562 lroe
287 2507 391 2562 nmndo
402 2515 429 2560 et
441 2506 545 2561 sarculo
557 2521 674 2575 nrrpnm
687 2506 817 2576 eripitur-3
829 2523 891 2577 epure
903 2502 1012 2577 inprae-
1062 2526 1145 2583 gnum
1155 2528 1162 2577 ;
1174 2517 1201 2564 et
1216 2508 1309 2565 omnia
1331 2507 1418 2564 iernre
1429 2507 1608 2569 ¹celebrantur
1621 2507 1856 2578 intnsmysteriao

221 2599 308 2654 sentis
326 2597 456 2653 Ecclesiae
480 2597 600 2653 triclinio
623 2613 706 2668 super
720 2598 853 2670 conjuges
873 2609 900 2654 et
914 2599 1011 2655 viduas
1063 2601 1134 2668 liter,
1148 2616 1210 2673 quar
1224 2598 1292 2655 loris
1311 2608 1430 2670 aguntur
1445 2598 1632 2654 historialiter.
1655 2597 1775 2653 iloritur
1789 2612 1857 2669 orgo

220 2710 284 2750 cnm
301 2693 454 2763 tirginilnrs
469 2693 525 2748 lota
540 2702 567 2747 et
582 2702 690 2759 oruata,
712 2703 739 2748 et
753 2693 796 2747 iris
810 2693 938 2748 omnibus
952 2708 1012 2748 aru·
1062 2694 1154 2749 anima
1175 2694 1230 2749 lico
1246 2708 1295 2764 per
1313 2692 1538 2758 inobedientiam,
1557 2700 1585 2747 et
1600 2692 1725 2747 naseitrrr
1742 2692 1856 2747 diairolo

222 2787 305 2858 plius.
321 2783 391 2851 Quia
415 2785 466 2839 ctsi
485 2785 579 2839 mnltae
598 2784 659 2839 ltliae
683 2793 920 2855 congregaverunt
941 2783 1012 2839 dirl-
1061 2799 1090 2844 or
1108 2790 1222 2847 mundo,
1238 2786 1317 2844 Unde
1330 2796 1388 2844 est:
1410 2785 1571 2841 llnledr'ctut
1583 2787 1635 2849 uir,
1652 2785 1700 2855 uei
1717 2786 1855 2839 nuntiarit

221 2880 285 2946 tias,
299 2878 351 2932 ista
378 2891 557 2948 snper-gressa
581 2884 623 2931 cst
648 2877 802 2931 universas.
826 2874 913 2930 llodie
931 2890 1012 2946 roga·
1061 2883 1133 2953 parri
1143 2882 1327 2950 intendinus:
1343 2879 1431 2936 Nutur
1442 2889 1481 2936 ert
1495 2881 1543 2937 tiii
1556 2894 1622 2949 perr
1633 2876 1774 2930 nummus
1786 2875 1854 2945 (ier.

221 2982 282 3025 tnra
306 2986 355 3039 pru
379 2968 480 3038 populo
503 2966 656 3038 ingreditur
678 2964 713 3020 ad
739 2981 829 3036 regern
847 2964 867 3019 F
871 2966 959 3033 ilium,
983 2974 1010 3020 et
1024 2990 1047 3053 Ο
1063 2975 1121 3043 51),
1140 2973 1240 3029 Malum
1256 2985 1299 3029 esp
1318 2982 1348 3029 ug
1370 2982 1500 3029 nascatur
1515 2972 1571 3027 fllia
1585 2969 1710 3033 diabolo,
1727 2971 1810 3040 pejus
1826 2980 1854 3021 „a

221 3075 354 3131 sponsum
369 3073 450 3114 suum
465 3077 471 3112 ι
488 3058 568 3127 eujus
582 3057 679 3113 iaciern
696 3058 847 3128 maiestatis
860 3073 910 3113 nec
921 3066 1009 3114 mater

220 3154 280 3224 ipsa
294 3152 400 3218 tolerat,
417 3150 469 3206 nisi
488 3159 515 3204 et
538 3165 585 3204 ret
608 3149 635 3204 in
657 3150 767 3221 signum
789 3150 940 3206 clementiae
958 3167 1010 3206 an·

220 3260 295 3299 ream
326 3243 429 3314 uirgam
456 3240 620 3313 porrexerit.
646 3238 703 3296 Nisi
733 3241 806 3296 eninr
830 3242 951 3298 divinam
977 3258 1009 3299 ae

220 3338 384 3392 immensam
408 3335 579 3405 majestatem
604 3335 791 3390 connaturalis
812 3345 840 3391 ct
862 3337 1009 3407 eoaeqrralis

217 3427 466 3497 contemperaverit
483 3426 602 3490 bonitas,
620 3426 798 3479 intolerabilis
813 3438 841 3480 et
858 3428 1008 3483 inaccessi·

220 3520 283 3574 lrilis
301 3526 343 3572 est
365 3517 440 3572 omni
461 3524 605 3571 creature.
632 3516 699 3571 Ante
723 3517 795 3573 lianc
819 3519 920 3589 qnippe
944 3536 1009 3590 pro.

219 3611 309 3681 plictae
335 3616 478 3674 corruunt,
497 3617 525 3663 et
547 3623 610 3664 cnm
625 3608 660 3663 alr
686 3607 744 3678 ipsa
764 3625 812 3678 per
833 3611 1006 3666 clementiam

220 3700 329 3757 tandem
355 3699 509 3769 eriguntur,
535 3699 583 3754 diu
606 3700 735 3771 languent
762 3709 790 3756 et
817 3711 1006 3770 marcescunt;

218 3798 334 3854 virtutes
351 3810 460 3867 rpuoqne
483 3794 617 3850 coelorum
642 3794 668 3848 in
693 3795 747 3849 tine
772 3793 965 3862 morelruntur,
981 3805 1009 3851 et

220 3898 347 3945 trement.
369 3887 501 3943 Securius
516 3895 606 3942 tamen
620 3886 748 3941 omnilrus
765 3895 852 3940 mater
867 3887 900 3940 ad
920 3886 1006 3941 illium

218 3982 387 4053 ingreditur,
404 3994 455 4035 nec
475 3978 609 4048 tamenin
633 3979 693 4033 sula
718 3977 822 4048 genuit,
837 3994 919 4048 qrrem
941 3980 1007 4049 qnia

219 4074 397 4147 singulariter
420 4072 525 4128 dilexit.
553 4069 663 4137 lnrrixu,
681 4070 780 4140 inquit,
797 4086 851 4125 non
877 4088 959 4142 super
975 4071 1007 4127 n-

218 4166 298 4231 linm,
313 4165 359 4220 sed
384 4180 463 4233 snper
485 4162 620 4216 dilarnnn.
639 4158 733 4216 Potest
746 4160 819 4215 enim
842 4160 913 4216 iilius
934 4176 1005 4226 esse,

211 4256 260 4310 arel
274 4246 368 4320 irater,
381 4253 424 4308 rol
441 4260 529 4324 pater,
542 4251 585 4307 rel
611 4264 741 4320 sponsus,
767 4250 808 4305 rel
823 4253 938 4322 quilibet
952 4253 1006 4307 ltu·

218 4443 390 4506 potestesse,
403 4443 430 4489 et
443 4449 497 4488 non
511 4432 597 4505 diligi.

253 4526 384 4584 Ascendit
395 4527 480 4598 igitur
493 4526 574 4582 lrodie
589 4525 674 4583 llario
689 4527 723 4583 de
745 4527 841 4583 mundi
858 4528 940 4599 liuius
959 4530 1008 4586 de·

217 4625 308 4683 serto,
333 4616 472 4673 non-sine
486 4616 670 4672 admiratione
690 4618 842 4673 coelestiurn
861 4619 1005 4688 virtutum,

214 4722 279 4779 qnae
294 4707 347 4761 tale
370 4707 473 4779 aliquid
493 4710 611 4765 antehac
635 4724 689 4764 nun
712 4708 849 4778 viderunt,
876 4719 1006 4781 utsupra

216 4814 311 4855 earnm
325 4800 448 4853 omnium
463 4800 564 4856 clroros
575 4811 602 4856 et
621 4801 700 4857 sodes
710 4801 744 4856 de
762 4801 816 4858 lroc
838 4803 942 4859 mundo
956 4803 1007 4858 ali·

215 4892 280 4962 nais
300 4891 421 4947 evolaret
446 4908 479 4947 ac
496 4895 640 4950 resideret.
666 4892 744 4950 Unde
763 4904 791 4950 et
813 4895 917 4951 dictum
940 4905 1004 4952 est:

216 4985 284 5052 Quo
303 4995 341 5040 ert
363 4986 426 5052 istu,
439 5002 498 5056 urire
519 4988 637 5041 ascendit
659 4989 692 5042 dc
706 4988 820 5053 deserto,
843 4989 947 5044 deliciis
962 4990 1006 5059 ui·

214 5079 323 5149 dereris?
344 5077 453 5133 Delieice
474 5085 539 5133 sunt
560 5078 692 5133 virtutum
716 5077 833 5146 fructus,
859 5095 921 5151 qum
938 5080 1004 5135 dnm

216 5170 361 5238 pullulant,
376 5179 422 5224 ant
435 5168 542 5235 dorent,
555 5177 602 5224 ant
614 5170 777 5225 immaturos
793 5170 882 5225 adinrc
897 5171 1004 5226 tructus

215 5264 345 5323 lnrrnant,
368 5261 470 5317 linirent
491 5259 594 5331 aliquid
619 5258 821 5324 amaritudinis,
844 5269 872 5315 et
885 5259 1004 5316 diillcul·

214 5354 290 5419 tatis,
308 5362 335 5407 et
348 5355 491 5420 rrroeroris;
508 5352 556 5409 sed
570 5352 728 5408 exercitatis
741 5351 774 5407 ad
787 5361 939 5407 ostrearum
955 5367 1004 5422 por

213 5462 261 5500 ens
280 5445 485 5516 pacatissimum
502 5461 535 5502 ac
557 5446 752 5502 suavissimum
777 5444 865 5501 lerunt
888 5445 1003 5513 institiae

215 5535 347 5591 linctum.
368 5535 446 5593 Sicut
461 5539 535 5593 enim
550 5547 674 5610 tempore
695 5539 872 5606 maturitatis,
893 5539 1003 5609 rejectis

213 5625 373 5691 corticibus,
391 5628 492 5698 aper-tis
514 5629 601 5698 tasas,
619 5630 652 5686 ad
669 5630 758 5687 nuclei
773 5631 882 5688 tandein
906 5632 1000 5687 snarl-

1061 3077 1192 3124 nascatur
1218 3066 1368 3122 masculus.
1394 3064 1508 3121 lloritur
1534 3077 1644 3135 qnoque
1668 3062 1766 3117 anima
1793 3063 1855 3116 dia·

1061 3159 1141 3226 bolo;
1153 3166 1180 3213 et
1194 3157 1318 3213 nascitur
1332 3156 1389 3213 lieo
1404 3171 1453 3227 per
1462 3153 1662 3226 paenitentiam.

1096 3250 1206 3306 Primus
1219 3253 1311 3321 itaque
1334 3257 1480 3304 motasest
1502 3248 1669 3321 inpeccatis
1691 3247 1800 3301 mortni
1819 3245 1855 3299 ad
1899 3296 1900 3313 ,

1061 3343 1143 3398 ritem
1162 3343 1292 3398 contritio
1315 3341 1426 3397 cordis:
1452 3356 1514 3412 qnae
1526 3342 1593 3397 dum
1611 3340 1664 3412 jugi
1684 3340 1855 3410 praeoedere·

1061 3435 1128 3490 tium
1144 3433 1280 3489 malornm
1301 3431 1470 3503 inspectione
1487 3432 1690 3503 compnngitur,
1710 3440 1741 3486 et
1754 3432 1854 3487 dolore
1897 3458 1898 3471 r

1060 3527 1239 3593 ameminor,
1255 3525 1334 3597 quasi
1349 3524 1494 3595 nrremdam
1519 3524 1594 3581 intus
1607 3523 1741 3595 gelrennte
1763 3524 1852 3595 iguem

1060 3626 1145 3684 erent,
1164 3617 1211 3688 qui
1227 3631 1336 3672 sursnm
1350 3632 1399 3686 per
1412 3613 1613 3671 confessionem
1628 3615 1687 3670 oris
1702 3612 1807 3669 iamet.
1822 3612 1852 3666 Η

1059 3707 1191 3779 qrrorriam
1209 3706 1281 3762 sient
1298 3706 1427 3762 contritio
1439 3705 1531 3761 cordis
1550 3705 1655 3776 absque
1673 3703 1852 3760 oonietaione
1895 3690 1896 3715 *

1060 3800 1117 3854 oris
1130 3814 1184 3852 non
1197 3797 1305 3862 sullicit,
1321 3797 1361 3852 sic
1372 3796 1509 3853 coniessiu
1519 3796 1577 3852 oris
1586 3796 1646 3852 sine
1657 3796 1851 3851 emendatione

1059 3889 1150 3960 aperis
1162 3904 1216 3943 non
1228 3888 1346 3959 proiicit.
1357 3888 1538 3959 ipponnntur
1551 3897 1689 3955 aromate,
1699 3899 1733 3944 ut
1744 3889 1850 3945 lurum

1059 3981 1129 4036 berre
1143 3980 1265 4036 redolere
1288 3977 1399 4046 iaciant,
1417 3989 1445 4035 et
1466 3979 1639 4036 coniltentern
1662 3990 1849 4050 pecatasoa,
1892 3980 1893 4015 l

1060 4089 1172 4144 operum
1192 4071 1270 4128 suari
1293 4070 1442 4127 redolentia
1463 4080 1615 4127 correctum
1630 4071 1742 4126 cunctis
1759 4082 1850 4126 osten
1891 4052 1892 4117 l

1059 4167 1135 4233 dant,
1150 4166 1270 4220 maxime
1286 4172 1377 4219 autern
1397 4163 1516 4235 myrrlrae
1532 4172 1560 4218 et
1577 4162 1684 4228 tiaris,
1701 4163 1770 4234 qnia
1788 4178 1850 4218 on·

1060 4259 1136 4314 nium
1159 4256 1359 4313 demoniorum
1386 4253 1558 4310 dirissimum
1581 4268 1670 4323 genno
1692 4252 1804 4322 ieiunio
1823 4262 1852 4307 et

215 4342 933 4417 jusmodi,etnon‹litigi3dilectusauternomnino
950 4360 1006 4401 non
1023 4336 1184 4405 [iuratione
1209 4346 1288 4402 laeile
1306 4346 1442 4415 ejicitur:
1471 4343 1592 4400 universi
1614 4342 1697 4399 mam
1727 4343 1850 4413 putretis

1057 4438 1241 4512 pigmentarii,
1266 4437 1330 4509 qnia
1359 4445 1422 4507 post
1447 4436 1688 4507 compunctionem
1711 4435 1809 4490 cerdis
1823 4446 1851 4488 rt

1056 4529 1257 4586 eotrlcssionem
1275 4529 1343 4592 uris,
1364 4527 1457 4583 carnis
1485 4542 1595 4598 qnoqm
1617 4526 1808 4593 afflictionem,
1822 4536 1851 4581 rt

1055 4638 1152 4695 puram
1170 4621 1204 4677 ad
1228 4620 1373 4676 Dominum
1389 4620 1552 4685 orationem,
1568 4619 1668 4691 negligi
1689 4632 1749 4675 oon
1764 4633 1850 4692 opar-

1055 4723 1094 4769 tet
1105 4713 1339 4783 eleemosynarnm
1354 4709 1523 4780 largitatem
1540 4725 1602 4780 quar
1612 4717 1745 4780 unquam
1755 4711 1849 4780 patna

1055 4805 1090 4861 de
1109 4813 1214 4859 terrena
1241 4802 1405 4868 subeuntia,
1425 4816 1488 4871 qnae
1512 4799 1670 4856 necessitati
1686 4800 1847 4871 superfluit,

1055 4894 1210 4949 minutatim
1223 4890 1397 4963 dispergitur.
1417 4889 1558 4960 dispersit,
1573 4888 1672 4959 inquit,
1689 4888 1765 4942 dedit
1779 4906 1848 4957 pn·

1055 4982 1161 5054 peritus
1177 4979 1265 5053 (Paul.
1279 4986 1349 5049 aar).
1368 4978 1402 5034 Et
1416 4980 1483 5051 qttid
1506 4979 1647 5050 sequitur!
1658 4977 1777 5032 loturi«
1790 4980 1846 5049 eju

1055 5081 1142 5126 ruunet
1158 5072 1185 5125 iu
1200 5068 1328 5127 surdum
1344 5068 1446 5124 soectrli.
1467 5069 1540 5141 Ergo
1555 5070 1636 5125 talem
1656 5070 1844 5124 eonversatie

1055 5176 1116 5217 nem
1131 5162 1289 5232 penitentis
1302 5163 1427 5232 sequitur
1443 5160 1563 5231 justitia,
1576 5159 1611 5215 de
1625 5156 1694 5212 ralle
1707 5156 1841 5226 lacryma·

1054 5269 1115 5309 runt
1139 5269 1319 5325 consurgens,
1340 5263 1367 5309 et
1393 5253 1570 5324 progrediens
1590 5249 1715 5305 uidelicet
1727 5261 1838 5302 aaron

1054 5348 1132 5414 Dete,
1157 5350 1196 5404 ait
1220 5346 1355 5414 Salvator,
1378 5348 1569 5418 eieenrotpnont
1588 5356 1614 5400 et
1633 5343 1725 5398 omnio
1744 5344 1838 5397 unit

1054 5450 1115 5496 tunt
1126 5441 1196 5496 rolris
1209 5441 1285 5510 (luc.
1299 5447 1348 5508 xa).
1362 5439 1554 5497 Verumtamen
1568 5453 1600 5493 ea
1611 5447 1653 5492 est
1666 5435 1836 5507 etoenospn

1054 5533 1267 5606 ordinataque
1290 5536 1408 5606 seipsam
1432 5535 1545 5589 minime.
1558 5531 1688 5604 praeterit,
1704 5528 1835 5599 quatur
1863 5522 1864 5525 ’

1054 5637 1108 5685 met
1130 5628 1207 5700 prins
1222 5628 1355 5695 meminit,
1381 5626 1455 5685 ¹sicat
1479 5626 1611 5697 scriptum
1633 5634 1674 5681 est
1691 5641 1701 5681 r
1717 5622 1836 5679 iliam
