3892 6067
196 293 267 352 didi
678 287 832 346 echberti
850 287 1044 345 PliAEPOSlli
1065 287 1340 346 heteusasrerttt
1759 285 1829 341 libb

231 406 395 464 Benedictus
411 417 480 477 papa
497 400 651 471 harterius,
665 410 695 460 et
714 402 874 460 irenedietns
898 419 990 460 sermo
1004 408 1026 462 Α
1042 401 1204 456 sententiam
1226 400 1301 455 iilius
1317 413 1408 469 neque
1430 395 1585 452 monachus
1605 394 1716 460 clerieo,
1741 413 1830 468 nequa

194 500 254 558 cris
277 497 341 565 sal;
361 510 444 568 qttem
464 493 557 550 audiri
582 494 636 550 tale
660 509 823 566 responsum
844 493 910 549 dare
935 493 987 549 do-
1038 493 1154 549 eierirus
1178 493 1313 548 monacho
1326 490 1458 546 insultare
1482 489 1585 559 possir;
1600 487 1673 559 quod
1701 488 1774 544 alter
1792 489 1831 544 al·

196 589 272 648 rnino
294 587 487 660 salzburgensi
510 585 717 657 archiepiscopo
728 584 761 640 de
775 584 858 642 rebus
872 584 988 657 quibas-
1038 595 1097 640 tero
1111 584 1139 638 in
1153 582 1306 640 uastitatis
1321 582 1416 652 rigore
1437 580 1564 649 superior
1578 579 1620 635 rel
1646 579 1767 637 interior
1784 581 1832 637 de·

194 681 258 738 datu
273 680 367 745 certis,
381 676 464 735 ιιῑιιιι
476 676 608 744 definitis,
622 693 671 749 per
697 676 818 748 legatum
833 691 915 732 suum
940 691 986 733 se-
1039 678 1101 732 beat
1123 676 1249 742 inveniri,
1269 677 1292 732 si
1308 672 1592 730 doctrinaeiliiustam
1612 672 1833 746 clericusqnan

191 770 257 829 dom
280 769 460 842 apostelicam
482 768 662 825 consulenti:
681 786 692 820 ι
714 766 987 839 Sunt,inquit,scri·
1038 767 1191 823 monachus
1213 767 1331 822 soluerit
1348 763 1467 835 periente
1486 764 1579 820 inniti.
1605 762 1651 820 Sic
1681 766 1759 820 enim
1784 781 1834 823 eos

191 869 240 934 pta
259 860 318 932 iarn
338 859 405 915 oiim
429 859 571 930 superbis
592 858 685 915 causis
704 857 877 930 promulgata
902 871 987 927 penes
1037 857 1168 914 describit
1182 858 1209 913 in
1225 857 1368 913 sanctitate
1389 871 1479 927 pares,
1496 863 1526 911 ut
1545 866 1636 912 tamen
1650 865 1791 913 notetens
1806 859 1834 913 in

195 950 285 1021 ipsum
304 949 448 1005 dominnm
469 948 719 1019 archiepiscopum.
744 944 805 1003 Non
827 945 865 1001 illi
883 954 987 1001 estne·
1037 963 1128 1020 pugna
1148 947 1306 1005 dissimiles.
1333 946 1395 1002 ldeo
1418 947 1492 1002 enim
1507 947 1596 1003 sancti
1610 948 1753 1018 quondam
1770 964 1857 1006 mo-.

195 1056 272 1100 cesse
286 1041 321 1098 de
332 1040 375 1098 his
390 1055 523 1112 quaerere,
540 1049 587 1095 aut
599 1048 759 1111 exspectare
778 1054 880 1093 norum
893 1052 926 1093 ea
937 1052 987 1092 no-
1039 1038 1119 1094 naehi
1143 1037 1250 1094 difficile
1264 1047 1462 1094 consenserunt
1476 1051 1506 1093 se
1525 1039 1679 1109 promoveri
1702 1040 1739 1095 ad
1753 1040 1834 1096 ordi·

195 1134 246 1192 stri
260 1142 338 1207 parte
352 1131 463 1204 aliquod
479 1132 622 1203 scripturn.
645 1130 760 1203 Scriptis
781 1130 902 1201 antiquis
925 1139 987 1186 nta-
1037 1143 1099 1184 nem
1117 1129 1286 1194 clericalem,
1306 1128 1442 1185 didieilius
1458 1143 1523 1185 vero
1538 1129 1573 1183 ad
1594 1129 1723 1186 militiam
1741 1132 1831 1187 cieri·

197 1235 253 1292 tur,
286 1225 352 1298 quia
378 1226 466 1282 selum
490 1223 538 1280 bei
572 1222 688 1291 habens,
715 1230 841 1279 nostrum
876 1222 988 1278 habebit
1037 1223 1134 1280 salem.
1157 1221 1233 1278 liniti
1256 1223 1330 1278 enim
1357 1224 1507 1294 iunguntur
1532 1219 1603 1278 inira
1626 1233 1702 1294 septa
1727 1240 1833 1280 mona·

194 1315 342 1386 sutilium,
364 1315 391 1372 in
402 1315 613 1388 quibuscunque
632 1314 670 1370 illi
693 1314 785 1370 darent
800 1313 987 1384 antiquaetra·
1037 1316 1183 1372 sterimum
1203 1314 1323 1371 clericali
1342 1315 1449 1381 ordine,
1477 1315 1525 1386 qui
1549 1324 1639 1371 tamen
1664 1333 1720 1372 non
1748 1317 1836 1374 facile

195 1408 316 1466 ditiones
330 1405 479 1464 Patrem.»
511 1405 574 1464 lime
598 1406 691 1473 rerba,
714 1407 757 1464 rel
784 1423 840 1464 non
870 1405 987 1464 multum
1037 1408 1241 1478 acquiescerent
1260 1422 1308 1477 per
1322 1406 1441 1462 odicium
1459 1407 1601 1477 regiminis
1612 1417 1640 1462 et
1656 1409 1835 1479 predicatio-

195 1498 240 1556 lris
253 1497 409 1569 dissimilia,
423 1498 505 1556 istam
518 1498 681 1556 sentemiam
696 1507 882 1569 competenter
895 1498 988 1569 expri-
1037 1498 1081 1552 nis
1096 1499 1124 1552 iu
1149 1497 1268 1554 clericali
1282 1497 1378 1552 militia
1396 1497 1504 1553 sudare.
1528 1497 1581 1554 Sed
1601 1498 1697 1568 veiint,
1726 1501 1832 1568 nolint,

195 1590 297 1648 menits
320 1590 361 1649 sic
382 1600 476 1663 postea
488 1590 606 1659 serrari,
628 1589 708 1662 quasi
730 1588 915 1647 dedivinoea
938 1605 986 1646 ac·
1037 1590 1150 1645 omniun
1163 1589 1197 1646 ad
1222 1589 1274 1645 hoe
1290 1589 1414 1645 trahendi
1425 1598 1454 1644 ct
1478 1589 1658 1660 compellendi
1678 1600 1744 1647 sunt
1769 1609 1835 1647 mn·

195 1681 314 1753 ceperint
329 1683 453 1740 oraculo.
479 1681 580 1739 biultos
598 1682 673 1739 enirn
687 1690 742 1737 tam
755 1682 861 1753 tepidos
876 1698 909 1738 ac
931 1691 987 1738 tre·
1039 1680 1120 1735 nachi
1150 1679 1238 1736 sancti
1261 1690 1288 1736 et
1309 1679 1381 1736 bene
1407 1681 1568 1752 regulares:
1584 1681 1656 1737 sieut
1680 1684 1833 1754 repellendi

195 1770 274 1844 pidns
294 1772 418 1830 ridemus
436 1774 464 1830 in
479 1774 563 1832 rebus
587 1772 775 1842 corticellam
798 1789 870 1845 saepe
882 1773 987 1844 judicio
1004 1738 1104 1826 Bsuut
1123 1786 1218 1827 omnes
1240 1771 1334 1827 cleriei
1358 1771 1480 1843 acephali
1493 1780 1520 1827 ct
1535 1772 1710 1843 irregulares.

195 1862 308 1922 Patrum
323 1864 461 1935 delinitis;
487 1874 518 1923 nt
538 1880 651 1923 neeesse
673 1866 793 1923 babeant
816 1867 987 1924 commoneri
1073 1860 1150 1929 Quod
1166 1877 1228 1918 cum
1250 1872 1345 1920 nostro
1371 1876 1492 1933 ternpore
1512 1864 1549 1920 sit
1563 1866 1750 1921 necessarium
1765 1883 1835 1937 pro-

196 1955 352 2024 hisrrrbis,
373 1966 508 2028 quatenus
527 1959 555 2014 in
579 1959 672 2016 causis
695 1958 807 2029 apertis,
822 1959 898 2016 nulio
921 1975 989 2015 corr·
1037 1959 1098 2023 pier
1124 1953 1265 2022 penuriam
1286 1953 1446 2009 clericorum
1474 1955 1649 2026 regularium,
1676 1960 1833 2029 quondam,

195 2047 259 2104 silio
270 2058 439 2120 exspectato,
462 2049 631 2108 confidenter
652 2060 750 2124 agant3
765 2051 842 2120 certi,
857 2052 987 2124 quoniam
1039 2057 1101 2098 cum
1125 2057 1222 2099 limites
1249 2043 1427 2114 θιῑθῦθιιῑθθ,
1451 2044 1636 2114 bibilssmdles.
1667 2058 1837 2121 ceteraque

196 2156 245 2200 cos
265 2140 406 2215 atilut¹ablt
433 2141 531 2202 Petrus
555 2143 692 2216 renesque
714 2145 845 2213 vicarius,
877 2146 988 2219 quando
1039 2134 1257 2205 diffiil⁰³i¹¹¹¹⁸²³i⁸
1279 2134 1408 2192 &¹0⁵3ae
1421 2151 1592 2193 emmunim
1609 2140 1772 2197 clericorum
1790 2145 1836 2200 ιῑ·

200 2233 323 2292 rer-treus
342 2245 429 2307 petra
455 2251 512 2294 non
534 2251 625 2308 prave
652 2237 860 2296 eorrsnetminis
893 2253 987 2306 neena,
1039 2226 1240 2292 temtaverent.
1256 2228 1510 2299 erroneamque
1526 2231 1638 2300 penuria
1658 2235 1834 2304 eculanum

196 2325 342 2384 ntliilcatio
357 2341 453 2388 eorum
468 2325 592 2396 inicitur,
603 2336 630 2385 et
644 2328 763 2400 antiquis
777 2328 887 2389 Parrum
901 2338 988 2387 stetu.
1039 2320 1198 2376 elericorum
1219 2334 1274 2375 non
1289 2319 1323 2374 ad
1338 2319 1391 2375 hnc
1411 2320 1536 2392 angebat,
1561 2322 1614 2377 nisi
1639 2337 1702 2379 cnm
1727 2324 1837 2396 aliquis

196 2417 243 2484 ue,
265 2418 338 2477 entur
359 2417 447 2477 flemis
469 2429 497 2480 eq
515 2420 733 2492 tmppqupfflbus
748 2421 885 2481 mmmm,
908 2422 988 2478 qudi.
1039 2410 1122 2467 tantis
1146 2410 1294 2466 virtutibus
1316 2410 1388 2466 inter
1403 2412 1553 2468 monachos
1580 2412 1677 2469 enituit
1693 2433 1700 2470 z
1716 2426 1746 2471 ut
1771 2433 1835 2474 nna

196 2523 251 2584 qut
270 2509 416 2568 stabilitur.
1039 2502 1175 2559 immerito
1188 2503 1335 2571 rideretur,
1351 2518 1405 2559 nou
1421 2504 1509 2561 solum
1522 2506 1639 2563 clericali
1652 2509 1749 2565 ordine
1759 2511 1837 2567 insi-

483 2622 598 2680 cthUT
622 2622 741 2680 mm
1039 2594 1172 2665 guicndus
1182 2612 1190 2662 ;
1202 2594 1249 2650 sed
1265 2594 1292 2649 in
1306 2595 1363 2666 ipsa
1378 2611 1486 2668 quoque
1496 2597 1614 2654 clericali
1629 2601 1723 2656 militia
1736 2604 1795 2658 dux
1805 2616 1837 2660 et

202 2711 265 2773 tur
292 2716 448 2771 clericorum
475 2716 588 2787 inferint
619 2733 670 2772 non
696 2725 735 2771 est
759 2716 813 2771 uita
846 2718 989 2771 monacho·
1038 2686 1395 2757 P‘i¹¹⁰⁰¹'⁸⁰⁰¹¹³¹¹¹⁰²⁰¹¹¹¹³·

232 2801 302 2841 runs.
326 2784 428 2853 Quibus
442 2786 601 2844 uestimentis
626 2794 720 2842 aratur
739 2785 883 2842 neesrachns
899 2786 988 2857 [actus
1073 2776 1245 2834 C0¹¹silittltts
1258 2778 1331 2834 enim
1349 2778 1390 2834 sic
1403 2787 1526 2834 sancium
1541 2778 1702 2837 clericorum
1715 2785 1837 2854 regebat

232 2855 351 2928 immid&
365 2855 405 2912 Μ
416 2857 562 2928 ‘pistilli‘-
1039 2870 1173 2937 ordinem,
1193 2869 1282 2926 lactus
1295 2870 1353 2940 ipse
1367 2884 1422 2925 non
1445 2870 1533 2926 solnin
1552 2888 1623 2929 trtius
1650 2873 1834 2943 clericorum,

233 2965 263 3025 st
274 2965 348 3028 enhn
367 2975 447 3025 cnute
463 2966 655 3039 perspiciatur,
672 2969 787 3040 quidde
803 2968 857 3024 rita
873 2969 989 3030 clerico·
1040 2963 1181 3019 sedetiam
1193 2962 1323 3035 magister
1333 2977 1429 3017 eorum
1445 2981 1452 3017 :
1466 2972 1495 3019 ut
1511 2979 1618 3034 semper
1639 2966 1693 3021 rita
1712 2976 1739 3021 et
1759 2978 1833 3024 actu

197 3073 259 3118 rtrrn
274 3055 420 3128 senserint,
440 3066 467 3115 et
486 3059 619 3134 scripturn
637 3059 798 3134 reliquerint
811 3058 1023 3133 Passenni-c
1039 3055 1166 3125 probaret
1181 3054 1233 3109 sibi
1250 3069 1305 3109 nnn
1323 3054 1474 3111 decessisse
1492 3055 1620 3111 monachi
1642 3059 1834 3128 sanctitatem,

198 3150 257 3222 qui,
272 3166 335 3212 curn
349 3151 386 3210 sit
400 3165 498 3222 magna
519 3151 717 3210 monachorum
733 3161 827 3208 sancta
840 3151 987 3221 districtio,
1039 3146 1085 3202 sed
1100 3146 1249 3201 accessisse
1260 3144 1411 3203 clericalem
1424 3146 1591 3217 dignitatern.
1606 3145 1675 3204 llinc
1688 3153 1835 3221 est,an

197 3241 333 3298 clericalis
354 3251 444 3298 tannen
470 3241 532 3298 ritae
564 3241 773 3298 sanctimoniam
798 3240 989 3298 etdistrictio·
1038 3238 1190 3295 monachus
1217 3238 1246 3294 in
1275 3238 1349 3295 clero
1376 3248 1531 3310 provectus,
1563 3241 1687 3298 clericale
1713 3244 1834 3314 aliquod

199 3327 313 3388 rreutsi'c
341 3329 379 3387 illi
405 3330 465 3403 per:
478 3330 570 3387 omnia
597 3329 713 3402 legimus
737 3330 905 3403 parillcatam
926 3350 933 3387 ι
959 3340 989 3386 ut
1039 3338 1150 3386 acturus
1164 3329 1292 3396 officium,
1307 3319 1556 3389 nonexnitrestem
1569 3335 1760 3404 monachilem,
1775 3339 1835 3394 sed

198 3436 259 3480 sam
270 3423 351 3480 otiam
362 3437 462 3495 magno
475 3422 707 3494 certaminessidl
727 3422 988 3481 abeatohmbrnsio
1038 3422 1210 3493 superinduit
1227 3422 1390 3479 clericalem.
1413 3422 1442 3478 Si
1460 3425 1533 3480 cutim
1548 3426 1657 3497 eligitur
1670 3428 1697 3483 in
1714 3444 1834 3499 papam,

198 3513 336 3578 atluanno
350 3512 539 3572 chrisostomo
556 3514 642 3588 (tir)
654 3515 826 3573 inveniamus
838 3517 987 3588 praelatam.
1038 3513 1121 3568 semel
1132 3510 1331 3569 inthronizatus
1340 3528 1480 3585 nunquam
1489 3514 1616 3586 deinceps
1627 3517 1732 3588 publice
1742 3536 1837 3590 appa·
1934 3513 1935 3534 ¹

199 3605 270 3676 Quia
288 3620 351 3662 cum
368 3601 521 3662 monachus
536 3620 585 3676 per
605 3604 708 3678 lugam,
724 3604 840 3662 rierlcus
863 3621 911 3677 per
938 3622 990 3678 pu·
1038 3604 1177 3661 rebitsine
1191 3605 1349 3661 indumento
1362 3605 1494 3674 clericali3
1508 3606 1572 3677 quia
1586 3608 1716 3664 corninus
1727 3609 1766 3665 illi
1780 3610 1836 3667 in·

199 3711 281 3771 gnam
301 3696 399 3753 debeat
413 3694 544 3752 mundum
569 3696 695 3764 sincere,
710 3695 808 3753 beatus
827 3695 989 3753 Ambrosius
1039 3696 1143 3752 cambit
1170 3698 1317 3755 necessitas
1340 3698 1465 3755 laborare
1479 3716 1542 3758 eum
1564 3699 1643 3757 Petro
1662 3700 1834 3761 clericorum

201 3799 381 3862 utrorumque
395 3788 478 3846 ritam
492 3787 532 3845 sic
558 3787 770 3857 circumscribit,
782 3796 813 3845 ut
837 3788 989 3846 secundnm
1039 3790 1171 3861 principe.
1185 3791 1266 3862 cuius
1281 3792 1370 3848 iocum
1384 3801 1457 3849 tenet
1473 3811 1480 3848 :
1494 3808 1545 3850 nec
1562 3801 1650 3865 potest
1662 3810 1724 3851 cum
1737 3794 1835 3852 Bene-

237 3896 312 3970 (iii)
329 3896 492 3960 Ambrosius
514 3896 540 3953 in
556 3895 673 3969 liegesto
693 3913 744 3955 suo
758 3897 792 3954 dc
814 3897 990 3958 distinctions
1041 3902 1103 3960 Non
1128 3903 1338 3975 sacionnimnm
1360 3921 1444 3960 menen
1472 3907 1654 3976 pretiosiorem
1680 3923 1761 3979 quarn
1773 3926 1833 3975 me,

200 3966 364 4030 clericorum
376 3976 403 4024 et
414 3967 632 4092 meraritarum:
649 3988 659 4022 ι
674 3965 738 4024 lirae
748 3969 804 4024 dno
814 3969 840 4024 in
853 3969 990 4027 anteriore
1040 3975 1182 4030 dummodo
1192 3991 1367 4031 conseminans
1379 3992 1484 4030 cursem
1496 3993 1592 4042 meunt,
1609 3986 1634 4031 et
1649 3978 1835 4034 ministerium

199 4035 418 4094 Christianarum
430 4038 512 4095 devot
523 4052 575 4120 auc
583 4039 773 4116 praestantiora
782 4053 844 4095 esse
856 4040 918 4110 quis
930 4054 990 4096 am·
1040 4044 1122 4108 sardi,
1133 4046 1203 4115 quod
1222 4046 1310 4116 accepi
1322 4063 1339 4100 n
1352 4044 1536 4106 Dominodesn
1552 4048 1621 4114 (der.
1637 4063 1683 4112 sn,
1696 4047 1755 4116 at).
1771 4047 1832 4103 lie·

201 4108 287 4180 bigat,
309 4107 473 4166 clericorum
488 4108 577 4164 olilcra
587 4116 615 4164 et
633 4110 831 4170 monachorum
846 4109 991 4168 instituta?
1041 4115 1123 4184 nique
1137 4115 1378 4171 circumstantibus
1403 4115 1538 4187 plurimis,
1553 4117 1724 4187 plorantibus
1734 4129 1763 4173 et
1775 4119 1833 4173 ob·

202 4176 254 4236 itta
276 4177 311 4234 ad
324 4178 481 4236 comitmem
500 4186 529 4233 et
548 4178 680 4244 moralem
693 4179 865 4250 disciplinam
896 4181 990 4237 illaad
1041 4184 1212 4241 sacrantibus
1223 4199 1278 4239 non
1294 4184 1400 4241 redierit
1416 4186 1549 4243 animum.
1564 4187 1603 4242 lta
1616 4186 1684 4243 ildes
1698 4197 1831 4258 prompta

201 4246 395 4305 abstinentiam
409 4246 563 4306 assueiacta
583 4257 665 4319 utque
671 4250 841 4320 patientiam.
859 4220 922 4306 llaec
933 4251 991 4305 uel·
1040 4255 1127 4310 durus
1141 4254 1183 4309 sui
1196 4267 1294 4310 censor
1306 4263 1358 4310 est.
1378 4254 1441 4312 itae
1458 4273 1525 4330 ergo
1538 4257 1659 4324 dimicat,
1680 4258 1725 4313 iila
1736 4274 1767 4313 se
1778 4275 1829 4314 re·

201 4327 233 4374 ut
249 4316 277 4374 in
302 4319 419 4384 theatro,
435 4317 480 4373 illa
496 4318 524 4373 in
544 4327 665 4386 secreto;
689 4328 828 4391 spectarem
847 4321 909 4385 ista,
925 4321 990 4376 abs·
1041 4333 1140 4380 metet.
1164 4323 1227 4379 ilaec
1254 4323 1396 4380 illecebras
1418 4327 1520 4394 vineit,
1548 4327 1593 4382 iila
1619 4327 1728 4399 refugit.
1754 4327 1830 4386 liuic

201 4387 329 4446 conditur
348 4388 404 4444 ilia.
421 4385 483 4445 ldeo
505 4387 594 4446 bonus
613 4388 713 4445 athleta
736 4390 786 4456 ait,
801 4391 985 4460 spectaculum
1004 4395 1158 4460 umuudus
1169 4393 1362 4463 triumphatur,
1373 4395 1411 4449 iili
1421 4398 1537 4454 exsulat.
1549 4397 1618 4454 lluic
1632 4399 1751 4453 rtrundus
1761 4414 1829 4453 eru-

203 4457 267 4515 iactl
284 4473 380 4515 sumna
396 4458 459 4514 huic
473 4458 576 4514 maudo
592 4476 599 4512 :
614 4458 712 4528 diguus
727 4474 804 4525 sarie,
822 4461 868 4583 qui
884 4469 988 4529 speeta-
1039 4462 1158 4535 cingitur
1168 4464 1209 4518 rei
1229 4464 1288 4533 ipsa
1306 4466 1419 4533 arundo,
1434 4466 1473 4522 illi
1491 4468 1643 4538 ignoratur.
1664 4466 1732 4523 iluic
1744 4470 1829 4537 plura

201 4538 278 4586 ratur
298 4529 333 4586 ub
354 4527 469 4602 attgelis.
484 4543 548 4585 cum
568 4527 728 4594 luctaretur,
751 4536 782 4583 ut
805 4545 820 4582 u

860 4529 985 4585 bravium
1041 4542 1258 4599 tentamenta,ct
1274 4534 1335 4589 ideo
1356 4537 1444 4607 major
1459 4537 1590 4606 victoria3
1610 4539 1649 4593 illi
1665 4536 1828 4609 infrequen-

238 4601 372 4667 rvoniret3
390 4614 453 4655 cum
472 4605 600 4665 certaret,
618 4608 646 4652 ut
663 4598 690 4654 in
710 4599 789 4655 terris
804 4599 886 4652 ritam
902 4613 987 4670 ange·
1038 4603 1093 4659 tior
1107 4602 1209 4673 lapsus,
1223 4604 1329 4659 facilior
1342 4607 1477 4663 custodia.
1494 4627 1504 4661 ι

214 4682 292 4723 nrum
308 4669 469 4735 institueret,
484 4668 511 4723 in
523 4670 593 4724 cmlo
609 4668 758 4740 nequitiam
773 4668 930 4738 singulorum
946 4684 989 4725 re·
1072 4673 1157 4742 (tid)
1176 4673 1294 4731 ioannes
1306 4672 1518 4800 Chrfsostomus
1544 4679 1570 4733 in
1590 4679 1697 4750 dialogo
1722 4693 1774 4733 suo
1788 4678 1827 4734 ad

204 4735 317 4795 tollerat.
340 4739 546 4796 Gohuetabatur
558 4737 631 4794 enim
647 4731 776 4810 nequitiis
787 4739 985 4809 spiritualibus.
1037 4754 1160 4799 sarnetum
1172 4744 1319 4800 basilium:
1335 4765 1345 4799 ι

204 4804 301 4862 ilcrito
341 4809 663 4890 uuduscumspoctabat.
676 4819 705 4865 ut
718 4809 836 4891 mundus
846 4824 909 4864 eurn
924 4809 987 4870 imi·
1036 4823 1142 4883 opertet
1153 4832 1214 4872 esse
1224 4816 1343 4871 anirnanr
1354 4820 1512 4884 sacerdotis,
1531 4829 1561 4875 ut
1577 4835 1716 4889 nunquam
1731 4835 1746 4872 ,ι
1765 4816 1829 4901 Spi-

203 4884 317 4934 uretur.
356 4892 396 4934 mc
409 4893 473 4938 tero
487 4890 541 4934 ruta
563 4881 590 4935 iu
614 4881 712 4946 stadio,
738 4880 782 4935 rlia
797 4895 824 4933 ru
846 4880 986 4950 spelunca.
1037 4888 1090 4940 ritu
1109 4895 1205 4941 saneto
1225 4887 1383 4949 deseratur:
1409 4888 1456 4943 sed
1480 4899 1507 4943 ut
1530 4891 1617 4959 possit
1644 4890 1826 4945 dicereznm

203 4944 267 5005 hee
288 4945 421 5006 aduersus
442 4949 631 5006 contusionem
658 4951 761 5018 seculi,
788 4949 833 5005 illa
854 4951 988 5007 aduersus
1038 4963 1126 5009 nutem
1140 4956 1199 5025 jnnt
1217 4972 1336 5026 nortrqn,
1356 4958 1488 5013 rinitrero
1505 4961 1586 5014 inore
1603 4961 1761 5013 (itinerans
1790 4958 1828 5013 bit

203 5015 325 5074 carulas
344 5016 500 5088 percutiam.
519 5015 582 5074 lltec
596 5020 744 5091 subiiciens
759 5020 911 5091 voluptates
923 5035 987 5076 eor-
1038 5035 1197 5096 postpauca
1213 5044 1220 5080 :
1240 5025 1345 5082 rhuito
1355 5029 1455 5097 quippe
1469 5030 1564 5097 majori
1584 5030 1686 5102 indiget
1707 5030 1770 5082 rita
1780 5029 1827 5083 ni-

203 5088 291 5162 poris,
310 5089 330 5148 ii
379 5088 526 5160 anfugiens.
551 5086 614 5148 llaec
628 5091 741 5162 gratior,
755 5090 799 5146 ilia
814 5091 908 5148 tutior.
925 5089 988 5148 llaec
1039 5104 1097 5149 tere
1111 5097 1247 5160 sacerdos,
1261 5113 1342 5167 quam
1362 5099 1498 5154 monachi.
1518 5100 1587 5167 Ωιι,
1604 5116 1666 5156 cnm
1678 5099 1828 5153 vehemen-

204 5159 328 5235 seipsam
343 5174 450 5232 regens,
465 5159 509 5214 ilia
521 5160 693 5230 sernetipsaur
709 5176 837 5216 coercens
852 5169 988 5233 :intraque
1038 5166 1107 5220 tiore
1117 5167 1142 5221 ci
1158 5181 1228 5236 opus
1242 5167 1288 5232 sit,
1300 5168 1423 5238 pluribus
1435 5177 1526 5225 tamen
1540 5169 1745 5226 neeoesiratinus
1760 5167 1824 5232 iste.

204 5241 295 5288 ιιιιιιιι
321 5243 351 5288 ιι
369 5233 560 5314 abnegantem
583 5231 755 5288 iiattihristi.
774 5230 843 5299 Quia
856 5231 987 5301 treriectis
1038 5251 1120 5305 quam
1148 5237 1192 5291 ilie
1216 5237 1363 5292 subditur:
1381 5254 1443 5310 qnae
1461 5255 1524 5295 euru
1547 5239 1635 5295 iacere
1660 5239 1766 5310 possint
1790 5255 1826 5294 er

204 5302 307 5357 ttictum
319 5310 381 5359 est:
398 5301 450 5371 Qus
465 5299 519 5356 ruit
532 5303 617 5358 uerrirr
641 5311 699 5372 post
714 5317 763 5364 nro.
780 5303 888 5373 abneget
897 5315 989 5357 senet·
1037 5321 1135 5378 magua
1149 5314 1225 5376 purte
1238 5309 1406 5372 sordescere,
1421 5310 1473 5364 nisi
1482 5326 1547 5366 rura
1559 5310 1687 5365 eonthrm
1698 5317 1726 5364 et
1735 5308 1828 5363 innen-

204 5371 301 5440 t'pssru,
312 5381 337 5428 ιι
351 5373 428 5428 toiiut
440 5388 542 5427 cracem
552 5387 639 5438 ιιιιιιιι,
651 5382 675 5428 ιι
690 5381 864 5443 sequererne
877 5371 986 5445 qdintth.
1039 5374 1116 5431 sione
1127 5377 1244 5445 piurima
1259 5377 1490 5447 inrpeuctrabilem
1513 5396 1542 5436 se
1563 5395 1671 5450 semper
1685 5378 1824 5435 exhibeat.

205 5439 372 5568 ιιιβιζῐὸ
408 5444 482 5498 uitur
507 5457 573 5514 ergo
593 5443 745 5508 Christum,
769 5442 816 5514 qni
838 5450 927 5512 potest
946 5442 989 5498 d;·
1038 5444 1166 5502 bannum
1181 5450 1510 5504 certeestmonachorum
1526 5461 1674 5516 commen,
1689 5456 1717 5504 et
1733 5450 1827 5504 muita

204 5524 290 5588 mro:
333 5459 491 5578 insederam,
506 5512 566 5584 ient
589 5529 642 5570 non
660 5529 717 5583 eqo,
743 5515 805 5568 riuis
829 5528 889 5567 erro
902 5513 928 5566 in
948 5529 989 5567 urs
1039 5487 1170 5571 sssniesne
1193 5517 1281 5571 labor.
1300 5516 1386 5574 Porro
1407 5520 1431 5573 si
1451 5521 1524 5591 qnis,
1544 5521 1613 5576 berre
1634 5520 1827 5576 administrans

206 5580 489 5656 thnmmffishteih
503 5583 673 5656 ‚Negabatse
686 5582 797 5648 ΡιιιΙιιι,
809 5599 872 5640 curn
886 5599 987 5648 scens,
1038 5587 1202 5652 sacerdotio,
1228 5587 1301 5645 iliius
1324 5590 1464 5660 proposito
1484 5590 1599 5647 sudores
1610 5589 1749 5655 muleram
1764 5597 1827 5644 tan·

168 5650 271 5731 juia
295 5654 446 5711 vinculari
497 5656 650 5712 balationes
663 5669 728 5712 cum
748 5663 890 5728 manet-ent
900 5656 927 5710 in
943 5652 989 5710 le·
1039 5664 1097 5712 turn
1108 5671 1156 5711 eos
1168 5658 1270 5714 distare
1293 5662 1417 5729 reperiet,
1444 5672 1576 5731 quantum
1604 5663 1673 5717 inter
1688 5661 1824 5731 puratum

247 5719 337 5796 *itur
352 5737 382 5780 ιι
404 5725 572 5782 teloniarios
596 5727 705 5785 odarret
720 5727 847 5797 perit-niis
871 5728 906 5780 di
919 5741 964 5781 :ns
980 5742 986 5776 ε
1038 5727 1158 5782 distaret
1174 5743 1294 5799 regem·

1372 4748 1428 4819 psis
1437 4749 1520 4805 radiis
1532 4750 1598 4805 solis
1613 4749 1827 4820 splendidiorem
