3892 6067
246 284 299 344 aas
748 287 901 344 cunnum
920 289 1115 347 remensum
1132 282 1408 350 nmcusnsru'uu.
1820 302 1872 358 sto

244 404 344 460 sultate
357 402 423 473 iusti
444 402 471 457 in
491 399 624 466 boarium
650 407 740 455 rectos
765 400 843 455 decet
865 400 1030 458 collaudatio
1044 407 1068 463 Α
1082 400 1170 471 fructu
1183 402 1289 473 temous
1304 405 1354 471 toi,
1370 404 1417 461 sed
1428 404 1461 460 dt
1474 405 1564 476 [ructa
1579 408 1677 461 teutria
1693 408 1743 475 tui,
1763 411 1828 480 quia
1842 415 1869 470 in

244 495 331 567 (Paul.
352 510 439 561 ιιιιι,
459 494 497 562 ι).
513 510 522 544 ι
542 490 606 547 item
624 489 745 546 :oFiliae
768 490 833 547 Sion
855 493 993 549 exsultent
1006 494 1032 547 in
1083 505 1116 547 eo
1134 493 1313 561 concipiendo
1337 495 1380 549 vir
1406 510 1461 550 non
1487 496 1661 566 operabitor;
1678 497 1726 553 scd
1741 513 1869 569 operante

244 586 317 656 Rege
331 601 383 641 suo
398 584 485 656 (Prot.
502 599 594 651 extus,
608 582 647 655 ι).
662 602 672 634 ι
688 582 753 638 ltem
773 602 780 638 ι
804 603 814 635 ι
829 583 1034 641 Exsultationes
1084 598 1127 639 me
1138 582 1194 639 llco
1207 582 1288 639 Patre
1301 585 1442 657 virginalls
1456 598 1551 642 venter
1568 588 1606 643 ita
1618 587 1822 660 secundabitur,
1840 606 1869 651 ut

244 675 292 731 uei
317 677 345 730 in
361 683 471 746 gutture
489 675 546 731 sive
569 676 596 729 in
612 672 738 729 laucibus
753 688 848 729 eorum
863 674 952 745 (ibid,
967 674 1006 744 6).
1020 693 1030 726 ι
1083 676 1156 746 quel
1171 684 1299 732 nascetur
1313 692 1346 731 ex
1359 677 1474 750 uirgine,
1489 687 1603 735 uocetur
1621 689 1648 735 ct
1661 680 1698 736 sit
1717 678 1805 739 Filius
1822 684 1866 742 llcl

243 766 308 822 ltcm
323 785 329 821 :
347 786 356 818 ι
372 765 490 821 Laetetor
504 782 584 821 mons
594 764 672 833 Sion,
686 773 713 821 et
732 765 869 820 exsultent
883 766 945 821 tiliae
955 765 1033 823 ludas
1084 773 1110 821 ot
1123 766 1210 822 Filius
1235 767 1364 835 bominis,
1383 768 1430 823 lici
1451 768 1541 825 Patris
1566 779 1593 826 et
1619 772 1741 828 bominis
1766 777 1866 846 matris,

243 857 327 930 (Psoi
347 872 432 924 ιιιιι,
447 857 502 927 li).
520 876 530 909 ι
549 856 692 913 Sicsoucti
711 860 751 910 tul
774 857 904 912 resultent
918 874 991 915 nurrc
1006 869 1033 915 et
1083 871 1145 927 quae
1158 857 1222 927 quia
1236 857 1270 913 de
1285 858 1370 928 stirpe
1384 867 1473 925 tua,o
1492 858 1588 926 David,
1614 869 1755 929 nascetur,
1779 875 1869 921 uenter

242 950 430 1005 inaetcrnum.
452 948 577 1016 Quorum
592 963 626 1004 ue
640 958 761 1019 uuquam
781 949 915 1013 turbetur,
940 951 987 1006 sed
1004 952 1031 1006 in
1083 948 1531 1020 ejus,rcntertuusreputabitut.
1555 950 1618 1009 ldco
1641 954 1705 1011 dico
1728 970 1782 1027 ege
1802 955 1869 1014 Deus
1923 1024 1924 1031 ,

242 1049 373 1095 eternum
387 1050 562 1112 perpetuetur
574 1043 732 1111 exsultatio,
1082 1038 1164 1096 Pater
1189 1040 1238 1096 tibi
1264 1039 1361 1109 Dauid,
1385 1041 1459 1098 Patri
1488 1043 1571 1099 unius
1595 1044 1776 1117 eiusdemque
1799 1047 1867 1116 Filii,

281 1129 361 1187 vrrs.
383 1131 425 1186 tu.
438 1129 550 1201 Propter
562 1132 648 1188 Dauid
657 1150 758 1212 seruum
770 1144 855 1200 tuum,
866 1151 918 1190 uun
929 1145 1032 1190 auertet
1083 1132 1158 1203 quud
1191 1131 1223 1186 tle
1249 1133 1338 1202 [ructu
1361 1136 1458 1189 uentris
1486 1136 1525 1190 tui
1554 1151 1651 1204 potrum
1676 1152 1756 1207 super
1784 1139 1867 1194 ιιιιιι

243 1224 337 1293 {urim
350 1224 450 1282 ctrtoti
461 1224 546 1293 tui,0
561 1224 632 1283 [leus
642 1225 732 1283 Pater.
746 1226 808 1282 Nou
824 1237 927 1294 oreatus
938 1226 1032 1297 luciam
1083 1231 1166 1279 lautu.
1188 1223 1281 1279 Sedent
1296 1225 1425 1296 regalem,
1444 1237 1473 1281 ut
1485 1230 1579 1298 regnet
1604 1226 1675 1299 ipse,
1698 1244 1755 1285 uun
1777 1237 1808 1285 ut
1829 1241 1867 1299 ιι,

242 1316 344 1370 Christi
359 1316 567 1387 tuiageutibus
583 1317 610 1371 in
626 1316 1032 1389 tccredentibus,quamarer·
1082 1314 1287 1386 cujusrcgnum
1301 1316 1504 1385 tecutinabitur,
1525 1317 1572 1374 sed
1600 1327 1630 1375 ιι
1659 1319 1717 1376 llcx
1741 1330 1867 1391 aeternus,

241 1408 297 1463 tisti
309 1422 324 1462 a
336 1406 437 1462 ludaeis
457 1405 617 1463 incredulis.
643 1406 690 1463 vet
706 1408 771 1479 quia
797 1409 933 1465 claudicat
949 1408 1032 1465 lsrael
1085 1425 1095 1457 ι
1113 1406 1193 1478 cujus
1217 1408 1293 1479 regui
1318 1423 1372 1463 nou
1395 1410 1446 1465 erit
1463 1410 1537 1478 ilnis,
1557 1411 1672 1481 aquit«
1691 1414 1817 1483 regnabit
1841 1415 1867 1470 ilr
1923 1430 1924 1485 j

240 1501 340 1570 partim
356 1499 597 1568 credens,partim
614 1513 669 1553 non
692 1500 808 1555 credens
834 1500 930 1571 faeiem
953 1499 1032 1556 Cirri-
1081 1496 1448 1556 dumolacobinaeternum
1466 1500 1543 1572 (Luc.
1560 1517 1580 1571 r,
1600 1501 1658 1572 δι),
1677 1523 1688 1555 ι
1705 1502 1733 1558 ἰι
1754 1505 1869 1575 quadu-
1923 1500 1924 1545 l

241 1592 276 1645 ιιι
290 1591 339 1658 tui,
353 1604 437 1661 quam
452 1589 624 1645 avertistiab
651 1590 795 1647 incredulo
823 1589 918 1657 lsrael,
935 1591 1031 1648 saltem
1082 1604 1129 1644 mo
1140 1598 1169 1644 tu
1185 1588 1269 1646 Dauid
1282 1606 1395 1663 regnum
1407 1593 1511 1648 retines
1523 1594 1681 1665 temporale.
1703 1592 1765 1651 Nou
1781 1605 1868 1653 autem
1923 1588 1924 1639 Ὗ

241 1696 293 1734 nou
306 1686 436 1735 auertere
449 1678 565 1753 reliquls
579 1677 674 1747 lsrael,
691 1679 718 1733 iu
731 1679 834 1749 qulbus
847 1686 989 1750 cumputat
1002 1695 1032 1736 se
1082 1682 1158 1737 solus
1169 1682 1372 1753 ipseiegnabit,
1389 1685 1533 1740 sedetiam
1558 1685 1607 1740 lilii
1634 1687 1674 1741 tui
1702 1687 1802 1760 reliqui
1824 1704 1870 1760 per

240 1776 330 1844 ipsum
342 1771 446 1827 Paulus
463 1772 660 1841 apostotus,eo
673 1772 746 1842 quod
761 1771 957 1827 nouissimeilli
970 1778 1030 1827 tan-
1046 1751 1067 1808 Β
1082 1773 1171 1844 ipsum
1185 1774 1356 1847 unigenitum
1374 1775 1450 1831 Sarae
1470 1777 1566 1832 matris
1588 1778 1691 1846 liberte,
1721 1794 1785 1849 quai
1808 1794 1869 1834 sor·

239 1876 322 1938 quam
335 1865 460 1921 auorum
477 1866 559 1934 socies
571 1863 672 1920 Christi
694 1866 734 1920 toi
757 1865 814 1921 risa
828 1873 880 1921 cst.
894 1863 961 1920 Nam
982 1866 1030 1936 qui
1081 1874 1208 1934 stirpest,
1222 1868 1386 1937 regenerati,
1401 1882 1435 1925 ae
1449 1853 1648 1937 protndc‘intcr
1667 1870 1741 1927 filios
1764 1870 1857 1927 tuosd

239 1964 360 2023 monet
384 1955 562 2026 racematus
591 1954 749 2026 audierunt,
776 1956 878 2013 relictis
902 1956 1031 2014 omnibus
1082 1958 1315 2028 liosuoncsrnis,
1331 1958 1454 2016 sedidel
1477 1969 1532 2016 tuae
1558 1962 1718 2032 computati,
1740 1962 1871 2022 sedebunt
1923 1966 1924 2019 ἶ

239 2065 302 2106 eum
315 2050 402 2106 secuti
418 2054 483 2104 suut
499 2058 651 2114 vocantem,
672 2048 746 2105 uerbi
762 2049 863 2121 gratia,
892 2048 991 2106 Petrus
1004 2057 1031 2105 ct
1083 2064 1161 2120 super
1189 2050 1275 2104 sedeur
1302 2058 1386 2119 torm,
1411 2051 1551 2122 regnaturi
1572 2051 1699 2109 uidelicet
1726 2053 1757 2109 in
1789 2068 1870 2125 reguo
1923 2052 1924 2119 1

239 2142 375 2212 Andreas,
388 2155 541 2212 corumque
552 2140 667 2210 similes,
687 2141 789 2198 rectius
801 2141 929 2213 primitiae
945 2157 1029 2214 quam
1082 2148 1185 2196 eterno
1201 2155 1249 2211 per
1271 2149 1347 2197 tuum
1365 2143 1514 2213 tcutporale
1529 2157 1645 2215 regnum
1672 2142 1802 2216 figurato.
1824 2143 1869 2203 Se·
1923 2160 1924 2169 ¹

238 2234 363 2304 reliquiae
376 2231 517 2289 dicuutur.
538 2231 609 2288 Sunt
623 2233 706 2289 ctiam
725 2233 848 2304 reliquiar
871 2233 955 2290 lsrael
983 2249 1030 2290 eo·
1082 2231 1195 2299 debunt,
1209 2233 1332 2304 iuquam,
1343 2241 1370 2289 et
1384 2234 1539 2305 regnabunt
1550 2234 1599 2289 lilii
1613 2235 1665 2303 tui,

238 2323 538 2392 rumconsimiles,dc
556 2322 934 2395 quibusdlctumestllliae:
950 2344 960 2378 ι
979 2323 1031 2382 lie-
1120 2320 1199 2379 Vens.
1218 2324 1261 2380 li.
1279 2322 1308 2379 Si
1324 2334 1414 2381 tamen
1431 2327 1605 2381 mstodieriut
1619 2326 1670 2397 ipsi
1686 2325 1740 2396 tilii
1762 2327 1805 2381 toi
1833 2336 1869 2381 te·
1923 2354 1924 2417 q

239 2416 307 2487 liqui
318 2416 387 2471 mibi
398 2424 501 2486 sepiem
513 2414 600 2470 millia
611 2414 732 2472 uirorum
756 2417 784 2472 iu
796 2414 891 2484 lsrael,
904 2417 952 2488 qui
970 2431 1027 2473 non
1080 2422 1239 2470 stomemtuu
1250 2417 1494 2490 meunt,saugulne
1514 2417 1717 2490 unigenitimel
1746 2421 1868 2476 couscri-
1923 2426 1924 2485 )

238 2517 421 2565 eurruverunt
434 2523 522 2580 genua
532 2516 595 2564 autc
604 2507 669 2564 Baal
679 2508 768 2581 (llam.
782 2509 869 2580 ιιι).
884 2507 951 2565 »Sic
963 2517 990 2564 et
1001 2509 1029 2564 in
1081 2515 1169 2578 ptum,
1193 2507 1266 2577 qood
1290 2507 1341 2577 ipsi
1362 2508 1415 2578 pilii
1440 2510 1479 2562 toi
1505 2509 1711 2580 suscipientia
1734 2506 1871 2581 baptismo
1923 2500 1924 2513 ¹

238 2604 291 2657 boc
317 2614 441 2671 tempore
468 2599 620 2655 allirmante
640 2599 771 2673 Apostolo
802 2600 925 2673 reliquias
945 2599 1029 2657 lsrael
1081 2598 1306 2654 abrenuntiantes
1325 2597 1434 2654 diabmu
1447 2608 1475 2655 et
1495 2600 1624 2657 omnibus
1646 2600 1777 2672 operibus
1800 2603 1868 2673 ejus.
1923 2610 1924 2683 )

237 2693 320 2749 salvae
332 2693 411 2748 doru.
423 2690 491 2747 llam
509 2691 662 2748 ouidesint
681 2692 843 2762 tttiimrnis,
859 2694 907 2765 qui
919 2708 975 2749 oon
987 2708 1030 2749 re·
1081 2686 1151 2744 lule
1166 2695 1321 2743 testamento
1336 2688 1467 2744 accedent
1487 2688 1540 2744 alia
1559 2690 1792 2757 triumuirum,
1817 2704 1870 2746 nou
1923 2690 1924 2731 l

236 2794 368 2855 putantur
389 2784 418 2838 in
439 2783 556 2853 semine,
579 2784 645 2855 quia
673 2801 756 2841 «non
782 2800 890 2853 omncs,
923 2785 970 2857 qui
995 2799 1029 2841 ex
1081 2781 1291 2852 qraellngentur
1314 2781 1341 2836 ir.
1361 2781 1558 2841 traditionibus
1580 2780 1807 2849 Pharisaeorum
1824 2781 1871 2838 sad

236 2876 332 2945 lsrael,
348 2875 376 2931 bl
391 2874 521 2931 israelite
539 2883 605 2931 suut
616 2874 705 2948 (llout.
719 2892 757 2944 ιι,
774 2876 814 2948 b),
834 2895 843 2928 t
861 2884 891 2930 ut
905 2875 944 2930 ait
956 2876 1029 2945 llpe
1080 2889 1140 2946 quie
1154 2872 1251 2928 doceto
1270 2888 1313 2928 eos
1328 2888 1379 2945 ego
1398 2873 1456 2944 ipsc
1479 2874 1570 2929 dando
1592 2871 1724 2945 Spiritum
1749 2873 1871 2928 veniatis

236 2969 335 3037 stolus,
352 2976 445 3025 tamen
459 2968 573 3023 uerbum
587 2966 782 3037 promissionis
796 2981 852 3022 non
867 2972 1029 3033 evacuatur,
1082 2961 1298 3019 introducentem
1311 2961 1386 3032 ipsos
1397 2961 1469 3031 plius
1480 2972 1540 3017 toas
1553 2962 1582 3017 in
1593 2960 1704 3018 amnem
1714 2963 1871 3030 sonuum,

238 3061 304 3133 quia
319 3076 370 3131 pro
383 3058 447 3116 liliis
458 3059 552 3115 carrus
564 3057 612 3114 dlii
623 3058 686 3114 lldei
702 3066 892 3125 assumuntur,
906 3064 934 3112 et
956 3057 1027 3113 rami
1041 3092 1064 3151 c
1080 3066 1162 3123 qnam
1185 3051 1209 3108 ti
1231 3052 1416 3119 custodierint,
1436 3052 1559 3108 ιιάιιιιιι
1584 3067 1665 3124 seper
1683 3053 1772 3137 tedeqr
1796 3062 1870 3107 ιιειιι

237 3151 349 3206 oleastri
360 3150 439 3206 olivae
452 3149 618 3216 inserentur,
635 3157 665 3204 ut
683 3149 829 3220 impleatur
836 3148 950 3203 verbum
963 3161 1027 3217 pro·
1080 3143 1231 3215 regnaturi,
1245 3144 1336 3213 primo
1358 3144 1408 3213 illi,
1431 3144 1535 3215 quibus
1561 3144 1690 3202 dicetur:
1708 3164 1718 3198 ι
1735 3144 1872 3201 Sedebitit

236 3240 378 3297 missionis
387 3240 546 3311 juramento
560 3241 684 3307 firmate,
697 3247 727 3294 ut
740 3238 867 3309 perduas
874 3254 919 3294 res
930 3238 1030 3293 immo-
1081 3249 1163 3306 super
1172 3233 1253 3291 sedes
1277 3228 1422 3291 duodecim
1433 3236 1591 3306 iudicantes
1615 3236 1759 3293 duodecim
1783 3236 1871 3293 tribus

236 3331 316 3397 biles,
332 3332 434 3402 quibus
445 3330 616 3403 impossibile
633 3338 675 3387 cst
689 3329 800 3386 mentiri
814 3327 900 3383 Deum
912 3328 1029 3399 promit·
1080 3323 1288 3397 lsraelffluttlr.
1313 3340 1372 3395 ιιι,
1402 3326 1460 3399 98),
1479 3326 1567 3384 ›ltem
1585 3347 1593 3384 :
1610 3347 1620 3380 ι
1639 3322 1695 3385 lus
1722 3330 1802 3396 estis,
1823 3327 1870 3400 qui

237 3433 338 3480 tentem
352 3433 380 3479 et
392 3425 546 3496 jurantem,
571 3422 753 3479 lectissimum
769 3420 898 3477 solatium
925 3420 1028 3477 babea-
1080 3416 1273 3487 permansistis
1283 3432 1391 3473 meeum
1410 3419 1437 3472 in
1460 3418 1657 3475 tentationibus
1678 3419 1758 3487 meis,
1772 3429 1801 3475 ct
1819 3434 1870 3490 ege

235 3532 311 3581 mus,
326 3516 373 3586 qui
387 3513 558 3587 promittenti
579 3524 606 3570 et
629 3514 733 3585 iuranti
756 3513 904 3578 credimus,
921 3513 965 3570 cui
979 3515 1023 3569 ab·
1080 3508 1198 3577 dispono
1210 3506 1298 3576 uobis,
1315 3508 1388 3563 sieut
1397 3509 1535 3580 disposuit
1555 3510 1624 3565 mibi
1638 3508 1720 3566 Pater
1733 3525 1813 3566 meus
1824 3524 1868 3566 te·

236 3622 304 3679 sque
318 3607 403 3663 dubio
414 3605 526 3661 credere
535 3605 677 3661 debemus.
816 3665 819 3672 ,
1080 3616 1175 3672 gnum,
1190 3609 1223 3656 ut
1237 3600 1355 3657 redeatis
1381 3617 1464 3673 super
1485 3614 1608 3658 prensam
1625 3616 1714 3658 meam
1740 3603 1769 3659 iu
1787 3619 1870 3676 reguo

272 3696 535 3754 immitiorem
560 3697 636 3753 enim
655 3695 742 3751 lluoid
763 3696 910 3764 ueritatem,
935 3706 960 3752 et
978 3711 1029 3751 uon
1080 3688 1392 3762 mutilationem).
1416 3688 1550 3758 >Quibus
1571 3691 1625 3748 boc
1645 3707 1663 3747 a
1684 3708 1749 3765 nege
1773 3707 1867 3765 regum
1923 3662 1924 3729 l

237 3792 492 3862 [mohabitarum.
506 3787 612 3844 iurauit
624 3796 712 3844 etuou
723 3789 856 3859 penituit
867 3804 926 3843 eum
940 3787 1027 3859 (Ptol.
1080 3781 1191 3847 dicitur,
1206 3782 1330 3853 biprimi
1344 3791 1408 3854 pust
1426 3784 1516 3855 ipsum
1537 3784 1700 3856 regnabunt,
1718 3785 1807 3857 ctplii
1824 3803 1868 3842 aa·
1923 3760 1924 3827 l

236 3900 293 3950 cru,
309 3884 349 3954 l),
365 3884 430 3955 quia
445 3896 500 3938 non
514 3881 631 3936 variabit
642 3881 793 3952 juramenti
812 3878 1028 3948 sulcensilium,
1080 3891 1139 3930 rum
1152 3890 1234 3947 utque
1248 3875 1418 3931 interulam
1442 3874 1652 3935 seculieisdem
1675 3878 1869 3935 successurlet
1923 3844 1924 3893 ¹

234 3975 477 4044 etsiuarietopos.
492 3971 684 4028 iuramentum
701 3970 840 4041 veracius
860 3971 912 4026 erit
932 3970 1029 4039 lixum,
1080 3972 1242 4029 couodbon'
1259 3980 1443 4027 testamentum
1461 3988 1558 4037 meum,
1577 3982 1602 4028 et
1625 3974 1778 4028 testirmuio
1799 3989 1867 4039 ntea,
1923 3936 1924 3995 ¹

238 4080 293 4134 quo
303 4065 401 4136 jurans
412 4064 482 4120 dixit
494 4064 584 4136 primo
597 4063 714 4119 librabae
730 4081 736 4118 :
751 4082 762 4115 ι
778 4061 831 4118 Per
839 4063 1028 4134 memetipsum
1079 4079 1138 4135 ιιι
1147 4063 1245 4119 docebo
1257 4079 1311 4129 eet,
1325 4072 1376 4134 pru
1387 4072 1439 4119 suo
1450 4063 1532 4118 modo
1546 4064 1587 4118 rel
1608 4063 1721 4120 modulo
1733 4074 1814 4120 erunt
1826 4080 1868 4121 re-

235 4158 337 4230 juravi,
349 4157 414 4229 qutia
427 4156 515 4212 iecisti
530 4171 588 4212 rem
601 4155 684 4225 bane,
701 4165 729 4211 et
740 4170 795 4211 nou
809 4154 952 4227 pepercisti
968 4157 1029 4211 uui·
1080 4172 1128 4227 ges
1140 4165 1189 4211 ιιι
1201 4154 1288 4226 reguli
1303 4155 1422 4211 sedendo
1439 4157 1613 4226 ιιιριιιιιιειι
1631 4166 1720 4223 mont,
1743 4156 1816 4212 sicut
1827 4157 1867 4213 dl·

238 4253 330 4324 genito
344 4261 392 4306 tuo
403 4250 515 4321 propter
525 4238 581 4318 me,
601 4249 768 4305 benedicens
782 4247 941 4304 benedicam
967 4247 1028 4313 tibi,
1080 4256 1155 4303 cttun
1170 4245 1358 4318 cst.llegeset
1379 4247 1466 4318 reguli
1482 4260 1545 4302 cum
1570 4245 1643 4318 Rege
1661 4262 1755 4319 regunt
1773 4263 1868 4321 regua·

237 4334 468 4414 ‘etmultiplicabo
481 4355 575 4398 seuseu
593 4348 683 4409 tuum,
704 4349 786 4410 atque
809 4339 837 4392 in
854 4339 958 4394 semine
981 4345 1028 4393 tuo
1080 4338 1136 4393 turi
1150 4352 1200 4409 per
1215 4338 1268 4393 lroc
1279 4336 1498 4408 distinguuntur,
1510 4336 1583 4409 quod
1605 4337 1633 4394 iu
1659 4338 1800 4409 aliquibus
1827 4350 1868 4396 est

236 4435 433 4492 benedicentur
451 4448 550 4490 omncs
561 4434 649 4490 tribus
674 4441 754 4488 tcrrae
768 4429 845 4501 (Gen.
859 4445 925 4497 ιιιι,
939 4428 997 4500 ld).
1014 4447 1024 4482 ι
1043 4445 1066 4499 p
1082 4426 1150 4484 tides
1163 4442 1274 4498 magua,
1289 4435 1320 4484 ut
1335 4428 1362 4482 in
1376 4427 1499 4498 regibus,
1514 4428 1561 4499 qui
1586 4426 1688 4501 Regem
1711 4428 1867 4488 iudeorum
1923 4446 1924 4483 ι

236 4527 267 4583 ln
283 4529 334 4587 bae
348 4527 533 4599 promissione
552 4524 670 4581 Abrahae
691 4523 763 4579 lacta
790 4520 916 4577 Salvator
930 4520 1027 4577 mundi
1079 4528 1232 4590 querentes
1245 4532 1359 4574 munera
1369 4519 1485 4590 mystica
1496 4519 1665 4587 obtulerunt,
1678 4534 1778 4576 aurum
1798 4522 1868 4578 sieut

236 4628 280 4677 cst
291 4621 543 4697 promissosucrus
567 4610 650 4674 bomo
670 4614 791 4682 iuturus,
817 4622 911 4685 utpote
936 4613 1027 4669 nasci·
1078 4610 1145 4683 llcgi
1160 4626 1272 4683 magno,
1284 4610 1349 4666 tbus
1364 4611 1435 4666 sicut
1450 4625 1515 4666 uero
1528 4609 1595 4680 lico,
1619 4612 1761 4684 myrrbanr
1779 4614 1867 4683 sepul·

238 4723 317 4768 turus
331 4712 491 4768 delumine
507 4709 659 4768 secundum
673 4722 797 4774 earnem,
811 4706 866 4761 imo
877 4714 905 4761 et
926 4696 1035 4760 secuu·'
1078 4713 1147 4759 turae
1158 4701 1230 4772 eius,
1244 4701 1275 4754 iu
1286 4715 1420 4771 quacum
1431 4698 1519 4772 ipsius
1534 4702 1647 4774 myrrba
1672 4712 1701 4758 ct
1722 4704 1785 4759 aloe
1804 4718 1867 4759 eou-

237 4804 304 4859 dum
317 4802 410 4870 fldem,
421 4817 476 4874 qna
489 4802 545 4860 llud
559 4800 732 4875 promittenti
742 4798 859 4856 credidit
871 4807 965 4863 contra
978 4811 1028 4853 na·
1077 4794 1134 4850 dita
1145 4806 1201 4849 neu
1210 4799 1271 4849 crat
1281 4791 1374 4850 visure
1397 4793 1601 4864 corruptionem
1631 4794 1796 4864 putredinis
1812 4793 1868 4849 la·

236 4903 327 4949 turam
342 4893 376 4949 dc
394 4894 480 4950 sterili
494 4895 622 4950 etuctula
648 4906 734 4948 uxore
760 4890 813 4947 sibl
835 4889 921 4945 lilium
938 4890 1028 4944 nasci·
1078 4900 1131 4957 gna
1147 4884 1205 4941 lucc
1217 4884 1285 4940 ides
1299 4899 1415 4955 magnos
1427 4898 1505 4955 reges
1517 4883 1592 4940 lecit.
1608 4884 1662 4941 Sed
1677 4886 1791 4957 regulus
1811 4886 1866 4953 ille,

238 4994 342 5042 turum.
359 4982 423 5040 llaec
436 4985 586 5040 euimlides
597 4992 721 5054 reputata
732 4981 823 5039 estilli
835 4979 1027 5050 adjustitiam,
1078 4976 1123 5033 eui
1134 4977 1292 5032 dictumest
1307 4993 1314 5030 :
1331 4994 1341 5027 ι
1356 4974 1414 5030 llisi
1428 4974 1553 5046 prodigio
1577 4983 1604 5030 et
1629 4976 1709 5047 signa
1732 4976 1867 5041 ridentis,
1923 5004 1924 5031 l

237 5089 292 5149 qua
306 5073 432 5142 eredidit,
448 5074 597 5146 quoderat
615 5088 699 5144 supra
716 5072 760 5128 uel
777 5078 873 5129 contra
888 5079 1027 5127 naturam.
1078 5082 1133 5123 nou
1145 5066 1254 5123 creditis
1266 5065 1357 5137 (loon.
1377 5081 1414 5135 ru,
1429 5066 1487 5137 ts),
1508 5086 1518 5118 ι
1532 5066 1642 5122 illorum
1657 5068 1746 5123 tenuit
1767 5068 1865 5138 imagi·
1923 5052 1924 5125 l

240 5168 389 5226 «Credidit
408 5187 417 5221 ι
435 5168 508 5224 enim
527 5186 536 5218 ι
558 5166 624 5234 ileo,
636 5178 663 5222 et
682 5186 693 5218 ι
710 5166 764 5223 lroc
780 5184 790 5218 ι
804 5172 961 5235 reputatum
986 5174 1029 5220 est
1078 5175 1153 5227 uem,
1166 5160 1214 5232 qui
1228 5168 1338 5231 propter
1352 5158 1433 5213 iidem
1454 5157 1583 5229 pusillam
1607 5158 1661 5214 sub
1673 5158 1784 5229 regibus
1805 5172 1865 5213 tna·

237 5262 321 5319 illi'nd
335 5244 471 5333 iustitiam
486 5259 573 5331 (Rom.
587 5275 624 5325 ιν,
639 5259 679 5329 5).
700 5257 812 5314 ιΡοιιο
831 5257 945 5314 uerbum
961 5272 1025 5328 pro·
1079 5250 1152 5322 gnis,
1167 5250 1263 5321 quales
1283 5257 1362 5304 erant
1378 5248 1507 5320 apostoli,
1523 5257 1604 5305 erunt
1628 5249 1769 5319 regnaturi
1795 5248 1865 5303 sicce
1923 5264 1924 5319 t

237 5354 547 5424 missionisjuramento
572 5348 621 5406 bei
645 5348 759 5405 llrmatae
783 5358 895 5406 auctum
922 5354 965 5403 cst
993 5347 1028 5402 ad
1078 5344 1131 5400 sub
1159 5340 1329 5414 archangelis
1358 5338 1476 5412 regnant
1500 5339 1599 5412 angeli.
1621 5339 1700 5407 Quod
1728 5355 1783 5396 nou
1814 5339 1865 5395 erit
1923 5368 1924 5417 f

238 5447 333 5503 David.
347 5446 399 5514 Qui
416 5446 489 5502 enim
501 5445 655 5517 promissus
670 5442 839 5499 astitimus
854 5440 936 5496 bomo
954 5437 1027 5493 lutu-
1077 5450 1112 5492 ιι
1129 5449 1225 5490 eorum
1251 5432 1420 5503 precedente
1444 5430 1621 5498 merito,sed
1646 5445 1680 5487 cx
1704 5430 1863 5501 donegua·

238 5554 298 5606 ros,
309 5539 396 5593 llarid
408 5539 464 5609 regi
478 5554 527 5594 rex
538 5537 659 5603 iuturus,
671 5544 699 5590 ct
713 5534 741 5589 in
752 5533 823 5589 solio
836 5529 949 5602 reguici
964 5545 1028 5586 sue·
1079 5527 1148 5585 tuito
1162 5545 1169 5582 ι

239 5645 369 5685 cessurus
393 5630 572 5700 promittitur,
598 5642 661 5683 cum
692 5627 718 5681 ci
746 5624 848 5681 dicitur
863 5640 871 5677 ι
886 5621 923 5677 lle
938 5622 1027 5693 fructu
1116 5617 1196 5673 Vens.
1211 5613 1717 5688 lii,ll.'Quouiampersulamgratiam
1727 5613 1863 5689 elegimu-

241 5717 336 5770 reutris
350 5719 496 5787 luiponem
511 5733 589 5787 super
608 5716 694 5771 cedent
709 5723 791 5768 tuum.
807 5709 868 5767 Non
886 5710 948 5769 tllcu
963 5727 971 5766 t
990 5710 1027 5766 lle
1079 5713 1164 5766 mittut
1179 5708 1255 5780 Sion,
1266 5709 1342 5783 elegit
1358 5726 1415 5766 eoru
1430 5710 1457 5764 iu
1467 5710 1656 5767 dubitationem
1666 5709 1731 5779 titt,
1741 5715 1864 5766 sanem
