3892 6067
172 220 243 280 1103
653 214 804 273 sentiunt
824 215 1018 274 eneeostn
1040 217 1314 296 asturiensesno.
1738 226 1808 294 ttut

172 340 235 406 tuit,
247 347 275 394 et
285 346 378 393 noster
388 350 437 406 per
449 332 606 404 passionem
619 334 712 390 earnis
727 349 784 389 suae
798 334 964 406 redemptor.
981 336 1137 405 Altuenda,
1148 353 1204 393 non
1220 337 1373 394 secundum
1384 354 1506 410 carnem,
1519 340 1567 398 scd
1581 342 1734 398 secundum
1749 345 1807 414 spi·

172 430 251 490 linars
270 431 405 502 siquidem
421 429 448 482 in
473 442 557 483 carne
580 443 640 495 sua,
658 442 733 482 uitus
748 426 775 481 in
790 437 963 484 sacramento
1016 428 1098 483 ritum
1110 438 1191 484 natus
1209 428 1343 485 asseritur
1356 427 1391 484 ah
1406 430 1502 486 eodem
1522 431 1665 502 apostolo,
1680 432 1805 504 quicum

172 534 254 595 atque
273 538 344 577 unus
360 520 386 574 in
403 519 511 591 spiritu,
525 535 576 575 nec
591 520 711 575 admittit
725 520 838 576 omnino
850 529 880 576 ut
893 520 964 577 alius
1015 519 1082 575 dicit
1096 519 1198 577 iactum
1218 520 1371 577 secundom
1384 535 1505 577 caruem.
1521 521 1589 577 Nam
1602 521 1635 578 dc
1647 522 1725 581 isaac
1748 526 1804 582 tilio

172 615 246 671 tilius
260 612 391 676 horninis,
409 612 480 667 alins
494 610 581 666 Filius
594 610 642 666 Dei
656 611 840 684 intelligatur;
851 613 897 682 qui
913 628 964 670 nec
1015 614 1116 669 sterilis
1134 614 1245 685 titioque
1260 614 1453 684 promissionis
1471 615 1498 670 in
1514 623 1577 688 typo
1589 615 1705 684 Christi,
1721 634 1804 689 quem

171 717 293 777 tompore
307 705 506 776 praescribitur,
526 719 578 760 nec
589 705 719 775 passione
733 712 887 774 separatur.
909 704 963 759 Sed
1014 704 1091 775 tirgo
1101 705 1266 760 naturaiiter
1276 705 1379 761 sterilis
1391 716 1519 762 anunente
1529 706 1688 778 uirginitate
1698 711 1804 780 genriit,

170 808 247 854 totus
260 798 333 853 hears
344 798 371 852 iu
383 796 535 863 Christum,
545 806 572 852 et
582 795 709 851 Christus
723 796 749 850 in
761 795 846 851 Deum
863 797 964 852 transi·
1014 796 1141 868 hquem,
1152 797 1217 852 dicit
1232 812 1294 852 enm
1317 806 1413 854 natum
1440 798 1591 854 secundnm
1615 799 1754 870 spiritum,
1775 813 1805 859 ut

169 894 220 959 uit,
235 900 265 947 ut
280 890 412 961 qrridrguid
426 888 474 944 Dei
490 889 562 946 tilius
583 896 625 944 εει
644 887 771 944 Christus
795 888 921 955 dicatur;
936 897 963 944 et
1013 885 1153 942 Christum
1177 902 1258 957 quem
1273 887 1317 941 iiie
1335 888 1519 959 praefigurarit
1546 886 1685 962 inteiligas
1708 900 1806 947 uatum

169 983 306 1056 quidquid
324 969 442 1036 ine'arne
453 981 566 1052 pertulit
588 978 727 1045 Christus,
743 980 770 1035 id
787 979 963 1050 Deuspcrtu·
1014 978 1165 1035 secundum
1183 976 1312 1049 spiritum
1327 997 1334 1034 ε
1348 977 1460 1046 Natum,
1482 980 1606 1051 inquam,
1621 997 1675 1036 non
1701 982 1806 1038 iactum

171 1076 235 1131 iisse
242 1083 316 1129 reete
325 1071 579 1142 dicatrrr.hiioquin
592 1070 657 1127 sind
670 1070 803 1126 rationem
817 1071 960 1141 respicias,
1014 1071 1165 1128 seeundum
1177 1071 1315 1142 spiritum.
1328 1070 1379 1138 Qui
1394 1070 1484 1127 iactus
1496 1080 1539 1127 cst
1552 1072 1704 1129 exsemine
1718 1072 1805 1131 David

169 1177 198 1223 et
210 1168 244 1224 ad
261 1182 360 1223 sensns
379 1165 526 1231 hornanos,
543 1179 715 1235 nequaquam
728 1164 854 1220 itatenus
867 1173 963 1235 potue-
1014 1164 1165 1221 secundum
1184 1178 1307 1227 carnem,
1323 1179 1376 1219 non
1389 1173 1481 1219 autem
1497 1172 1580 1219 natus
1592 1178 1627 1219 ex
1642 1167 1739 1222 eodem
1757 1183 1807 1228 se·

169 1259 317 1315 runtinter
331 1273 360 1313 se
373 1256 520 1311 corruenire
541 1253 633 1309 Deitas
645 1256 804 1310 ethumana
828 1256 959 1311 conditio.
1013 1255 1087 1312 minc
1101 1253 1186 1311 nerto
1198 1253 1349 1310 secundum
1363 1255 1699 1320 earnemsenseeunuum
1719 1258 1806 1328 spiri·

169 1347 365 1405 Convenerunt
377 1354 468 1400 tamen
483 1345 511 1400 ia
523 1345 645 1412 Christo,
659 1355 769 1402 etunus
779 1361 812 1401 ex
827 1346 962 1403 amhobus
1013 1356 1082 1415 tunt,
1097 1347 1178 1418 longe
1190 1343 1344 1400 mirabilius
1367 1345 1537 1414 concipiente
1564 1361 1613 1417 per
1632 1348 1711 1404 tidem
1721 1349 1805 1421 riagi-

169 1440 342 1495 Emmanuel.
370 1436 449 1494 Unde
468 1436 536 1492 mihi
563 1436 671 1493 ridetur
694 1440 767 1509 qnod
790 1439 961 1494 aititutiinem
1013 1452 1047 1493 ne
1062 1435 1118 1492 Deo
1131 1436 1241 1493 credula
1254 1435 1302 1492 Dei
1316 1433 1406 1491 Patris
1423 1435 1543 1492 Verbum
1555 1437 1582 1491 in
1602 1452 1632 1493 se
1647 1433 1804 1496 humanan-

169 1530 237 1587 tanti
251 1529 374 1602 mysterii
396 1529 510 1601 diligere
534 1538 562 1585 et
584 1529 676 1585 videre
688 1545 744 1585 non
759 1530 900 1600 potuerint
913 1531 961 1600 qui
1012 1531 1089 1597 dum,
1105 1544 1187 1599 quam
1201 1528 1303 1584 sterilis
1315 1528 1379 1583 item
1394 1527 1536 1598 pecudem
1553 1529 1745 1599 promissionis
1755 1531 1805 1586 Dei

167 1631 216 1679 aut
229 1622 299 1678 duos
311 1620 394 1688 iiiios,
408 1628 482 1676 ccrtc
497 1628 545 1675 aut
560 1618 635 1674 aliud
655 1619 798 1675 Christum
809 1635 892 1690 quam
912 1618 960 1675 Dei
1012 1621 1123 1678 credula
1136 1620 1292 1691 conciperet
1305 1636 1320 1676 a
1333 1635 1398 1676 sene
1410 1620 1468 1691 jam
1477 1619 1588 1692 frigido,
1600 1622 1717 1690 et,sicut
1729 1630 1806 1695 Apo·

167 1712 266 1769 Filium
281 1711 482 1767 existimavere.
977 1690 999 1746 Β
1013 1714 1101 1770 stolus
1114 1713 1162 1779 ait,
1175 1721 1331 1768 emortuum
1345 1690 1447 1782 corpus
1462 1713 1579 1769 haimnte
1593 1713 1682 1785 (Rom.
1697 1731 1735 1784 rr,
1745 1716 1805 1787 ih).

201 1804 247 1860 lV.
259 1803 432 1874 Quapropter
446 1818 496 1859 nce
509 1816 560 1857 nos
579 1794 720 1857 hominem
744 1816 871 1858 seorsum
893 1802 961 1859 coii-
1011 1805 1082 1874 Quia
1101 1814 1193 1861 tamen
1211 1813 1362 1876 utrumque
1387 1803 1546 1862 factumest
1572 1821 1620 1877 per
1637 1808 1804 1865 miraculum

167 1912 243 1964 mus;
257 1897 329 1968 qnod
342 1895 421 1952 netas
433 1904 485 1961 cst,
507 1909 558 1950 nec
571 1893 736 1961 adoramus3
749 1894 797 1950 sed
813 1895 840 1948 in
856 1902 959 1950 semet·
1011 1897 1072 1963 itui,
1087 1905 1116 1953 et
1127 1897 1174 1952 illc
1187 1897 1329 1968 typicuset
1343 1897 1395 1952 iste
1410 1912 1494 1952 uerus
1509 1895 1585 1953 is'aac
1600 1906 1683 1955 natus
1693 1909 1736 1956 est
1746 1917 1805 1956 nen

166 1986 256 2057 ipsum
272 1986 318 2057 qui
331 2001 403 2042 rrnus
417 1991 445 2040 et
457 2000 540 2039 verus
551 1981 598 2039 Dei
612 1981 697 2041 Filius
708 1998 817 2053 semper
829 1992 898 2039 erat.
920 1981 960 2039 id·
1010 1989 1163 2046 secundum
1188 2003 1310 2054 carnem,
1343 1987 1390 2044 sed
1416 1989 1567 2045 secundum
1597 1990 1742 2060 spiritum,
1774 2002 1806 2047 ut

129 2094 132 2097 ·
166 2076 241 2132 circo
256 2091 311 2132 non
326 2077 411 2131 alium
435 2090 519 2147 qoam
543 2073 670 2130 eumdem
687 2074 832 2145 ipsumque
849 2073 895 2130 hei
917 2072 960 2130 Fi·
1010 2092 1094 2149 quam
1108 2076 1220 2148 proprie
1231 2074 1280 2131 iiie
1301 2078 1430 2142 hhrahae,
1448 2086 1503 2133 tam
1519 2081 1630 2149 proprie
1655 2079 1805 2136 isterocc·

165 2171 233 2226 lium
250 2169 366 2229 colimus
387 2177 415 2225 et
433 2154 591 2236 adoramus,
607 2169 655 2238 qui
669 2166 738 2222 nihil
754 2167 781 2221 iu
799 2181 828 2223 se
848 2182 899 2238 pro
914 2182 959 2225 as·
1010 2180 1055 2227 tur
1066 2170 1115 2226 Dei
1130 2168 1229 2227 Filius.
1251 2169 1305 2237 Qut
1329 2171 1411 2226 etiam
1437 2169 1526 2226 eidem
1542 2173 1655 2243 proprio
1678 2172 1737 2229 tilio
1750 2188 1805 2230 suo

166 2273 276 2335 sumpto
288 2263 399 2317 homine
414 2270 457 2342 cst
471 2268 595 2328 coactus,
608 2260 733 2331 nihilque
749 2260 824 2331 quod
837 2259 957 2317 Verbum
1010 2281 1064 2322 uon
1081 2263 1269 2335 pepercisset
1282 2276 1333 2334 pro
1350 2264 1428 2319 nohis
1442 2265 1572 2321 omnibus
1586 2266 1698 2322 tradidit
1711 2267 1802 2333 iihrtn,

165 2369 231 2409 earo
245 2353 348 2409 iactum
365 2362 407 2408 est
419 2352 583 2408 imminutus
598 2364 641 2407 ιει
657 2360 779 2407 mutatus
790 2333 959 2409 est.Et'ideo
1010 2361 1083 2415 stent
1095 2356 1141 2413 iiie
1155 2354 1296 2410 Abraham
1311 2354 1423 2424 proprio
1438 2355 1494 2410 hiio
1510 2370 1563 2411 suo
1584 2370 1640 2411 non
1668 2358 1803 2429 pepercit,

165 2462 238 2501 unus
255 2446 382 2516 idemque
392 2460 500 2517 semper
514 2459 580 2500 cum
592 2441 841 2501 neopatrensem
857 2444 957 2501 adora·
1009 2449 1057 2507 sed
1070 2448 1184 2520 jubente
1199 2445 1317 2501 Domino
1331 2446 1408 2501 idiunt
1423 2446 1560 2517 disposuit
1574 2446 1728 2505 immolare.

164 2546 220 2603 tur,
235 2553 289 2592 nou
317 2553 417 2605 nortis,
435 2552 488 2592 non
512 2551 608 2593 recens
623 2551 657 2592 ex
672 2545 804 2606 tempore,
823 2551 877 2591 non
892 2536 959 2593 alic·
1046 2539 1089 2596 tt.
1101 2539 1172 2596 Cum
1187 2552 1254 2610 ergo
1279 2537 1328 2592 dlii
1347 2537 1542 2607 promissionis
1565 2538 1621 2594 sint
1635 2541 1801 2597 onmeseie·
1847 2531 1850 2535 ’

164 2644 219 2683 nus
238 2643 254 2683 a
277 2636 376 2683 natura
391 2626 434 2682 tel
447 2641 558 2698 genere.
584 2624 664 2693 Quod
688 2627 712 2682 si
736 2626 783 2682 tihi
798 2634 899 2681 notum
915 2627 957 2681 vi·
1008 2631 1045 2688 eti
1059 2631 1094 2687 ah
1109 2626 1241 2699 hpostoio
1261 2627 1326 2683 dicti
1340 2628 1387 2683 tilii
1399 2626 1459 2694 Dei,
1477 2638 1600 2701 utpotea
1617 2629 1674 2687 tteo
1683 2629 1803 2688 Abrahae

164 2724 254 2789 detur,
267 2722 340 2794 qttod
354 2735 405 2793 pro
417 2729 443 2776 te
460 2720 601 2776 hominem
616 2720 749 2790 suscepit,
763 2720 872 2776 treveris
883 2720 958 2792 quod
1007 2723 1150 2796 promissi,
1165 2720 1305 2792 praecipue
1324 2721 1519 2792 promissionis
1540 2721 1612 2779 titius
1629 2738 1713 2780 uerus
1724 2722 1803 2782 isaac

164 2816 218 2872 troc
233 2829 341 2885 semper
362 2830 425 2870 com
445 2827 490 2881 eo,
507 2823 535 2869 ct
553 2812 581 2867 in
600 2813 661 2884 ejus
681 2812 798 2868 consitio
813 2812 914 2881 tuerit,
927 2821 958 2869 ut
1007 2817 1141 2875 dicendus
1153 2814 1294 2872 cstFihus
1306 2814 1364 2880 Dei,
1380 2815 1471 2887 ipsum
1496 2816 1659 2872 naturaiiter
1680 2817 1707 2872 in
1726 2818 1802 2873 diri·

164 2907 205 2964 sic
218 2907 302 2963 deret.
321 2905 353 2962 Et
368 2922 442 2962 rrunc
464 2906 575 2977 qnando
599 2905 741 2976 plenitudo
760 2904 891 2978 temporis
909 2919 957 2962 re·
1007 2911 1093 2966 nitate
1112 2907 1269 2981 generantis
1284 2908 1462 2980 generatione
1477 2906 1606 2965 ineffabili
1619 2922 1651 2963 ae
1666 2907 1802 2975 mirahiii,

163 2999 214 3068 nit,
238 2999 264 3055 id
278 2997 380 3055 tactum
395 3007 435 3055 cst
462 2997 537 3069 quod
566 2998 594 3053 in
619 2995 730 3053 Christo
754 3012 864 3069 semper
889 2997 952 3055 tuit.
967 3031 991 3089 c
1006 3013 1033 3061 ει
1043 3003 1070 3058 in
1086 3001 1209 3072 ejusdem
1220 2999 1404 3071 generationis
1414 2999 1516 3056 virtute
1531 3001 1571 3056 sic
1585 2998 1731 3056 [manantis
1744 2999 1800 3056 ho·

163 3090 241 3146 Patet
254 3105 288 3146 ει
303 3091 346 3146 tris
359 3105 421 3160 que
431 3090 503 3146 dicta
526 3098 601 3155 ειιιιι,
616 3091 701 3160 quod,
725 3091 797 3147 sicut
820 3089 893 3147 neus
906 3089 955 3146 liei

162 3181 251 3240 Filius
274 3197 323 3253 per
343 3182 533 3247 ιειειιιὶιιιειιι,
546 3181 587 3237 sic
608 3189 636 3237 ει
658 3181 786 3237 Christus
800 3196 849 3251 per
861 3195 956 3237 sacra·

162 3274 249 3331 menti
261 3272 394 3329 unitatem
410 3274 463 3327 snit
476 3281 540 3328 arrtc
551 3281 668 3328 matrem
684 3288 780 3340 snam;
796 3287 829 3328 ac
840 3271 956 3342 proinde

162 3381 219 3438 qua
233 3366 339 3422 rationo
351 3365 490 3421 concessit
502 3378 561 3419 earn
574 3361 718 3419 Nestorius
729 3362 821 3417 uocari
834 3359 956 3417 Christo·

162 3469 257 3525 tocon,
274 3455 370 3513 cadem
390 3454 479 3526 potuit
496 3453 648 3509 concedere
671 3452 746 3506 iham
768 3450 823 3507 dici
848 3451 956 3507 theoto-

164 3562 226 3604 con.
251 3546 321 3613 Quia
342 3559 407 3601 vero
440 3557 525 3599 unum
544 3543 643 3599 horum
663 3543 810 3609 concessit,
839 3543 954 3599 atterum

163 3638 275 3711 negarit
289 3653 352 3694 eum
366 3636 395 3691 in
409 3643 507 3691 neutro
522 3635 594 3691 ratio
609 3635 732 3691 humana
752 3635 792 3690 iili
806 3634 954 3709 suffragata

163 3729 209 3796 sit,
225 3728 289 3800 quia
314 3736 370 3781 tam
391 3725 519 3782 Christus
542 3741 624 3797 quam
652 3726 724 3781 Deris
751 3734 814 3781 autc
839 3738 954 3783 tnatrem

163 3835 241 3877 suatn
270 3819 409 3889 tutt,qnae
438 3827 493 3873 tam
515 3831 580 3873 rere
605 3814 691 3872 Deum
716 3832 799 3888 quam
813 3816 953 3874 Christum

163 3912 270 3986 genuit,
284 3913 350 3983 quia
366 3910 439 3967 heus
465 3909 493 3965 in
517 3907 640 3975 Christo,
662 3910 720 3964 imo
742 3917 770 3964 et
792 3909 851 3980 ipse
874 3908 955 3964 Chri·

162 4016 222 4062 stus
238 4005 311 4062 Deus
323 4002 375 4059 init
389 4018 470 4075 qoem
483 4000 568 4073 Virgo
581 4001 686 4074 gennit,
698 4017 731 4057 ac
741 4001 857 4072 proinde
871 4016 953 4071 quam

162 4110 226 4151 tere.
247 4092 348 4150 Christi
374 4100 463 4148 mater
477 4099 533 4147 tam
552 4106 615 4147 vere
635 4089 683 4146 Dei
703 4099 790 4147 mater
805 4090 863 4146 sire
879 4091 955 4162 geni-

162 4188 216 4242 trix
232 4188 391 4244 nominatur
407 4194 434 4241 ει
448 4192 491 4241 εει
512 4184 561 4238 dlii
575 4184 619 4240 sui
631 4199 660 4239 sc
681 4182 863 4254 antiquioris;
880 4182 953 4253 quod

161 4288 205 4334 cst
217 4278 342 4334 mirabile
353 4278 380 4332 iu
391 4276 479 4333 oculis
494 4276 621 4338 rationis,
633 4283 661 4330 ει
672 4274 828 4331 uenerabile
843 4274 870 4328 in
886 4290 953 4328 ocu·

161 4368 197 4426 lis
213 4370 286 4427 iidei.

199 4461 232 4516 V.
250 4459 384 4517 Similiter
395 4459 440 4515 illa
456 4460 527 4514 ratio
543 4457 663 4515 Nestorii
676 4471 730 4528 qua
742 4458 851 4529 negarit
873 4462 953 4526 posse

161 4553 302 4625 Virginem
311 4567 376 4608 uere
386 4550 440 4608 dici
454 4551 614 4623 genitricem
628 4548 675 4604 Dei
691 4548 812 4604 sibinen
825 4562 953 4604 coessen-

162 4646 236 4703 tialis
253 4645 320 4713 tilii,
335 4660 370 4701 co
385 4643 460 4717 quod
480 4642 627 4699 essentiam
645 4640 796 4697 divinitatis
821 4656 876 4695 uon
904 4641 953 4696 ha·

161 4737 253 4794 huerit
267 4735 438 4809 agenitrice,
453 4733 525 4791 sicut
538 4749 589 4790 nec
609 4733 757 4790 essentiam
773 4733 952 4790 humanitatis

161 4828 325 4885 habuerita
349 4826 482 4898 genitore,
507 4827 550 4881 cui
566 4826 649 4881 homo
676 4826 867 4883 coessemtatis
896 4843 951 4881 non

162 4930 215 4990 est,
230 4922 301 4976 sicut
312 4935 363 4975 nec
375 4919 501 4992 genitrici
513 4917 585 4975 Deus
607 4918 797 4976 coessentialis
808 4928 860 4986 cst,
870 4919 953 4974 ratio·

162 5027 198 5067 ne
214 5010 275 5067 tidei
291 5020 438 5081 superatur
453 5019 480 5064 ct
493 5017 633 5077 cassatur;
650 5019 744 5080 quaet
764 5010 846 5066 dromo
860 5009 907 5066 uei
926 5018 953 5065 et

163 5104 236 5162 Deus
251 5106 372 5162 lrominis
387 5104 460 5161 iilius
479 5105 600 5159 creditur
614 5105 697 5161 corde
712 5106 746 5161 ad
765 5103 912 5176 justitiam,
926 5112 953 5158 ct

98 5207 100 5211 ’
162 5212 210 5252 ore
225 5195 436 5269 praedicaturae
449 5194 578 5251 salutem.
596 5195 648 5262 Qui
662 5195 792 5250 nimirum
810 5194 858 5250 Dei
878 5194 952 5250 dhus

1008 3090 1109 3145 minem
1123 3089 1149 3141 in
1160 3086 1278 3140 Ahrahae
1294 3085 1348 3139 tilia
1362 3085 1510 3156 praecipua,
1526 3084 1722 3157 perspiritum
1734 3102 1800 3142 san·

1007 3187 1081 3235 ctum
1099 3176 1242 3249 purificata
1264 3184 1292 3231 ct
1316 3174 1489 3233 ineffabiliter
1502 3175 1655 3245 nonttitau,
1670 3185 1700 3232 ut
1714 3176 1801 3232 mira·

1006 3270 1054 3325 hili
1068 3267 1224 3339 virginitate
1238 3265 1408 3322 naturaiiter
1431 3266 1516 3322 sterili
1543 3266 1604 3323 sine
1628 3265 1689 3323 uiro
1712 3266 1802 3323 soiius

1007 3360 1054 3417 liei
1075 3359 1235 3430 operatione
1257 3359 1439 3428 concipiente,
1464 3358 1501 3427 is,
1522 3357 1570 3429 qui
1595 3367 1799 3430 conceptuscst

1006 3452 1100 3519 homo,
1114 3445 1186 3507 unus
1210 3465 1272 3506 cnm
1301 3449 1349 3506 Dei
1376 3450 1562 3522 promittentis
1583 3449 1675 3507 Verbo
1694 3461 1799 3506 aeterno

1006 3543 1042 3599 sit
1060 3543 1134 3599 tilius
1147 3543 1257 3599 unicus.
1278 3540 1393 3614 Propter
1408 3541 1492 3615 quod,
1505 3558 1569 3599 cum
1582 3543 1683 3615 legitur
1697 3543 1725 3598 in
1742 3550 1799 3598 tra·

1005 3636 1126 3692 etatihus
1138 3634 1261 3701 Petrum,
1284 3652 1294 3687 ι
1312 3633 1440 3693 Christus
1454 3636 1482 3693 iu
1494 3635 1564 3693 coelo
1575 3635 1637 3692 sinc
1661 3644 1758 3703 matre,
1770 3638 1798 3692 iu

1006 3736 1078 3785 terra
1097 3729 1157 3784 sine
1169 3737 1258 3798 patre,
1276 3746 1286 3780 ι
1300 3727 1507 3801 intelligendum
1521 3736 1575 3796 cst,
1588 3728 1648 3784 sine
1659 3737 1735 3799 patre
1748 3731 1800 3783 ho·

1005 3820 1089 3876 mine.
1116 3818 1261 3886 Quomodo
1296 3821 1369 3878 hanc
1402 3820 1659 3877 determinationem
1685 3821 1800 3891 apponit

1005 3910 1101 3967 heatus
1112 3910 1283 3982 Augustinus
1299 3912 1327 3966 in
1343 3927 1470 3969 sermone
1483 3912 1517 3968 de
1532 3911 1673 3967 nativitate
1683 3909 1800 3968 ioannis

1004 4001 1143 4074 Baptista,
1156 4004 1252 4060 dicens
1267 4021 1274 4059 z
1290 4020 1300 4054 ι
1319 4002 1379 4075 tpsc
1390 4003 1524 4061 Dominus
1543 4002 1608 4060 iecit
1619 4003 1671 4060 sibi
1686 4019 1796 4059 serrum

1005 4094 1032 4149 iu
1048 4103 1127 4149 utero
1142 4094 1227 4150 steriii
1242 4093 1276 4149 de
1297 4108 1363 4149 scae
1378 4102 1468 4165 patre,
1478 4101 1504 4149 ct
1517 4095 1551 4150 de
1566 4094 1665 4151 anciila
1689 4101 1799 4161 matre;

1004 4187 1100 4255 etipse
1113 4185 1185 4241 idem
1199 4183 1332 4241 Dominus
1342 4183 1406 4241 iecit
1418 4185 1470 4242 sihi
1485 4202 1596 4242 carnem
1608 4187 1635 4242 in
1648 4194 1726 4243 utero
1736 4184 1798 4239 tir-

1004 4276 1078 4348 ginis
1101 4277 1161 4332 sine
1181 4277 1292 4332 homine
1316 4286 1403 4348 patre,
1419 4278 1467 4349 qni
1487 4278 1550 4334 iecit
1564 4278 1683 4349 primum
1707 4278 1798 4333 homi·

969 4386 991 4441 p
1006 4384 1068 4424 nem
1085 4367 1145 4423 sine
1159 4376 1237 4438 patre
1251 4376 1280 4425 et
1292 4380 1389 4425 matre.
1411 4388 1421 4422 ι
1434 4368 1503 4425 Cum
1518 4371 1586 4427 dicit
1599 4389 1608 4422 ι
1631 4370 1691 4425 sine
1703 4369 1796 4424 homi-

1004 4475 1038 4514 ne
1049 4467 1137 4530 patre,
1154 4479 1163 4513 ι
1181 4460 1250 4517 satis
1268 4460 1362 4516 innuit
1376 4476 1431 4517 non
1456 4462 1516 4517 sine
1530 4460 1587 4537 Deo
1600 4461 1682 4518 Patre
1695 4477 1796 4519 cottcc·

1003 4557 1079 4621 ptum
1097 4565 1155 4606 snae
1173 4566 1283 4621 sponsae
1297 4568 1329 4608 ac
1345 4568 1427 4609 suant
1443 4552 1629 4623 unigenitum.

1313 4664 1429 4722 CAPUT
1447 4665 1484 4721 X.

1004 4753 1037 4809 In
1050 4757 1211 4827 expositione
1223 4773 1273 4811 aua
1288 4757 1386 4827 paulati
1407 4775 1474 4822 arn,
1487 4758 1514 4825 5,
1531 4775 1591 4830 qttoe
1611 4759 1644 4815 de
1662 4760 1794 4829 thalamo,

1038 4827 1179 4893 ocentiam
1194 4829 1293 4897 nuptiis
1305 4829 1394 4898 sponsi
1405 4845 1436 4883 ac
1446 4845 1549 4899 aponaoe
1559 4831 1640 4896 dicit,
1653 4848 1730 4886 εειιει
1740 4833 1796 4902 tpi-

1039 4897 1144 4960 rituuii,
1158 4912 1209 4950 non
1225 4898 1328 4952 caritati
1344 4899 1497 4968 accipiendo
1518 4916 1575 4954 ctae
1590 4910 1687 4966 monet,
1706 4918 1752 4956 nec
1767 4904 1795 4954 in

1038 4968 1201 5038 expositione
1214 4984 1303 5022 uersus
1326 4970 1395 5023 acati
1421 4970 1539 5037 ejusdem
1552 4969 1650 5040 paciani
1670 4987 1699 5026 ιε
1719 4971 1795 5025 atiud

1040 5038 1163 5104 uetuisse,
1180 5054 1261 5108 guum
1275 5055 1335 5108 ptrue
1348 5039 1512 5109 Arrguatittus
1527 5050 1552 5094 et
1565 5039 1688 5095 Hilarius
1701 5041 1734 5095 tte
1747 5042 1798 5095 hc·

1041 5108 1109 5162 raiae
1120 5109 1150 5163 in
1163 5107 1246 5162 [teum
1257 5110 1428 5178 pergratiam
1443 5121 1581 5180 cataracta
1595 5110 1739 5165 tradidere.

1039 5195 1060 5253 Ι.
1077 5198 1130 5254 Sed
1148 5200 1211 5263 hoc,
1226 5207 1257 5254 ut
1267 5200 1403 5271 persensi,
1418 5200 1532 5258 offendit
1542 5202 1677 5274 qrrosdam
1696 5217 1797 5260 carita·

161 5288 226 5345 licet
238 5287 347 5344 dicatur
359 5287 449 5345 iactus
463 5302 495 5344 ex
515 5287 620 5342 semine
631 5285 715 5342 David
726 5287 877 5343 secundum
891 5302 950 5342 car·
1004 5292 1054 5356 ies,
1066 5289 1139 5360 quod
1151 5290 1180 5344 in
1201 5290 1312 5361 scriptis
1335 5291 1405 5349 meis
1421 5292 1468 5348 ubi
1490 5305 1724 5351 commemorator
1744 5296 1796 5351 istc

161 5396 237 5443 nent.
250 5366 298 5436 seu
323 5379 413 5436 factm
424 5394 457 5436 cx
470 5379 585 5434 muliere
599 5378 749 5435 secundum
774 5394 901 5446 carnem;
923 5387 953 5435 ιιι
1004 5382 1161 5454 unigenitus
1181 5389 1311 5453 tanquam
1328 5398 1446 5454 sponsus
1464 5385 1499 5441 dc
1514 5376 1636 5442 titulante
1662 5400 1794 5458 suopte·

161 5471 299 5537 uidelicet,
315 5473 387 5527 sieut
401 5473 513 5542 exponit
527 5469 703 5537 hurhrosius,
723 5472 829 5542 phetora
845 5487 897 5526 uon
911 5472 953 5526 di·
1003 5475 1113 5540 ecdcns,
1130 5482 1258 5547 tetigerunt
1283 5475 1442 5534 adverbium
1468 5478 1525 5533 diui
1552 5478 1645 5550 potius
1670 5477 1795 5535 veritatis

162 5562 279 5625 υιιιιιιί,
294 5564 339 5615 aed
359 5563 444 5628 curui,
468 5563 636 5630 ascribatur,
661 5571 751 5618 umen
764 5570 794 5618 ut
807 5563 868 5633 ejus
881 5564 953 5619 nati·
1003 5580 1085 5636 otram
1111 5566 1300 5624 similitudinis
1319 5583 1381 5625 csse
1407 5568 1632 5641 significativum,
1653 5579 1684 5626 ut
1712 5571 1793 5628 iilic:
1814 5612 1818 5617 -

162 5648 233 5702 uitat
245 5648 388 5720 heipotius
398 5667 481 5723 quam
492 5654 585 5708 carnis
593 5653 745 5723 operationi
755 5652 860 5709 sciatur
873 5656 952 5710 attri·
1009 5656 1070 5713 Vidi
1083 5675 1180 5731 agnum
1196 5668 1322 5731 tetrartum
1348 5661 1478 5728 accitum,
1487 5661 1515 5719 id
1536 5672 1579 5721 cst
1593 5677 1657 5720 tere
1668 5663 1792 5720 occisum
