3892 6067
219 6 363 60 ⁴5⁴5

1297 0 1501 51 LIBER
1542 0 1629 50 DE
1669 0 2004 48 ECCLEfflA
2049 0 2398 43 hA'IERAU.
3347 0 3481 49 {5415

216 125 549 171 :eternorum
638 112 841 168 eitiunt
925 119 981 165 et
1066 118 1380 164 sanctarum
1481 108 1807 163 animarum.
1842 105 1886 160 A
1914 100 2086 157 cravit
2111 101 2302 171 quinto
2325 98 2452 154 ldns
2482 95 2824 155 Novembris.
2864 100 2928 155 Et
2953 111 3042 157 est*
3065 102 3155 158 illa
3181 119 3353 175 usque
3382 106 3484 160 he-

292 207 460 277 lgitur
488 213 611 275 post
634 204 846 259 beatam
877 218 940 257 ac
965 200 1300 257 salutiferam
1331 200 1393 254 D.
1417 199 1481 254 N.
1512 198 1561 253 J.
1580 198 1643 255 C.
1677 214 1804 268 pas-

217 300 457 365 sionem,
487 306 546 352 et
573 296 645 351 ab
688 294 879 350 inferis
909 294 1207 365 gloriosam
1243 292 1417 361 ipsius
1446 292 1805 348 resurrectio-

220 406 369 455 nem,
402 404 498 445 seu
527 389 582 443 in
609 388 810 444 coelnm
841 385 1219 440 admirabilem
1252 383 1653 447 ascensionem,
1682 398 1807 452 per-

221 490 377 551 cepta
404 479 784 537 consolatione
836 474 1216 547 gloriosissimi
1256 474 1523 529 adventus
1567 473 1806 543 Spiritus

222 572 422 638 sancti,
469 571 524 626 iu
576 579 778 626 sortem
816 583 930 623 suae
987 563 1390 636 praedicationis
1425 562 1655 634 apostoli
1705 561 1806 617 iter

223 681 388 721 suunt
434 664 773 726 direxerunt,
807 666 862 714 et
906 656 1272 727 dispositione
1320 654 1611 711 ineffabilis
1642 656 1807 710 mise-

225 754 479 809 ricordiae
505 752 599 806 Dei
626 752 777 823 regni
809 749 1053 806 coelestis
1074 756 1354 803 senatores
1375 747 1583 814 eximii,
1611 745 1807 804 Petrus

222 845 432 901 scilicet
465 854 519 900 et
551 842 777 908 Paulus,
820 850 986 911 caput
1020 840 1189 895 totius
1220 838 1393 906 orbis,
1431 839 1575 895 hanc
1602 838 1805 893 Roma-

224 952 353 991 nam
400 936 650 991 videlicet
698 933 999 1000 civitatem,
1040 932 1271 1006 ingressi
1318 939 1469 1000 sunt,
1506 932 1562 986 in
1594 947 1700 1002 qua
1737 930 1805 986 ad

212 1027 490 1082 -honorem
520 1025 582 1080 D.
606 1023 673 1079 N.
698 1022 747 1078 J.
791 1022 855 1078 C.
884 1022 1189 1080 Catholicae
1215 1022 1338 1079 fidei
1363 1021 1804 1089 fundamentum,

223 1135 389 1190 super
406 1118 646 1185 Petram,
672 1118 724 1173 id
749 1115 1149 1195 estthistum,
1174 1115 1405 1171 fideliter
1428 1114 1802 1170 collocarunt:

225 1227 330 1282 pro
352 1211 512 1280 cnjus
541 1209 924 1266 {edificationis
975 1210 1316 1266 incremento
1358 1220 1532 1276 usque
1562 1206 1631 1260 ad
1662 1220 1809 1259 mor-

227 1312 336 1359 tem
373 1303 742 1363 decertarunt,
794 1317 895 1373 pro
945 1300 1104 1370 cnjus
1133 1312 1322 1353 amore
1349 1297 1651 1367 gloriosum
1687 1311 1812 1351 san-
1860 1364 1864 1367 ᾖ

207 1395 447 1467 guinem
491 1408 653 1448 suum
694 1392 1023 1458 effuderunt,
1052 1406 1116 1447 ac
1139 1390 1373 1459 denique
1408 1397 1639 1444 mortem
1678 1403 1810 1443 cru-

222 1487 308 1543 cis
352 1495 407 1541 et
451 1484 613 1555 gladii
653 1484 1008 1554 temporalem
1056 1482 1380 1547 subeuntes,
1414 1481 1557 1549 regis
1587 1480 1811 1550 superni
1842 1454 1886 1514 Β

226 1576 438 1634 curiam
471 1574 699 1630 laureati
731 1574 1024 1645 petierunt.
1055 1571 1146 1627 lsti
1174 1579 1302 1628 sunt
1323 1571 1424 1626 viri
1453 1571 1649 1637 sancti,
1674 1583 1814 1641 quo·

226 1678 351 1717 rum
378 1662 628 1718 doctrina
676 1662 846 1732 fulget
896 1660 1138 1717 Ecclesia
1169 1675 1184 1713 ε
1212 1675 1377 1731 quam
1416 1661 1677 1732 antiquus
1710 1659 1810 1715 bo·

229 1754 331 1809 stis
360 1768 460 1824 per
504 1750 788 1809 Neronem·
831 1753 1090 1824 primum,
1113 1752 1310 1809 deinde
1338 1768 1435 1823 per
1460 1753 1811 1809 succedentes

229 1845 508 1915 principes
536 1860 634 1915 per
659 1851 931 1902 trecentos
971 1860 1149 1901 annos
1173 1855 1226 1901 et
1263 1861 1328 1901 eo
1356 1845 1593 1915 amplius
1634 1845 1813 1916 impu-

230 1935 418 2005 gnavit
451 1944 503 1990 et
529 1935 833 2004 concussit,
870 1936 966 1992 sed
1003 1936 1317 1992 nullatenus
1350 1944 1592 1991 evertere
1620 1935 1808 1990 valuit.

230 2024 369 2081 Cum
396 2027 539 2082 enim
566 2027 770 2098 placuit
797 2028 849 2082 ei
872 2027 967 2098 qui
1001 2026 1189 2084 lidcles
1220 2043 1353 2083 suos
1382 2026 1507 2099 igne
1535 2026 1813 2097 passionis

231 2118 482 2189 permisit
511 2118 839 2185 examinari,
895 2118 1292 2176 Constantinus
1343 2119 1644 2191 Augustus,
1675 2118 1816 2175 Con·

236 2207 427 2264 stantii
455 2217 511 2266 et
539 2207 761 2266 Helenae
812 2209 984 2274 lilius,
1014 2209 1234 2265 culmen
1283 2209 1501 2280 imperii
1543 2208 1730 2275 subiit,
1761 2216 1816 2265 et

232 2301 657 2373 praecedentium
700 2301 1045 2375 tyrannidem
1089 2302 1402 2373 principum
1452 2302 1507 2357 in
1544 2315 1735 2357 servos
1760 2299 1809 2355 J.

232 2391 294 2448 C.
318 2393 637 2465 aliquandiu
661 2392 949 2459 exercuit;
974 2392 1068 2448 scd
1099 2392 1366 2448 immensa
1390 2391 1486 2446 Dei
1501 2392 1677 2461 pietas
1700 2392 1813 2446 ele-

234 2492 448 2539 ctorum
480 2499 708 2540 suorum
748 2483 1103 2539 clamantium
1150 2483 1218 2538 ad
1244 2498 1304 2539 se
1342 2483 1519 2537 dolori
1562 2490 1617 2537 et
1642 2497 1815 2553 angu-

235 2571 324 2626 tiae
348 2571 709 2641 compatiens,
757 2571 1059 2627 calamitati
1091 2580 1144 2627 et
1174 2571 1414 2627 miseriae
1442 2581 1605 2627 tautae
1626 2587 1816 2642 perse·

233 2663 476 2720 cutionis
523 2666 685 2719 linem
717 2665 1000 2735 imponere
1050 2679 1159 2718 nou
1194 2665 1428 2720 distulit.
1460 2663 1598 2732 Quid
1624 2664 1817 2735 plura?

235 2756 382 2812 sicut
410 2754 634 2810 enimin
666 2753 789 2810 Vita
814 2755 989 2811 sancti
1030 2753 1292 2828 Sylvestri
1320 2755 1535 2827 legitur,
1560 2754 1816 2826 praefatus

237 2846 542 2918 imperator
562 2844 962 2904 Constantinus
981 2846 1305 2918 elephantiae
1330 2848 1477 2918 lepra
1507 2863 1539 2903 a
1563 2846 1675 2903 Deo
1701 2862 1818 2919 per·

235 2938 440 2993 cutitur
471 2955 485 2991 ε
517 2938 604 2993 cui
636 2938 923 3008 pontifices
958 2938 1213 3010 Capitolii
1246 2938 1352 2995 boc
1379 2938 1649 2996 dederunt
1689 2956 1819 2996 con·

237 3032 421 3089 silium
442 3072 458 3097 ‚
501 3039 773 3103 quatenus
843 3032 901 3086 in
962 3031 1228 3101 piscinam
1272 3032 1581 3088 occisorum
1641 3032 1818 3089 infan-

239 3119 377 3175 tium
446 3120 713 3190 sanguine
772 3118 989 3189 plenam
1044 3120 1224 3176 nudus
1282 3121 1656 3191 descenderet,
1705 3132 1760 3179 et
1786 3134 1818 3178 a

236 3212 388 3281 lepra
426 3211 507 3266 sic
535 3210 831 3266 mundatus
879 3209 1174 3281 pristinam
1224 3212 1514 3268 sanitatem
1558 3213 1640 3269 sic
1675 3214 1817 3270 reci·-

239 3311 409 3375 peret,
436 3311 542 3359 cte.
1299 3285 1315 3296 ‘

314 3392 522 3450 Deinde
555 3392 901 3465 privilegium
961 3390 1224 3449 Romanae
1273 3393 1531 3451 Ecclesia·
1578 3394 1817 3465 pontifici

240 3484 495 3554 contulit,
543 3485 683 3540 utin
722 3492 835 3541 toto
859 3485 991 3540 orbe
1037 3484 1287 3540 Romano
1328 3485 1641 3541 sacerdotes
1672 3486 1819 3543 hunc

234 3580 314 3634 ita
344 3587 584 3649 caputet
613 3576 917 3648 principem
971 3577 1229 3644 babeant,
1264 3577 1408 3632 sicut
1443 3591 1635 3649 omnes
1672 3568 1819 3649 judi-

240 3686 332 3726 ces
361 3685 541 3741 regem
572 3670 774 3726 habere
819 3679 1220 3725 consueverant
1255 3688 1268 3724 :
1296 3670 1352 3725 in
1386 3684 1498 3740 quo
1531 3670 1818 3743 privilegio

238 3762 315 3818 ita
338 3762 478 3817 inter
500 3770 691 3819 caetera
717 3761 947 3831 legitur:
972 3780 991 3813 ι
1020 3758 1163 3817 Utile
1180 3761 1545 3831 judicavimus
1562 3777 1669 3817 una
1690 3778 1816 3819 cum

238 3853 499 3911 omnibus
546 3853 783 3925 satrapis
822 3853 1047 3921 nostris,
1080 3860 1134 3908 et
1158 3852 1422 3909 universo
1443 3863 1657 3921 senatu,
1683 3854 1819 3924 opti-

239 3946 483 4003 matibus
534 3946 698 4002 etiam
754 3955 808 4002 et
843 3955 1041 4002 cuncto
1085 3946 1291 4020 populo
1327 3944 1588 4001 Romanae
1632 3946 1819 4017 gloriae

241 4034 571 4106 subjacenti,
602 4046 664 4092 ut
699 4036 842 4093 sicut
868 4038 1062 4093 beatus
1083 4037 1279 4093 Petrus
1312 4036 1367 4091 in
1398 4036 1558 4092 terris
1579 4036 1819 4092 vicarius

1907 192 1996 249 die
2036 192 2395 249 celeberrima
2452 189 2718 247 festivitas
2768 192 2822 247 in
2873 191 3038 261 Urbe,
3076 195 3130 249 in
3162 211 3270 265 qua
3309 197 3485 267 prima

1908 284 2140 340 ecclesia
2167 283 2384 355 publice
2407 291 2728 338 consecrata
2754 290 2856 346 est,
2896 292 2951 337 ct
2980 284 3159 355 imago
3183 284 3487 342 salvatoris

1909 376 2074 432 infixa
2102 375 2424 445 parietibus,
2449 374 2687 445 primum
2720 373 2954 430 visibilis
2978 376 3126 429 omni
3152 375 3356 446 populo
3378 374 3489 430 Ro·-

1907 483 2073 522 mano
2102 466 2376 538 apparuit.
2408 465 2731 522 inscribitur
2753 468 2900 521 enim
2936 465 3216 523 Dedicatio
3251 467 3490 523 basilica:

1909 556 2232 613 Salvatoris.
2284 556 2413 613 lude
2462 558 2718 628 estquod
2747 573 3090 630 quaecunque
3117 559 3352 615 ecclesia
3393 571 3492 630 per

1911 649 2115 705 Urbem
2148 659 2312 721 atque
2333 664 2430 720 per
2458 649 2642 704 orbem
2669 648 2969 706 Salvatoris
2997 649 3264 706 vocabulo
3281 651 3492 720 specia-

1906 742 2033 797 liter
2070 741 2399 808 intitulatur,
2433 742 2488 796 in
2533 741 2756 812 praefata
2809 743 2897 798 die
2940 743 3114 813 ipsius
3160 742 3490 799 celebritatis

1906 834 2232 890 memoriam
2264 834 2459 890 recolit
2507 844 2560 889 et
2589 843 2921 902 veneratum
2948 835 3107 905 cujus
3131 833 3491 891 dedicationis

1908 923 2310 979 solemnitatem
2360 933 2488 979 octo
2514 922 2709 979 diebus
2760 922 3143 978 celebrandam
3189 919 3489 991 apostolica

1910 1014 2148 1069 sancivit
2185 1014 2487 1069 auctoritas
2513 1028 2526 1063 :
2551 1013 2814 1083 quoniam
2860 1012 3075 1067 decimo
3102 1011 3191 1067 dic
3221 1026 3253 1065 a
3285 1010 3490 1065 solem-

1910 1104 2082 1160 nitate
2113 1104 2474 1160 dedicationis
2497 1103 2658 1158 istius
2681 1102 2945 1158 dedicatae
2974 1110 3104 1157 sunt
3130 1110 3317 1173 postea
3344 1100 3491 1155 basi-
3558 1128 3563 1134 ·

1909 1196 2030 1252 licae
2056 1205 2371 1252 sanctorum
2402 1194 2550 1250 Petri
2577 1202 2629 1249 et
2658 1192 2832 1248 Pauli.

1982 1287 2111 1345 Inde
2139 1288 2394 1360 estquod
2418 1286 2702 1343 Romanus
2719 1285 2960 1358 pontifex
2990 1286 3161 1357 ipsius
3191 1282 3491 1340 Salvatoris

1913 1383 2040 1441 Jesu
2077 1382 2306 1451 Christi,
2338 1381 2432 1452 qui
2461 1380 2647 1437 suavis
2673 1389 2728 1435 et
2755 1378 3017 1450 copiosus
3045 1387 3132 1434 est
3181 1378 3236 1433 in
3265 1376 3489 1433 miseri-

1915 1474 2102 1530 cordia
2137 1473 2395 1528 omnibus
2443 1473 2510 1528 ad
2543 1488 2602 1528 se
2635 1470 3009 1537 redeuntibus,
3045 1470 3099 1527 in
3149 1469 3492 1551 dedicatione

1915 1565 2078 1621 istius
2108 1573 2474 1620 sacrosanctae
2506 1563 2766 1629 basilicis,
2799 1579 2922 1635 quae
2957 1561 3348 1619 misericordiae
3376 1575 3495 1616 sor-

1915 1657 2014 1713 tita
2035 1667 2119 1713 est
2137 1658 2491 1724 vocabulum,
2514 1655 2582 1712 de
2603 1655 2994 1727 omnipotentis
3023 1653 3119 1711 Dei
3150 1663 3296 1711 certa
3327 1653 3484 1708 miso·

1913 1748 2152 1803 ricordia
2196 1763 2539 1819 praesumens
2575 1747 2866 1803 salubriter
2892 1746 3184 1812 ordinarit,
3211 1753 3272 1800 ut
3315 1744 3494 1799 omni-

1915 1838 2020 1894 bus
2073 1839 2141 1893 ad
2178 1838 2346 1908 hujus
2400 1836 2709 1894 festivitatis
2753 1835 2995 1892 laetitiam
3044 1834 3492 1891 convenientibus

1917 1948 2118 2004 magna
2151 1933 2306 1987 lieret
2326 1932 2580 1988 remissio
2601 1941 2973 2003 peccatorum,
2998 1929 3065 1985 de
3094 1929 3295 2001 quibus
3313 1938 3491 1983 tamen

1914 2025 2078 2095 digne
2108 2023 2218 2080 Deo
2266 2022 2635 2093 Ecclesiaeque
2679 2022 2917 2079 confessi
2965 2038 3064 2092 per
3111 2020 3490 2093 poenitentiam

1914 2115 2091 2173 fuisse
2137 2127 2460 2182 noscuntur,
2505 2131 2599 2171 seu
2627 2116 2722 2187 qui
2752 2131 2926 2187 usquc
2951 2114 3017 2170 ast
3050 2123 3298 2170 octavam
3324 2113 3489 2179 diem,

1915 2223 2041 2265 cum
2067 2223 2195 2263 vera
2220 2216 2273 2263 et
2296 2207 2408 2263 Deo
2430 2216 2582 2279 grata
2605 2207 2790 2263 cordis
2815 2206 3141 2261 contritione
3169 2205 3481 2261 confiteren-

1914 2309 2025 2355 tur.
2055 2301 2186 2367 Quae
2210 2300 2460 2356 videlicet
2489 2300 2712 2356 emissio
2731 2299 3027 2370 apostolica
3050 2296 3389 2369 providentia
3414 2295 3496 2351 sie.

1916 2389 2188 2463 tripertita
2222 2391 2596 2461 distinguitur,
2629 2398 2687 2445 ut
2718 2389 2980 2445 Romanis
3006 2399 3058 2443 et
3096 2387 3302 2444 circum
3337 2388 3504 2458 adja-.

1916 2483 2166 2539 centibus
2183 2482 2330 2537 mille
2350 2497 2655 2549 annorum3
2681 2478 2913 2536 Thuscis
2940 2489 2993 2535 et
3014 2479 3338 2535 Lombardis
3353 2480 3493 2535 duo-

1916 2588 2039 2627 rum
2067 2571 2300 2626 millium
2326 2586 2622 2637 annorum,
2663 2571 2755 2626 sed
2787 2579 2841 2625 et
2871 2570 2957 2625 his
2986 2571 3077 2640 qui
3111 2570 3282 2625 maria
3314 2578 3495 2625 trans-

1919 2677 2102 2717 meare
2124 2670 2452 2727 noscnntur‚
2493 2661 2657 2716 trium
2690 2662 2917 2717 millium
2957 2676 3246 2729 annorum,
3276 2672 3496 2717 maneat

1843 2792 1885 2849 C
1920 2754 2172 2809 remissio
2218 2763 2586 2824 peccatorum.
2633 2752 2842 2809 Similis
2891 2753 3191 2823 eademque
3222 2753 3494 2810 institutio

1921 2845 2267 2903 remissionis
2315 2846 2458 2903 facta
2511 2848 2774 2918 probatur
2801 2847 2857 2903 in
2891 2847 2992 2904 hac
3015 2849 3191 2919 prima
3227 2856 3281 2903 et
3310 2863 3497 2905 sacro-

1921 2946 2113 2993 sancta
2145 2936 2370 2994 basilica
2398 2938 2586 3009 quinta
2620 2938 2753 2994 feria
2794 2940 2848 2995 in
2870 2955 3023 2996 coena
3054 2939 3293 3008 Domini,
3315 2957 3495 3019 quan-5

1921 3028 1992 3084 do
2020 3043 2050 3083 a
2100 3029 2305 3085 domno
2357 3030 2657 3102 apostolico
2690 3042 3048 3088 consecratur
3073 3048 3293 3089 sacrum
3346 3033 3494 3089 cbri-

1921 3136 2063 3189 sma,
2088 3122 2308 3192 quando
2329 3132 2383 3178 ct
2425 3123 2664 3180 haeretici
2686 3134 3058 3190 contumaces,
3093 3135 3148 3183 et
3179 3126 3496 3182 extollentes

1921 3229 1981 3270 se
2014 3214 2277 3271 adversus
2317 3216 2461 3271 banc
2500 3226 2747 3272 sanctam
2775 3217 3114 3275 Catholicam
3142 3227 3196 3275 et
3237 3218 3497 3293 apostoli-

1921 3322 2043 3363 cam
2072 3306 2401 3374 Ecclesiam,
2447 3310 2678 3381 publicae
2719 3312 3304 3370 excommunicationis
3328 3313 3496 3368 male-

1921 3398 2163 3456 dictione
2217 3401 2519 3471 apostolica
2573 3404 2842 3460 sententia
2880 3404 3172 3460 traduntur
3202 3403 3494 3461 Satanmin

1923 3489 2206 3544 interitum
2246 3491 2453 3558 carnis,
2484 3501 2544 3546 ut
2574 3494 2789 3548 tandem
2827 3495 3122 3550 miserante
3152 3493 3265 3550 Deo
3297 3496 3503 3565 resipi-

1922 3580 2205 3636 scentibus
2232 3579 2340 3636 illis
2364 3597 2394 3636 a
2425 3582 2630 3638 diaboli
2661 3584 2871 3655 laqueis
2902 3584 3126 3655 spiritus
3155 3600 3346 3641 eorum
3383 3587 3491 3641 sal·-

1919 3688 2023 3728 vus
2046 3672 2117 3727 sit
2139 3673 2193 3727 in
2228 3673 2316 3728 die
2345 3671 2406 3727 D.
2438 3671 2511 3754 N,
2535 3673 2585 3728 J.
2614 3674 2676 3729 C.

1919 3784 1962 3839 1.
1995 3785 2073 3839 De
2097 3787 2331 3856 mysticis
2356 3787 2790 3911 appellatiogzibus
2829 3790 2984 3843 istius
3010 3800 3364 3845 sacrosancta?
3401 3790 3498 3845 ba·

2607 3875 2653 3912 si
2679 3874 2791 3914 τιατ.
2845 3909 2855 3919 .

1993 3948 2140 4014 llaec,
2185 3949 2431 4019 inquam,
2465 3949 2691 4005 ecclesia
2723 3966 2755 4006 a
2791 3953 2992 4008 sanctis
3034 3949 3310 4020 Patribus,
3355 3956 3496 4012 sicut

1922 4041 1978 4095 in
2008 4055 2199 4096 eorum
2232 4039 2451 4109 scriptis
2492 4038 2786 4109 invenitur,
2840 4043 3086 4113 pluribus
3127 4045 3375 4115 mysticis
3411 4055 3496 4103 est

239 4125 366 4181 Filii
395 4126 492 4184 Dei
519 4129 734 4185 videtur
757 4144 879 4185 esse
899 4129 1251 4197 constitutuS,
1270 4128 1434 4183 etiam
1458 4136 1513 4182 ct
1536 4128 1819 4198 pontifices
1848 4128 1894 4185 D
1922 4134 2206 4191 vocabulis
2234 4133 2511 4204 insignita.
2544 4130 2669 4189 llaec
2702 4136 2901 4190 etenim
2927 4135 3304 4207 principaliter
3332 4153 3494 4195 voca-

244 4216 420 4288 ipsitts
453 4216 720 4289 principis
766 4218 1169 4290 apostolorum,
1201 4218 1321 4274 vice
1349 4217 1687 4288 principatus
1729 4232 1821 4288 po-

242 4316 521 4377 testatem,
564 4308 804 4380 amplius
855 4324 1021 4379 quam
1081 4319 1311 4365 terrente
1373 4309 1669 4380 imperialis
1722 4326 1822 4367 no-

243 4411 375 4459 strae
417 4401 730 4458 serenitatis
759 4401 1123 4457 mansuetudo
1166 4401 1366 4458 babere
1415 4403 1650 4469 videtur,
1687 4400 1823 4460 obtiss

245 4503 435 4561 neant,
456 4502 561 4550 etc.
603 4512 622 4547 ι

319 4583 476 4641 Sicut
499 4584 645 4641 enim
680 4585 734 4639 in
766 4583 948 4640 Gestis
978 4583 1122 4639 beati
1154 4582 1414 4655 Sylvestri
1443 4583 1658 4655 legitur,
1699 4601 1823 4657 quae

242 4676 440 4733 beatus
467 4693 607 4748 papa
644 4676 896 4733 Gelasius
925 4677 979 4731 in
1032 4677 1266 4732 concilio
1312 4679 1653 4752 septuaginta
1708 4680 1823 4749 epi-

246 4784 546 4840 scoporum
582 4783 611 4823 a
639 4767 937 4824 Catholicis
974 4768 1077 4840 legi
1121 4778 1534 4834 commemorat,
1566 4767 1821 4840 praefatus

247 4861 549 4930 imperator
578 4860 979 4916 Constantinus
1028 4860 1264 4915 secunda
1314 4860 1400 4915 die
1457 4860 1822 4931 processionis

248 4967 366 5008 suae
416 4953 781 5024 promulgavit
818 4953 1014 5025 legem,
1047 4968 1168 5023 quae
1208 4951 1294 5007 liis
1326 4952 1509 5008 verbis
1536 4952 1820 5008 concludi·-

248 5055 342 5102 tur
372 5061 387 5100 ε
419 5065 439 5097 ι
473 5044 557 5101 Sit
602 5048 860 5104 omnibns
883 5057 1074 5103 notum
1120 5060 1223 5099 nos
1254 5044 1325 5099 ita
1355 5043 1558 5101 Christi
1587 5045 1823 5101 cultores

248 5136 494 5205 effectos,
519 5145 581 5192 ut
615 5139 755 5195 intra
783 5140 1044 5211 palatium
1092 5145 1341 5193 nostrum
1373 5137 1631 5208 templum
1660 5137 1823 5208 hujus

252 5230 497 5287 nominis
537 5241 943 5299 construamus,
972 5241 1076 5288 etc.
1110 5252 1128 5285 ι
1164 5231 1339 5300 Quam
1361 5230 1645 5287 ecclesiam
1666 5239 1822 5300 post·

249 5339 314 5379 ca
381 5322 699 5379 aedilicatam
745 5332 799 5379 et
829 5334 1260 5380 consummatam
1310 5324 1502 5379 beatus
1552 5319 1823 5392 Sylvcster

250 5418 469 5491 publice
499 5415 669 5488 (quod
721 5431 829 5472 non
864 5418 1025 5474 tiebat
1053 5418 1235 5487 antea)
1280 5414 1597 5473 solemniter
1624 5427 1821 5469 conse-

570 5509 839 5573 Prrnm..
879 5509 1143 5573 cxsstv.

1923 4224 2265 4282 tur-basilica
2292 4225 2420 4295 quia
2460 4240 2587 4281 cum
2631 4224 2762 4296 Regi
2811 4242 2999 4297 regum
3050 4226 3318 4285 Salvatorl
3363 4226 3493 4286 Jesu

1921 4317 2142 4374 Christo
2171 4318 2243 4374 sit
2287 4317 2553 4386 dedicata,
2603 4318 2651 4374 ei
2691 4319 2785 4390 qui
2823 4319 2875 4374 in
2927 4330 3067 4375 terra
3114 4336 3364 4378 summus
3400 4338 3496 4379 rex

1921 4416 2006 4463 est
2030 4416 2083 4462 et
2104 4406 2383 4475 sacerdos,
2406 4407 2792 4478 comprobatur
2819 4422 2940 4464 esse
2963 4408 3275 4466 commissa.
3319 4409 3496 4466 Voca-

1921 4508 2014 4555 tur
2039 4499 2202 4554 etiam
2254 4498 2499 4568 basilica,
2529 4497 2730 4563 Aurea,
2783 4498 2870 4553 vel
2917 4498 3139 4556 basilica
3176 4500 3494 4558 Constanti·

1923 4591 2109 4660 niana,
2134 4605 2165 4646 a
2201 4589 2583 4654 Constantino,
2611 4598 2668 4645 ut
2690 4588 2908 4657 dicitur,
2949 4598 3060 4645 tota
3084 4607 3250 4647 aureo
3280 4597 3496 4651 musivo

1923 4682 2156 4753 depicta.
2189 4679 2398 4738 Dicitur
2418 4681 2582 4736 etiam
2616 4682 2873 4752 templum
2904 4682 3317 4750 Misericordiae,
3341 4688 3490 4756 quia,

1925 4783 1986 4829 ut
2021 4787 2195 4843 usque
2231 4772 2393 4827 hodic
2421 4772 2683 4836 cerni1ur,
2713 4789 2837 4829 cum
2870 4776 3070 4831 multos
3089 4777 3270 4831 aditus
3297 4777 3497 4832 habuc·

1923 4864 2016 4927 rit,
2049 4862 2195 4917 nulla
2222 4862 2308 4918 die
2343 4862 2425 4918 vel
2471 4872 2631 4919 nocte
2661 4864 3032 4933 claudebatur,
3060 4868 3166 4923 nisi
3199 4867 3491 4936 tapetibus.

1929 4963 1990 5009 ut
2022 4953 2178 5022 quasi
2214 4952 2444 5008 a'ltcrum
2477 4953 2688 5026 asylum
2735 4970 2953 5026 srmpcr
2996 4966 3201 5027 pateret
3239 4956 3493 5013 obnoxiis

1924 5047 2203 5114 omnibus,
2230 5054 2502 5117 quatenus
2529 5048 2766 5118 amplius
2793 5061 2903 5102 non
2939 5047 3259 5118 punirentur
3286 5062 3317 5103 a
3360 5048 3494 5118 legi-

1924 5139 2030 5193 bus
2058 5135 2434 5192 saecularibus.
2463 5134 2688 5206 Legitur
2725 5151 2943 5207 quoque
2983 5136 3281 5206 apostolica
3307 5135 3494 5193 Eccle-

1925 5230 2029 5297 sia,
2052 5229 2432 5299 Apostolorum
2450 5228 2717 5284 duntaxat
2732 5227 2995 5283 doctrinis
3011 5228 3304 5296 instructa;
3337 5229 3494 5285 sedes

1925 5321 2244 5392 apostolica,
2293 5319 2423 5391 quia
2474 5327 2668 5390 praeter
2714 5318 3074 5389 apostolicum
3127 5318 3309 5375 nullus
3355 5319 3496 5374 alius

1928 5411 2117 5467 sedere
2149 5408 2462 5480 prtcsumit;
2517 5409 2674 5465 sedes
2726 5409 2922 5480 prima,
2956 5409 3085 5480 qnia
3136 5409 3373 5465 secunda
3411 5422 3496 5467 cst

3145 5500 3223 5561 [ιθ
