3892 6067
177 232 232 293 atr
446 193 471 208 ”’
515 183 517 189 ’
603 241 605 245 <
665 227 819 287 cannam
837 222 1034 283 raneosnt
1052 224 1326 288 uetcnuasrano.
1756 222 1811 281 aas

178 347 258 413 milti,
272 346 336 417 qnia
355 343 490 401 tnoolstns
512 357 591 400 meus
613 344 791 416 prolongatus
816 353 858 400 cst
881 340 968 412 (Psoi.
984 345 1008 401 tt
1022 349 1098 408 parte
1109 356 1221 399 caueam
1235 339 1425 413 prosperitatis
1445 340 1578 394 rualornm
1596 347 1623 395 ct
1644 356 1722 395 suam
1738 342 1812 398 libo·

178 432 252 501 cris,
266 438 304 507 li).
319 454 330 488 s
1023 435 1159 489 rationem
1167 434 1261 491 diceus
1274 454 1281 489 ι
1299 432 1480 489 Verumtamen
1493 442 1600 503 propter
1611 432 1686 488 dolos
1696 437 1814 504 posuisti

217 530 298 584 l'sns.
315 527 358 582 td.
381 525 417 582 Et
440 526 638 597 existimabam,
665 536 694 582 ιιι
719 542 899 598 cognoscerem
924 540 972 595 per
1022 529 1069 582 eis.
1083 527 1196 596 Propter
1210 527 1295 591 riolos,
1308 541 1379 597 quos
1391 526 1535 581 intendunt
1546 525 1607 581 aliis
1621 540 1677 595 prae
1692 526 1812 584 terrenis

179 620 359 685 intellectum,
373 620 447 690 quod
461 634 510 690 per
523 620 603 675 lidem
619 634 780 691 acceperam
802 618 859 688 iam
876 626 971 672 tanen·
1022 618 1207 689 acquirendis,
1220 628 1248 674 et
1262 619 1314 688 ipsi
1328 618 1470 689 capientur
1479 616 1550 672 dolis
1562 626 1591 671 et
1601 617 1707 689 laqueis
1720 638 1728 673 ε
1741 617 1810 675 iiam

180 713 245 768 dnm
260 729 267 765 :
283 711 330 767 sed
356 712 405 766 ttae
425 710 501 766 labor
524 722 564 767 cst
586 720 648 765 aute
667 727 717 765 me.
738 708 796 765 iias
812 709 844 764 ad
860 710 969 779 plenum
1026 730 1035 763 ι
1049 713 1096 781 qui
1110 711 1205 766 volunt
1216 710 1313 767 divites
1327 710 1394 776 lieri,
1410 709 1534 765 incidunt
1546 709 1574 764 in
1593 708 1770 765 tentationem
1783 722 1812 766 et

181 816 346 872 cognoscere
357 801 434 856 iubos
443 809 482 855 est
493 813 554 855 anm
565 816 614 855 me.
625 799 807 856 Laboriosum
819 807 861 856 est
870 799 970 855 intuitu
1022 803 1150 874 laqueum
1164 801 1277 869 diaboli,
1291 811 1318 857 ct
1331 800 1465 858 desideria
1481 800 1576 867 insulta,
1588 809 1615 856 et
1625 801 1733 867 ancira,
1748 818 1812 873 quae

180 906 359 961 eorumquae
369 900 434 947 suat
446 901 566 958 anteme,
578 890 605 945 id
620 900 662 947 cst
681 905 771 946 rerum
784 890 970 961 praesentium,
1022 902 1148 966 mergum
1161 895 1287 949 homines
1301 894 1327 947 ln
1342 894 1480 948 interitum
1496 890 1524 963 (l
1538 892 1607 946 Tim.
1621 909 1657 959 ιι,
1673 893 1712 962 9).
1726 912 1736 945 s

182 999 244 1055 quac
255 992 316 1038 oute
335 985 430 1040 oculos
446 983 591 1049 habemus,
619 981 764 1055 inquibus
785 981 854 1038 tanti
874 982 970 1038 secreti
1058 982 1302 1038 liebraicaveritas
1314 983 1414 1038 babet:
1434 981 1629 1051 Verumtamen,
1643 983 1756 1051 posuisti
1767 999 1812 1037 eas

181 1077 315 1132 rationem
338 1075 483 1147 providere
497 1090 552 1131 nan
567 1072 657 1140 valeo,
681 1072 746 1143 qnia
768 1080 833 1128 sunt
856 1080 918 1125 ante
932 1086 972 1124 mc
1023 1077 1049 1129 in
1067 1073 1179 1129 lubrico.
1196 1074 1274 1141 Quod
1293 1074 1364 1128 idem
1381 1082 1425 1129 est
1446 1076 1475 1130 ln
1499 1089 1591 1130 sensu.
1618 1071 1686 1128 Nam
1710 1074 1815 1129 diritiae

182 1167 262 1237 attasi
283 1181 379 1222 murus
404 1164 473 1220 milti
499 1164 651 1234 oppositus.
666 1161 775 1230 Fateor,
791 1161 972 1232 quianam
1023 1167 1077 1223 illis
1091 1176 1197 1237 propter
1213 1166 1288 1222 dolos
1309 1166 1403 1237 posita
1418 1165 1549 1220 lubricam
1563 1174 1636 1231 sunt,
1653 1167 1681 1220 in
1697 1180 1753 1236 quo
1767 1166 1814 1221 lu-

182 1258 294 1317 Patrum
306 1259 440 1327 doctrina,
450 1275 504 1315 non
515 1273 629 1329 possum
640 1272 694 1312 non
706 1255 828 1320 credere,
841 1254 914 1325 quod
924 1267 972 1311 eos
1023 1258 1101 1314 brico
1116 1272 1164 1329 per
1178 1271 1299 1313 amorem
1317 1257 1398 1327 positi
1414 1265 1487 1312 stare
1511 1273 1565 1311 nnn
1592 1266 1718 1327 possunt,
1740 1258 1815 1313 sicot

182 1353 242 1411 scio
253 1352 417 1419 credidisse;
436 1351 484 1408 sed
498 1351 546 1405 boa
560 1350 661 1421 ipsum,
675 1348 749 1420 quod
762 1347 854 1415 credo,
868 1347 973 1402 ratione
1024 1360 1107 1417 stant,
1121 1350 1171 1420 qui
1191 1363 1272 1404 ueras
1291 1349 1401 1404 diuitias
1425 1357 1529 1405 amant.
1548 1347 1625 1405 Unde
1648 1352 1815 1406 aitsanctus

183 1442 225 1498 rel
240 1442 376 1497 intellectu
392 1454 559 1508 cognoscere
576 1438 652 1493 laios
663 1446 703 1492 est
717 1446 778 1493 ante
794 1453 845 1503 me,
861 1436 906 1492 cui
920 1436 974 1491 boc
1026 1456 1094 1511 papa
1111 1438 1259 1511 Gregorius
1269 1438 1326 1509 (Ξῖ)
1340 1458 1347 1495 :
1363 1458 1372 1491 r
1387 1438 1417 1494 st
1428 1454 1502 1501 rere.
1518 1438 1627 1503 iratres,
1644 1438 1743 1494 divites
1753 1453 1817 1494 esso

181 1531 254 1591 scire
267 1532 294 1586 in
311 1531 363 1588 bac
377 1532 433 1586 rita
449 1530 559 1602 penitus
572 1537 614 1585 est
635 1528 815 1599 impossibile.
840 1525 893 1583 Sed
918 1541 973 1581 non
1024 1530 1135 1601 cupitis,
1157 1544 1235 1584 veras
1259 1529 1369 1585 divitias
1388 1537 1512 1584 amate.»
1531 1527 1604 1597 idem
1619 1542 1729 1599 quoque
1748 1528 1818 1586 dicit

182 1631 223 1679 est
239 1622 386 1678 laborante
404 1619 502 1688 licum,
518 1621 583 1693 quia
599 1635 654 1675 unn
670 1629 713 1676 est
727 1617 897 1690 impossibile
911 1624 975 1671 ante
1025 1622 1054 1676 iu
1066 1620 1116 1678 lob
1129 1621 1207 1694 (iim
1224 1620 1361 1692 ‹Reprobi
1372 1636 1435 1677 eum
1449 1630 1524 1677 recta
1538 1636 1620 1692 opera
1634 1621 1735 1677 divinis
1750 1636 1820 1692 ope·

183 1711 270 1769 ⁰²⁰¹ss
290 1727 372 1768 0¹¹¹¹¹e
394 1712 520 1769 verbum.
544 1709 633 1779 Undis
657 1710 680 1767 δί
699 1719 727 1766 θῑ
750 1725 801 1781 08⁰
815 1707 893 1763 silim
913 1714 974 1761 ante
1026 1715 1103 1771 ribus
1124 1729 1179 1770 nan
1200 1713 1362 1784 rependant,
1382 1730 1445 1770 cum
1473 1722 1546 1771 totos
1570 1730 1599 1770 sc
1626 1714 1671 1771 bic
1687 1715 1820 1770 deserunt

184 1803 283 1872 licum,
299 1805 391 1871 eredo,
403 1804 477 1874 quod
505 1803 588 1875 hujus
608 1802 769 1873 questionis
790 1798 975 1872 transgrediar
1025 1814 1054 1862 et
1065 1805 1238 1862 affluentibus
1252 1806 1480 1876 prosperitatibus
1493 1806 1642 1873 dimittunt,
1657 1805 1730 1862 unde
1740 1816 1819 1863 eute-

184 1898 295 1951 murum
311 1912 360 1967 pcr
374 1896 462 1966 ipsius
474 1896 619 1961 auxilinm,
635 1894 682 1967 qui
696 1895 773 1952 solus
787 1893 912 1964 aperitet
924 1906 975 1948 ne·
1026 1898 1085 1954 rius
1107 1898 1263 1969 proficiunt,
1287 1898 1351 1954 inde
1372 1898 1407 1953 ab
1436 1898 1541 1954 intimis
1561 1898 1672 1954 cadunt.
1692 1897 1821 1955 llineest

184 2002 231 2046 mo
245 1988 356 2056 claudit,
368 1988 483 2056 claudit,
499 1996 527 2045 et
540 2003 622 2045 nemo
643 1988 732 2060 aperit
754 1988 822 2043 illud
845 1994 975 2042 sanctua—
1027 1990 1100 2061 rgand
1121 1989 1277 2046 ininferna
1297 1992 1421 2046 cruciato
1444 1990 1521 2048 diviti
1547 1990 1650 2047 dicitur
1662 2009 1669 2045 ε
1682 1989 1821 2060 lleoepistl

185 2078 268 2147 rium,
291 2078 319 2134 in
340 2094 396 2150 quo
416 2081 490 2137 clare
512 2080 659 2147 videbitur,
682 2080 757 2152 quod
784 2088 910 2135 nnncest
924 2079 976 2134 ab·
1027 2082 1098 2138 bona
1114 2083 1140 2136 ln
1156 2081 1211 2135 rita
1231 2088 1288 2148 tua,
1305 2079 1408 2137 idcirco
1424 2081 1497 2136 enim
1515 2081 1588 2137 bona
1609 2081 1654 2137 liic
1674 2082 1822 2151 recepiret

184 2184 308 2227 scarum.
334 2170 480 2241 Propterea
495 2188 550 2228 noo
573 2171 636 2229 dico
658 2172 793 2237 absolate,
818 2171 891 2242 quod
910 2168 977 2226 illud
1028 2173 1127 2241 maius,
1147 2181 1177 2228 ut
1192 2172 1247 2229 illic
1271 2172 1379 2245 plenius
1393 2180 1421 2229 et
1444 2174 1518 2253 mala
1541 2173 1684 2244 reciperet,
1700 2174 1749 2244 qui
1774 2174 1821 2229 bio

183 2275 352 2333 cognoscere
367 2261 445 2317 lator
458 2271 498 2318 est
513 2272 575 2318 astte
587 2278 644 2330 ute,
660 2260 708 2319 sed
726 2262 845 2333 adjungo
861 2281 868 2317 ι
1028 2265 1117 2322 iuerat
1132 2281 1183 2322 nec
1197 2281 1245 2336 per
1259 2264 1331 2321 bona
1349 2280 1508 2321 conversus.
1523 2263 1583 2321 Non
1604 2279 1671 2336 ergo
1685 2266 1724 2320 uit
1741 2284 1748 2320 :
1764 2264 1821 2321 lle·

225 2351 305 2408 tras.
320 2352 364 2407 l'l.
383 2352 473 2409 banse
494 2354 590 2410 intrem
612 2355 640 2408 in
663 2355 847 2410 sanctuarium
865 2354 926 2419 ilci,
952 2362 977 2408 et
1026 2357 1116 2428 jecisti
1129 2370 1177 2412 eos
1191 2364 1337 2428 postquam
1354 2354 1452 2411 elevati
1478 2365 1559 2413 sunt:
1576 2354 1700 2412 sedeam
1716 2354 1822 2410 alleua-

185 2446 242 2503 illic
260 2444 409 2515 littaliigam
431 2445 460 2499 in
478 2445 628 2499 nouissimis
643 2461 744 2500 earam.
774 2444 885 2502 interim
900 2446 977 2503 suiss-
1028 2456 1134 2514 rentur,
1149 2446 1214 2517 quia
1227 2445 1280 2502 boc
1293 2446 1385 2517 ipsum
1401 2445 1431 2500 tit
1446 2446 1573 2517 superbis
1596 2446 1712 2501 interius
1725 2445 1820 2515 dejici,

186 2539 242 2595 ciat
261 2537 329 2597 milri
345 2538 415 2594 scire
429 2536 566 2592 inscitiam
589 2552 689 2605 mcum,
704 2539 778 2609 quod
792 2538 897 2610 primus
912 2555 978 2611 gra·
1029 2538 1103 2611 quod
1114 2540 1155 2595 eis
1170 2537 1239 2593 salsa
1256 2537 1391 2608 contingit
1405 2537 1491 2607 gloria
1505 2539 1627 2594 exterius
1637 2536 1749 2592 elevari.
1765 2536 1822 2593 Or·

186 2627 240 2684 dus
260 2636 304 2685 est
326 2627 360 2683 ad
382 2627 491 2699 plenam
516 2627 670 2685 scientiam.
693 2627 727 2684 Et
747 2629 775 2684 in
799 2630 850 2685 liae
865 2630 977 2701 provida
1029 2631 1141 2688 dinante
1154 2632 1229 2688 enim
1241 2631 1335 2687 divino
1347 2630 1452 2701 judicio
1465 2629 1658 2685 noneisaliud
1674 2628 1753 2700 culpa
1767 2636 1821 2697 est,

186 2721 341 2793 ignorantia
355 2736 403 2777 ero
415 2720 565 2791 prudenter
578 2720 701 2787 nescius,
722 2729 750 2777 ct
772 2721 913 2793 sapienter
934 2723 979 2778 io·
1028 2735 1113 2796 atque
1126 2724 1200 2780 aliud
1215 2738 1312 2794 poena3
1327 2722 1376 2778 sed
1391 2737 1441 2777 sua
1460 2722 1514 2778 illis
1537 2722 1564 2776 in
1581 2736 1690 2791 poenam
1706 2735 1823 2776 conner-

187 2813 295 2880 doctus,
310 2822 457 2868 contentus
471 2811 525 2868 title
541 2813 611 2879 sola,
635 2827 696 2883 qnae
711 2827 765 2868 non
784 2813 854 2868 solet
876 2814 978 2868 irrum·
1030 2818 1097 2873 titur
1108 2817 1198 2886 culpa,
1215 2827 1246 2871 nt
1258 2815 1372 2871 elevatis
1385 2812 1456 2868 lastu
1468 2813 1604 2883 superbiae
1619 2814 1671 2868 boc
1684 2814 1773 2883 ipsum
1784 2811 1823 2868 sit

187 2921 261 2978 perc,
276 2905 325 2963 sed
347 2914 503 2963 reverenter
517 2906 627 2976 pulsam
646 2904 680 2960 ad
702 2906 804 2973 ostium
820 2905 913 2973 amici,
928 2905 979 2961 dn·
1029 2923 1093 2965 vere
1117 2908 1192 2964 intus
1216 2906 1322 2972 cadere,
1346 2905 1421 2976 quod
1444 2902 1513 2960 ioris
1532 2904 1713 2959 ostenduntur
1729 2901 1821 2975 proie-

122 3018 128 3023 ·
188 3012 240 3054 uec
256 3007 351 3069 surgat
370 2998 494 3068 rnilrilpue
506 2997 622 3067 aperiat,
636 2996 710 3069 quod
723 3005 838 3053 eatenus
851 2998 976 3053 clausum
991 3035 1013 3094 c
1029 3002 1130 3057 cisse.»

188 3097 258 3155 erat,
282 3097 383 3155 erogo,
400 3088 446 3141 illo
464 3088 615 3157 aperiente,
636 3089 732 3142 latrem
751 3090 779 3142 iu
794 3088 979 3142 sarrctuarium
1070 3089 1142 3145 ‹Vae
1165 3089 1213 3159 qui
1232 3086 1374 3159 predaris,
1399 3101 1490 3141 nonne
1512 3095 1540 3142 ct
1566 3087 1624 3156 ipse
1648 3086 1823 3157 praedaberis,

188 3177 529 3245 [leimecretumuidclieet
540 3185 641 3233 sancte
651 3178 980 3248 cotrtcmplationis,quud
1033 3181 1102 3253 (luo.
1118 3196 1216 3246 xxxin,
1230 3180 1276 3251 tls
1292 3179 1329 3233 ait
1340 3178 1631 3250 propbeta,quoniam,
1646 3180 1693 3250 qui
1704 3180 1824 3247 praedam

190 3268 272 3324 malis
295 3267 497 3336 abmondbum,
525 3266 606 3322 bonis
627 3280 691 3322 vero
710 3282 870 3337 expressum
888 3275 930 3323 est
953 3268 981 3323 in
1032 3273 1231 3339 bertirramini,
1252 3273 1470 3344 pradaefficitur
1491 3271 1593 3327 diaboli
1610 3291 1617 3326 :
1632 3273 1759 3328 sirutliter
1772 3272 1825 3331 baa

188 3359 342 3431 Scriptoris
353 3360 486 3417 veritatis.
502 3357 552 3415 Vel
570 3361 665 3415 intrem
678 3361 706 3414 in
721 3361 905 3415 sanctuarium
920 3359 981 3428 Dei,
1032 3365 1199 3421 locarimera
1222 3362 1525 3434 possumuszl'ae,qni
1545 3362 1609 3418 dolo
1624 3363 1694 3418 alios
1710 3362 1826 3433 capiset

189 3451 265 3524 quod
278 3461 322 3508 est
335 3451 464 3508 Christus
479 3454 507 3508 in
528 3468 584 3523 quo
607 3461 671 3508 sunt
689 3467 786 3509 oannes
802 3453 923 3509 thesauri
938 3469 983 3525 sa-
1033 3459 1146 3529 decipis,
1171 3472 1262 3511 nonne
1275 3462 1303 3511 el
1322 3457 1381 3527 ipsc
1394 3456 1458 3512 dolo
1480 3454 1597 3526 capieris
1618 3464 1645 3510 ct
1663 3448 1827 3533 decipieris!

190 3545 469 3617 ptentieetsclenna
478 3544 526 3601 Ilei
538 3545 786 3616 absconditl,quod
799 3546 983 3600 sasretuarium
1034 3549 1129 3606 bniert
1144 3550 1217 3604 enim
1235 3557 1336 3604 aeterua
1356 3548 1415 3618 ipsc
1441 3563 1519 3603 amor
1543 3544 1746 3619 temporalium,
1763 3561 1826 3618 qum

190 3637 291 3692 intrare
302 3651 357 3693 non
372 3646 415 3693 est
426 3636 512 3704 uliud,
527 3652 610 3708 quam
624 3636 798 3707 incorporari
813 3637 875 3707 ejus
891 3650 981 3691 mem·
1034 3641 1128 3700 dolose
1150 3641 1212 3696 aliis
1233 3639 1361 3695 auferunt
1380 3639 1507 3696 homiues
1531 3640 1630 3696 dolosi.
1647 3637 1726 3695 lusto
1742 3638 1827 3709 igitur

191 3728 250 3785 bris
262 3728 433 3784 etririsscuri
444 3739 527 3801 atqua
541 3728 689 3786 illuminari
706 3728 803 3799 spiritu
818 3727 889 3798 ejus,
901 3743 984 3799 quem
1032 3735 1136 3808 judicia
1151 3743 1178 3790 tu
1191 3733 1263 3789 Deus
1280 3732 1370 3789 sciens
1392 3732 1486 3788 omnia
1507 3731 1562 3787 doli
1580 3732 1706 3803 tigmenta
1719 3741 1828 3801 propter

192 3823 240 3892 qui
256 3838 310 3877 non
327 3824 420 3892 babet,
434 3824 479 3881 bic
493 3839 550 3881 non
563 3824 690 3894 cercius.
716 3823 793 3879 lllius
804 3839 871 3895 crgo
886 3823 984 3894 spiritu
1035 3828 1121 3894 dolos,
1136 3827 1201 3883 licet
1222 3825 1380 3881 bominibus
1394 3824 1582 3889 absconditos,
1593 3824 1642 3878 tibi
1654 3833 1743 3878 tamen
1766 3837 1828 3877 mu*

164 3921 168 3929 ’
192 3915 366 3972 illuminatos
378 3926 406 3973 et
419 3916 571 3974 instructus
585 3918 619 3973 de
636 3916 690 3972 line
707 3917 841 3973 bonorum
857 3928 884 3973 et
897 3919 985 3973 malo·
1036 3920 1161 3986 niiestns,
1175 3919 1287 3990 posuisti
1301 3917 1403 3974 dolosis
1417 3918 1491 3986 ipsas
1503 3916 1612 3971 diritius
1624 3914 1688 3970 dolo
1701 3914 1825 3985 acquisi-

193 4022 267 4073 ruat,
282 4007 431 4079 intelligam
456 4009 483 4063 in
508 4009 657 4065 aomssimis
677 4024 769 4063 eorum
791 4007 875 4064 licum
899 4009 986 4066 fnisse
1036 4024 1078 4072 tas
1092 4015 1171 4084 quusi
1187 4012 1351 4083 decipulam,
1375 4025 1430 4080 qua
1445 4009 1589 4080 capiantur
1609 4017 1636 4064 et
1651 4007 1825 4078 dejiciantur,

193 4100 338 4173 ttlaeicillm
361 4098 530 4167 fuluwrllffl,
554 4100 666 4172 quando
689 4100 769 4156 bonis
789 4100 860 4155 bona
884 4111 986 4157 aeteraa
1036 4106 1104 4162 llam
1120 4106 1240 4171 deiecisti
1253 4120 1296 4159 eas
1307 4117 1362 4157 aon
1375 4102 1465 4157 solum
1481 4111 1626 4172 postquam
1641 4101 1739 4156 elevati
1751 4108 1826 4167 sunt,

193 4193 406 4265 predestinavit,
421 4202 449 4249 et
463 4194 544 4250 malis
561 4194 634 4249 mala
657 4202 759 4249 aetcrna
780 4195 985 4265 preordinavit,
1038 4198 1086 4256 sed
1098 4197 1163 4251 dum
1177 4195 1355 4250 alienarentur
1374 4194 1408 4248 ad
1432 4195 1639 4249 simulitudinem
1665 4203 1741 4258 rotae,
1754 4206 1827 4262 aare,

195 4286 352 4358 basiliique
366 4293 498 4356 'limique
511 4284 546 4341 <¹⁰
568 4286 684 4341 winulis
695 4284 776 4340 ll⁰¹¹i⁸
790 4294 817 4341 θῑ
830 4285 911 4340 malis
926 4299 986 4339 me·
1037 4292 1103 4347 dum
1115 4290 1144 4344 in
1158 4287 1356 4359 posterioribus
1372 4286 1504 4354 elevatur,
1520 4287 1547 4342 in
1562 4286 1747 4341 anterioribus
1760 4284 1826 4354 deli·
1845 4331 1849 4343 .

194 4375 255 4431 ritis
275 4377 302 4431 in
327 4376 456 4448 praesenti
477 4376 533 4431 rita
559 4378 757 4442 remuneravit,
783 4377 854 4431 sicut
873 4375 984 4446 legitur,
999 4372 1024 4431 D
1037 4384 1125 4448 eitnr;
1142 4380 1214 4436 sicut
1225 4388 1253 4435 ct
1265 4379 1321 4445 isti,
1333 4379 1397 4434 dum
1409 4377 1436 4433 in
1448 4377 1628 4434 exterioribus
1639 4377 1788 4441 elevantur,
1799 4377 1828 4431 in

192 4466 268 4537 guod
289 4467 366 4522 dines
387 4467 443 4533 ille,
466 4467 513 4537 qui
532 4475 637 4535 guttam
663 4482 741 4537 aquae
761 4466 849 4537 petiit,
869 4484 884 4521 a
908 4481 986 4537 patre
1038 4470 1223 4529 anterioribus
1238 4470 1272 4527 tle
1288 4470 1343 4525 alto
1357 4469 1570 4540 precipitantur.
1586 4467 1665 4534 Quo?
1678 4468 1706 4523 in
1722 4466 1828 4523 lorcam

194 4559 333 4616 Abrabam
348 4561 453 4617 audivit
467 4579 474 4616 :
498 4579 508 4613 ι
524 4558 587 4628 Fili,
603 4558 760 4624 recordare,
778 4559 843 4631 quia
857 4559 985 4631 recepisti
1038 4559 1202 4634 profundam
1219 4558 1392 4630 sempiterne
1410 4557 1598 4622 desolationis,
1614 4571 1697 4627 quarn
1711 4554 1828 4611 commi·

195 4651 267 4707 bona
283 4653 312 4707 in
323 4654 378 4708 rita
394 4662 452 4722 tna,
474 4662 499 4708 et
522 4651 645 4708 Lazarus
670 4652 799 4708 similiter
814 4653 886 4708 mala
905 4653 984 4724 (Luc.
1038 4661 1120 4709 natur
1134 4650 1242 4706 Veritas
1255 4650 1370 4707 dicens:
1386 4647 1454 4705 «Vae
1465 4647 1544 4703 robis
1556 4646 1698 4713 divitibus,
1714 4646 1762 4716 qui
1777 4644 1828 4699 ba·

196 4757 252 4809 ιιι,
268 4743 326 4812 25).
343 4761 353 4796 s
376 4743 422 4800 Sic
436 4744 609 4801 introductus
624 4744 651 4799 in
669 4746 854 4800 sanctuarium
867 4744 918 4800 liei
937 4760 986 4802 co-
1037 4747 1109 4804 betis
1130 4744 1346 4802 cnrtsolationem
1361 4752 1481 4798 uestram
1494 4759 1501 4796 :
1513 4755 1554 4795 ιω
1566 4739 1657 4806 vobis,
1676 4738 1723 4809 qui
1736 4736 1829 4793 ridetis

195 4849 326 4905 gnosoam
344 4835 417 4892 sient
434 4846 461 4892 et
477 4838 603 4907 cognitus
620 4853 693 4907 sum,
718 4854 775 4893 non
791 4852 929 4910 exparte,
944 4840 984 4896 si·
1039 4837 1205 4909 nortmania
1226 4834 1354 4907 lugebitis
1369 4844 1396 4888 et
1409 4832 1507 4887 flebitis
1525 4849 1532 4886 ε
1552 4845 1593 4885 rm
1610 4829 1699 4896 robis,
1721 4827 1769 4898 qui
1786 4839 1830 4880 sa·

194 4934 243 4983 cut
253 4927 335 4983 modo
347 4941 397 4998 per
407 4931 547 4998 speculum
560 4941 588 4985 ct
603 4930 630 4985 in
644 4932 790 5002 enigmate
806 4931 894 4988 video.
1039 4930 1121 4986 turati
1132 4928 1209 4994 estis,
1223 4926 1287 4997 attia
1299 4924 1427 4982 esurietis
1438 4923 1515 4995 (Luc.
1528 4938 1569 4990 rt,
1583 4920 1631 4988 at,
1644 4920 1720 4991 25).»
1733 4916 1830 4986 ilagna

230 5018 314 5079 luas.
330 5020 374 5077 tt.
396 5021 581 5079 Verumtamen
595 5024 677 5080 ctiam
695 5040 768 5080 nunc
781 5032 845 5080 ante
859 5033 986 5080 satietas·
1038 5023 1134 5092 utique
1163 5017 1297 5075 desolatio
1313 5016 1365 5072 erit
1386 5015 1441 5071 illis
1464 5012 1640 5085 perdentibus
1668 5004 1829 5077 temporalia

195 5120 266 5173 stara
286 5127 373 5183 stans,
388 5126 417 5173 et
430 5129 586 5175 reverenter
596 5118 710 5188 pulsans
720 5117 918 5189 denquaestiane
935 5120 986 5177 hac
1038 5131 1100 5188 quae
1125 5119 1297 5176 mutarerunt,
1316 5116 1344 5164 et
1362 5123 1417 5163 non
1437 5104 1622 5162 obtinentibus
1637 5108 1738 5155 aelerna
1758 5095 1829 5153 bona

146 5275 149 5281 ¹
194 5210 386 5285 prosperitatis
410 5212 546 5267 malornm
567 5210 670 5281 aliquid
694 5210 788 5280 didici,
810 5212 884 5283 qnod
911 5196 1012 5283 prius'
1040 5224 1101 5281 quae
1115 5207 1302 5277 neglexerunt.
1324 5201 1470 5273 Propterea
1480 5214 1531 5270 ego
1554 5193 1654 5264 daupi,
1676 5205 1728 5261 ego
1743 5189 1829 5245 lidelis

195 5306 332 5380 ignorati,
346 5306 399 5361 boc
413 5304 528 5370 scillcet,
543 5304 617 5376 quod
640 5312 680 5371 tn,
694 5301 767 5360 ileos
792 5312 900 5376 propter
913 5304 989 5359 dolos
1041 5298 1217 5371 congregatio
1232 5295 1385 5365 intelligens
1402 5292 1430 5346 in
1449 5288 1608 5345 novissimis
1619 5297 1716 5339 eorum
1730 5279 1831 5380 grande

194 5399 364 5471 paraliticis.
380 5397 504 5469 Deiecisti
516 5412 571 5465 eos,
585 5396 649 5452 dum
661 5395 848 5452 elevarentur.
1042 5392 1205 5466 pericolum,
1219 5399 1246 5446 et
1258 5387 1373 5449 exitum,
1386 5397 1436 5454 pro
1451 5380 1519 5437 tanti
1531 5377 1638 5436 erroris
1647 5370 1833 5447 magnitudine

234 5489 462 5557 pererratam
486 5506 540 5561 qua
565 5490 712 5561 praedictus
736 5488 827 5560 llsapb
855 5489 989 5560 aperitur
1043 5481 1378 5555 compellnrexclamarc:

157 5593 161 5601 ’
231 5606 289 5671 (tn
304 5604 385 5660 llnnt.
400 5606 431 5660 lb’
446 5608 473 5662 iu
487 5605 588 5674 Erang.

231 5674 288 5747 (²8.)
305 5673 365 5731 Lib.
383 5693 457 5733 xxxa
482 5675 577 5733 iloral.
594 5693 654 5750 cap.
678 5677 706 5747 i,
729 5685 755 5735 cl
779 5675 844 5735 Cur.
864 5674 1140 5752 Pastoral.part.1n‚
1158 5681 1217 5735 cal·
1232 5664 1276 5719 ⁴2⁶·
