3892 6067
31 5163 53 5675 ..ια’---

155 206 297 262 1865

721 191 1112 253 senatorii-38.
1155 220 1217 231 —
1264 187 1501 244 SEitttii
1541 188 1654 240 Ι.ΙΙ,
1702 184 1762 240 ΙΝ
1806 178 2292 240 assuttt‘Ttosss
2331 174 2584 235 BEATAE
2624 174 2890 232 MARlAE.

3272 172 3411 228 isos

154 335 281 391 quat
302 316 433 372 olim
462 310 751 370 aetliticavit
773 307 1003 379 justitia}
1038 305 1286 361 donnum.
1335 300 1401 356 titt
1449 304 1738 352 istim-ricae
1770 308 1811 360 ᾗ,
1839 296 1998 363 soris,
2025 294 2173 366 quod
2200 293 2484 349 Christum
2512 291 2829 360 conciperet
2857 289 2926 345 de
2955 287 3160 359 Spiritu
3195 298 3409 356 sancto,

154 412 273 473 dia,
305 406 507 478 inquit,
528 402 922 474 preparabitur
951 397 1049 452 titi
1092 397 1287 450 solium
1321 392 1457 465 (fnit.
1497 400 1622 448 *tt-ii.
1678 392 1730 444 ln

149 498 368 571 justitia
419 508 660 564 namque
715 491 769 546 in
831 487 1042 545 sanetis
1093 484 1307 557 angelis
1361 484 1569 552 psit-avit
1630 483 1734 536 sihi

153 586 427 658 sapientia
469 583 671 640 solium
715 579 1021 646 excelsum,
1063 576 1117 630 in
1161 573 1481 629 hominihus
1509 592 1638 624 ἰι-[ιι
1678 576 1730 624 in

153 675 543 734 misericordia
588 673 906 728 elevatum:
956 668 1101 724 unde
1144 675 1202 722 et
1241 664 1413 721 lsaitts
1441 664 1650 732 {tastum
1682 672 1734 716 et

155 767 576 827 misericordem
635 763 932 818 Dominum
986 759 1266 816 sedentem
1332 756 1734 824 etintenqtiatnr

154 875 323 931 super
352 857 552 914 solium
582 854 862 912 excelsum
892 860 947 908 et
976 850 1270 906 elevatum.

227 949 427 1006 Veniat
453 963 584 1019 ergo
633 943 1034 1008 misericordia,
1085 940 1228 996 etde
1256 945 1471 993 vetusta
1518 952 1585 992 ac
1622 934 1735 991 rui-

153 1054 294 1097 nosa
319 1039 485 1095 domo
509 1036 689 1092 ventis
722 1045 776 1090 et
794 1033 997 1105 pluviis
1025 1029 1236 1103 patula,
1264 1027 1585 1083 volucribus
1610 1025 1733 1081 eoeli

153 1143 226 1186 ac
250 1130 442 1186 bestiis
489 1128 641 1185 silvae
670 1127 957 1197 expositu
1013 1124 1069 1178 in
1119 1137 1230 1193 qua
1280 1121 1449 1175 homo
1488 1119 1736 1174 habitare

156 1238 269 1277 non
291 1222 478 1288 audet,
522 1228 577 1276 et
618 1218 793 1274 Filius
832 1215 1076 1273 hominis
1119 1228 1228 1268 non
1252 1210 1505 1284 quiescit,
1534 1225 1734 1266 novum

155 1312 265 1369 sibi
288 1322 408 1368 arte
434 1325 576 1366 nova
612 1317 837 1365 renovet
873 1304 1274 1370 habitaculum,
1301 1303 1394 1358 ubi
1429 1301 1605 1357 Filius
1636 1302 1736 1356 ho-

156 1401 328 1457 minis
353 1407 521 1470 caput
546 1397 793 1462 reclinet,
842 1405 897 1452 et
924 1394 1142 1451 interim
1191 1393 1476 1464 paululum
1510 1400 1732 1462 pauset,

157 1490 308 1547 sicut
338 1490 605 1561 scriptum
638 1499 761 1545 est:
803 1487 1043 1542 Dor-mite
1064 1485 1206 1556 jam,
1236 1494 1286 1539 et
1315 1483 1652 1554 requiescites
1682 1491 1737 1537 et

1834 404 2000 459 quem
2021 387 2138 459 jam
2173 385 2324 442 intus
2347 383 2603 441 habebat.
2653 380 2721 437 Et
2763 391 2951 452 postea
2989 380 3084 451 qui
3129 390 3414 437 creaverat

1835 495 1957 534 eam
1989 493 2188 534 novam
2218 485 2531 532 creaturam
2564 474 2617 530 in
2648 474 2852 545 seipso,
2877 471 3145 542 requievit
3169 472 3224 528 in
3257 482 3414 528 utero

1834 585 1938 625 sno
1961 565 2565 636 Christus.Unicuique
2594 564 2761 621 etiam
2785 563 2929 619 fideli
2954 563 3155 619 animm
3181 563 3247 619 ad
3270 564 3416 618 salu·

1835 671 1944 718 tem
1968 660 2370 732 praedestinatae
2397 657 2622 729 quando
2644 655 2784 723 vult,
2813 664 2870 711 et
2895 655 3174 725 quomodo
3200 657 3334 723 vult,
3360 667 3416 712 et

1836 752 1987 809 intus
2015 767 2114 824 per
2133 751 2413 823 propriam
2444 750 2737 815 rationem,
2760 764 2866 818 qua
2899 749 3171 804 illuminat
3192 764 3412 804 omnent

1837 844 2115 901 hominem
2141 842 2449 899 venientem
2477 842 2531 896 in
2558 841 2708 902 hunc
2730 841 3018 905 mundum,
3046 849 3100 895 et
3123 856 3219 911 per
3242 840 3416 911 inspi-

1836 935 2106 991 rationem
2136 931 2349 1005 gratiae,
2378 946 2487 1001 qua
2508 930 2750 1001 pluviam
2769 930 3135 986 voluntariam
3163 939 3416 1001 segregat

1836 1025 2138 1083 ltaereditati
2162 1039 2297 1089 suae,
2320 1031 2375 1078 et
2399 1021 2535 1076 foris
2557 1037 2652 1092 per
2667 1021 2978 1077 doctrinam
3000 1029 3055 1077 et
3076 1028 3412 1084 creaturam,

1835 1118 1931 1173 ubi
1957 1131 2083 1189 quae
2113 1131 2211 1187 per
2259 1130 2326 1171 ea
2356 1130 2481 1186 quae
2524 1113 2664 1171 sacta
2697 1122 2824 1170 sunt
2871 1113 3146 1169 intellecta
3195 1113 3415 1182 conspi-

1834 1210 2082 1276 ciuntur,
2136 1206 2386 1278 praecipit
2438 1214 2494 1262 et
2540 1206 2675 1261 dicit
2720 1205 3030 1277 Sapientia;
3062 1218 3116 1261 et
3160 1221 3284 1276 quae
3333 1205 3415 1260 sic

1836 1310 1987 1357 creat
2017 1309 2073 1354 et
2115 1298 2322 1355 format
2359 1313 2480 1353 eam
2523 1297 2580 1353 in
2622 1298 2845 1354 Christo
2888 1297 3017 1354 Jesn
3052 1298 3106 1353 in
3152 1298 3415 1368 operibns

1836 1393 2021 1467 bonis,
2065 1390 2363 1461 requiescit
2415 1390 2469 1446 in
2519 1390 2855 1447 conscientia
2902 1389 3103 1460 ipsius.
3158 1388 3228 1444 Et
3276 1391 3416 1445 dixit

1837 1485 1967 1540 titini
1993 1500 2011 1540 .·
2072 1480 2137 1536 In
2164 1479 2332 1535 Jacob
2366 1480 2629 1548 ittlmbita,
2679 1490 2729 1535 et
2778 1481 2835 1535 in
2881 1479 3054 1536 Israel
3101 1480 3418 1536 lea-rediture

152 1585 428 1640 continuo
453 1603 467 1639 ε
499 1581 730 1653 Surqite,
763 1596 946 1634 eamus
968 1579 1089 1632 hinc
1118 1576 1339 1650 (Mami.
1367 1575 1500 1644 xvi).
1525 1572 1735 1629 Modica
1839 1577 2034 1648 (Et-di.
2069 1579 2243 1647 xxiv).
2271 1577 2388 1635 Vox
2435 1576 2618 1633 Patris
2647 1575 2715 1631 ad
2737 1574 3064 1644 sapientiam
3108 1572 3414 1628 Christum.

155 1676 309 1731 enim
354 1683 410 1731 et
453 1673 637 1730 brevis
681 1672 771 1728 hic
820 1679 905 1727 est
949 1669 1172 1741 requies
1210 1676 1550 1731 sanctorum,
1583 1665 1737 1720 tabor
1768 1676 1809 1731 Β
1839 1669 2128 1742 Sapientia
2164 1671 2382 1727 inabitat
2423 1671 2484 1726 in
2509 1667 2705 1737 Jacob,
2743 1666 3097 1723 haereditatur
3130 1665 3184 1721 in
3212 1665 3413 1728 tsi-aen

156 1784 293 1825 vero
321 1782 554 1840 magnus
578 1782 645 1822 ac
686 1763 800 1820 sere
838 1763 1157 1821 continuus.
1191 1758 1387 1815 Veniat
1413 1757 1631 1813 tandem
1668 1756 1737 1811 ad
1837 1762 1932 1818 sed
1961 1763 2015 1818 in
2048 1764 2187 1819 sons
2212 1772 2268 1820 02
2308 1765 2366 1821 in
2391 1763 2651 1822 omnibus
2678 1762 2868 1819 electis
2904 1759 3086 1817 patris
3116 1760 3200 1816 sni
3251 1759 3421 1815 mum

156 1867 438 1915 vetustum
463 1867 725 1922 aeternuS,
747 1864 803 1910 et
833 1862 895 1910 ut
937 1862 1175 1909 veterem
1208 1857 1437 1906 renovet
1470 1848 1737 1903 innovans
1837 1854 2075 1912 radices.
2103 1854 2301 1912 Omnis
2323 1856 2470 1912 enim
2499 1855 2766 1927 plantatio
2784 1896 2801 1923 ,
2824 1870 2990 1926 quant
3019 1869 3130 1909 non
3155 1853 3421 1924 plantavit

156 1948 369 2012 omnia.
421 1943 832 2019 qu⁰d³¹¹¹¹¹¹⁰¹¹⁰
893 1942 1011 2012 ill-‘³0
1061 1940 1450 2003 invelffl‘ascatt
1501 1944 1558 1990 θῑ
1595 1935 1740 1991 Sicut
1837 1945 2000 2002 Pater
2041 1949 2302 2012 coelestis,
2367 1948 2722 2020 quantumvis
2776 1956 3007 2012 creseat,
3065 1947 3420 2017 quantumvis

157 2047 279 2094 arte
300 2053 440 2093 nova
462 2051 527 2093 ac
549 2034 817 2100 inaudita,
842 2031 1103 2087 inclinata
1123 2038 1206 2085 est
1230 2037 1433 2083 aetcrna
1458 2025 1736 2097 majestaS,

157 2138 220 2184 nt
248 2129 301 2184 in
326 2143 428 2184 nos
470 2126 598 2183 novi
642 2126 839 2197 capitis
882 2123 1114 2178 altitudo
1143 2130 1317 2178 totum
1351 2135 1555 2192 eorpus
1584 2119 1741 2174 inno-

156 2237 298 2278 vans
320 2219 732 2293 superveniret3
778 2217 1076 2273 obscurata
1104 2214 1516 2287 quodammodo
1563 2221 1618 2266 et
1642 2211 1739 2290 ob·

157 2313 414 2369 umbrata
440 2313 557 2380 lux,
584 2320 647 2367 ut
666 2309 828 2367 caecis
857 2318 914 2364 et
941 2307 1186 2379 antiquis
1216 2306 1459 2362 tenebris
1484 2318 1623 2359 nova
1644 2302 1736 2357 lux

155 2406 435 2462 oriretur:
456 2405 536 2461 sie
562 2402 972 2475 quodammodo
1002 2401 1285 2458 aeternitas
1308 2397 1606 2454 inveterata
1630 2405 1734 2460 est,

160 2507 221 2554 ut
249 2499 375 2554 inde
403 2497 684 2552 veteribus
729 2495 946 2550 novitas
997 2502 1357 2556 nasceretur;
1387 2500 1441 2547 et
1467 2490 1611 2545 sicut
1638 2502 1739 2543 sua

152 2587 533 2644 exinanitione
559 2601 793 2642 vacuum
841 2566 1088 2654 replevit,
1115 2597 1215 2638 sua
1261 2587 1580 2651 paupertate
1613 2593 1740 2647 ege-

160 2697 296 2738 num
328 2679 544 2745 ditavit,
580 2693 680 2734 sua
707 2675 938 2732 stultitia
975 2673 1189 2730 fatuum
1223 2671 1479 2737 erudivit,
1510 2685 1610 2726 sna
1651 2670 1738 2724 in·

158 2774 419 2830 firmitate
433 2771 669 2829 debilem
692 2767 990 2835 roboravit,
1007 2781 1108 2823 sua
1130 2763 1442 2835 captivitate
1465 2761 1738 2833 captivum

160 2867 413 2931 redemit,
444 2865 562 2923 suis
594 2862 832 2920 vinculis
876 2862 1105 2932 ligatum
1148 2859 1334 2924 solvit,
1366 2873 1466 2914 sua
1502 2856 1741 2927 denique

159 2966 341 3014 morte
368 2966 641 3012 mortuum
674 2954 971 3011 viviticavit
997 2971 1012 3008 ε
1059 2951 1140 3008 sic
1166 2966 1267 3008 sua
1307 2959 1577 3007 vetustate
1601 2958 1744 3005 vete-

160 3066 280 3107 rem
311 3049 620 3105 innovavit.
653 3046 869 3119 Ubique
909 3045 1057 3102 enim
1088 3043 1236 3115 quod
1279 3043 1464 3100 minus
1489 3051 1573 3098 est
1603 3041 1738 3108 Deo,

160 3142 346 3213 tnajtts
371 3149 457 3197 est
482 3139 823 3197 hominibus.
854 3136 1049 3193 Nonne
1092 3136 1259 3209 igitur
1286 3150 1384 3206 per
1413 3142 1739 3191 vetustatem

161 3231 436 3289 Dominus
484 3246 683 3287 novam
735 3228 803 3285 de
851 3237 1034 3283 vetere
1082 3225 1481 3291 haereditatem,
1523 3225 1577 3280 in
1632 3239 1741 3295 qua

158 3335 509 3391 moraretur-3
538 3331 593 3379 et
620 3321 1058 3388 tabernaculum,
1086 3319 1180 3374 ubi
1203 3319 1592 3389 requiesceret,
1626 3325 1745 3373 arte

163 3431 307 3470 nova
329 3415 614 3472 renovavit
639 3433 653 3469 ε
682 3413 855 3483 quiin
886 3411 1143 3467 omnibus
1171 3420 1299 3466 ante
1325 3409 1570 3481 requiem
1595 3424 1744 3480 quae-

162 3507 313 3573 sivit,
345 3514 402 3562 et
425 3521 700 3577 nusquam
730 3503 981 3559 invenit?
1011 3502 1164 3558 Unde
1192 3511 1248 3556 et
1271 3503 1522 3572 sequitur
1548 3519 1560 3555 ε
1598 3501 1665 3555 Et
1688 3503 1743 3554 in

162 3598 475 3656 decreditnte
494 3595 705 3650 Domini
727 3592 994 3649 morabor.
1014 3591 1312 3647 llaereditas
1332 3589 1480 3645 enim
1505 3588 1743 3655 Domini,

165 3689 551 3748 universaliter
598 3686 867 3750 Ecclesia,
917 3683 1232 3755 specialiter
1272 3681 1468 3747 Maria,
1503 3681 1746 3750 singula·

163 3785 302 3839 riter
337 3795 572 3853 qumque
617 3778 796 3836 {idelis
846 3777 1058 3833 anima.
1107 3774 1165 3830 ln
1210 3773 1567 3830 tabernaculo
1603 3774 1743 3828 uteri

166 3873 356 3931 uariae
386 3880 638 3929 moratus
662 3878 749 3928 est
791 3868 1052 3926 Christus
1080 3882 1277 3923 novem
1324 3865 1643 3931 mensibus;
1690 3864 1744 3919 in

167 3967 527 4026 tabernaculo
552 3964 679 4022 tidei
708 3962 968 4020 Ecclesiae
1012 3977 1188 4033 usque
1217 3961 1285 4016 ad
1314 3961 1747 4017 consummatio-

168 4075 293 4115 nem
317 4057 526 4121 saeculi,
555 4055 612 4112 in
647 4053 965 4127 cognitione
994 4062 1051 4109 et
1073 4052 1366 4108 dilectione
1407 4051 1586 4106 fidelis
1628 4050 1749 4104 ani-

169 4166 274 4208 mae
308 4150 364 4206 in
394 4148 595 4207 saecula
636 4146 964 4203 saeeulorum
1000 4143 1327 4201 morabitur.
1385 4139 1540 4197 Unde
1564 4140 1750 4211 sequi·

169 4254 303 4302 wr:

242 4332 389 4389 Tunc
409 4331 680 4403 proecepit,
705 4338 757 4385 et
782 4329 920 4384 dizit
946 4327 1076 4382 milti
1100 4325 1325 4382 Creator
1351 4322 1610 4390 omnium,
1636 4330 1742 4377 etc.
1778 4346 1823 4401 D

168 4423 367 4496 (Eccli.
388 4423 564 4493 xxiv.)
579 4419 698 4477 Vox
723 4420 900 4492 ipsius
922 4417 1276 4475 haereditatis.
1298 4415 1438 4472 Cum
1460 4415 1606 4469 enim
1626 4413 1747 4469 ubi-

171 4517 463 4590 que,sicut
475 4516 683 4572 dictum
708 4523 815 4580 est,
843 4513 1092 4584 requiem
1123 4509 1495 4583 quaesivisset,
1524 4517 1578 4565 et
1615 4523 1750 4564 nus-

171 4625 336 4681 quam
351 4607 651 4664 invenisset
667 4625 683 4674 ;
713 4616 846 4663 tunc
860 4603 1227 4677 sequestravit
1247 4603 1354 4659 sibi
1374 4603 1639 4674 populum
1657 4599 1753 4657 Ju-

173 4703 416 4758 daeorum
438 4700 495 4756 in
518 4700 917 4765 haereditatem,
938 4699 1028 4755 eui
1045 4712 1144 4769 per
1158 4696 1380 4768 Moysen
1411 4694 1668 4766 praecepit
1695 4702 1751 4749 et

171 4795 330 4862 dixit,
359 4794 413 4849 id
441 4802 526 4851 est
548 4801 816 4865 praecepta
840 4793 1084 4848 dictavit.
1106 4789 1173 4846 Et
1194 4789 1291 4861 qui
1314 4788 1521 4844 creavit
1542 4788 1646 4844 hac
1670 4801 1752 4843 se-

172 4884 349 4943 cunda
359 4884 641 4940 creatione
652 4881 995 4955 synagogam
1010 4891 1239 4938 matrem
1252 4878 1527 4947 sscclesiae,
1540 4877 1753 4950 requie·

172 4978 251 5033 vit
274 4978 329 5034 in
358 4977 715 5034 tabernaculo
730 4993 856 5045 suo,
869 4976 923 5034 id
938 4976 1094 5034 estin
1110 4973 1468 5033 tabernaculo
1485 4972 1710 5030 foederis
1729 4989 1746 5039 ;

172 5069 229 5126 in
252 5068 496 5126 Ecclesia
522 5077 707 5126 autem
727 5069 984 5125 similiter
1013 5082 1166 5137 nunc,
1202 5067 1259 5123 in
1287 5073 1635 5133 sacramento
1658 5064 1748 5121 sui

174 5162 442 5232 eorporis.
490 5160 629 5218 Cum
660 5162 828 5217 etiarn
856 5178 956 5234 per
985 5176 1180 5218 omnes
1230 5159 1515 5225 mulieres,
1541 5157 1611 5214 de
1638 5173 1749 5230 qua

176 5264 516 5321 nasceretur,
559 5256 721 5326 quasi
777 5255 1090 5326 quaesisset,
1150 5253 1400 5312 selectim
1449 5252 1750 5324 assumpsit

173 5347 276 5404 sibi
306 5345 568 5414 Mariam3
598 5346 819 5404 undeet
853 5346 1138 5402 benedicta
1172 5344 1375 5402 dieitur
1409 5344 1465 5400 in
1500 5343 1748 5400 mulieri·

177 5438 314 5496 bus:
350 5446 406 5495 et
427 5445 561 5495 tunc
587 5454 687 5510 per
711 5436 979 5509 Spiritum
1018 5447 1271 5496 sanetum
1305 5437 1455 5493 intus
1493 5435 1749 5509 praecepit

177 5531 253 5588 illi
277 5532 346 5588 de
368 5538 687 5602 contemptu
717 5531 1124 5589 commistionis
1158 5528 1422 5598 earnalis,
1452 5528 1521 5586 de
1560 5543 1748 5584 amore

177 5623 528 5698 virginitatis,
556 5631 610 5678 et
639 5638 734 5695 per
764 5624 1155 5696 archangelum
1181 5623 1493 5682 Gabrielem
1529 5622 1666 5680 dixit
1696 5622 1744 5680 ei

489 5718 762 5782 Pataui..
798 5717 1071 5784 cxciv.

1836 2036 2054 2103 floreat,
2089 2038 2308 2094 tandem
2345 2038 2737 2094 eradicabitur.
2779 2035 2968 2107 Neque
3007 2036 3153 2091 enim
3187 2035 3311 2092 Filii
3336 2047 3423 2091 cst

1841 2126 1976 2182 dare
2034 2142 2289 2199 regnum,
2346 2127 2450 2183 nisi
2501 2128 2703 2200 quibus
2750 2137 3003 2198 paratum
3053 2135 3138 2182 est
3184 2142 3216 2182 a
3260 2125 3423 2182 Patre

1840 2220 2064 2291 (Manli.
2097 2224 2214 2293 xx).
2248 2220 2366 2278 Non
2394 2223 2562 2294 igitur
2602 2223 2916 2295 ubicunque
2957 2222 3222 2294 sapientia
3265 2223 3421 2278 babi-

1842 2319 1943 2379 tat,
1970 2311 2354 2381 haereditatum
2384 2329 2484 2370 nec
2511 2314 2825 2385 ubieunque
2852 2314 3224 2380 haereditatur,
3257 2315 3424 2371 mittit

1840 2403 2078 2460 radiceS.
2134 2404 2346 2460 Cadent
2390 2404 2537 2461 enim
2577 2405 2646 2460 ab
2707 2404 3019 2460 ltaereditate
3054 2405 3224 2472 mille,
3273 2405 3424 2460 etde

1840 2494 2159 2550 habitaculo
2184 2496 2373 2550 decem
2405 2495 2616 2562 millia;
2657 2495 2722 2549 ad
2775 2497 2980 2550 electos
3009 2509 3142 2551 vero
3186 2509 3294 2549 non
3325 2511 3423 2567 ap-

1839 2585 2352 2656 proximabitruina
2381 2605 2393 2641 ε
2421 2587 2699 2657 generatio
2722 2586 2868 2641 enim
2893 2584 3133 2643 eoelestis
3162 2595 3425 2658 tanquam.

1841 2677 2000 2732 radix
2048 2676 2349 2734 fortissima
2388 2688 2674 2735 conservat
2722 2693 2842 2735 θος.
2886 2677 3003 2747 vet,
3049 2677 3096 2734 si
3136 2679 3330 2749 placet,
3369 2679 3424 2734 i.t

1843 2772 2041 2829 activis
2070 2773 2303 2840 habitat,
2331 2774 2450 2845 qui,
2485 2772 2848 2844 supplantatis
2879 2772 3044 2840 vitiiS,
3070 2771 3230 2828 bonis
3254 2773 3421 2829 desu-

1842 2863 1977 2919 dant
2007 2865 2062 2919 in
2103 2865 2400 2935 operibus;
2452 2864 2593 2920 etin
2633 2863 3070 2934 contemplativis
3109 2863 3224 2933 jain
3263 2865 3423 2934 qnasi

1845 2955 2220 3022 haereditatur,
2255 2958 2355 3029 qui
2383 2958 2582 3013 bonam
2606 2966 2816 3028 partem
2841 2957 3140 3026 elegerunt,
3170 2971 3292 3028 quae
3313 2971 3422 3010 non

1843 3047 2126 3104 auferetur
2149 3049 2222 3105 ab
2247 3049 2351 3107 eis.
2374 3050 2434 3105 ln
2463 3050 2713 3120 utrisque
2756 3064 2885 3105 vero
2925 3049 3114 3106 electis
3140 3050 3305 3106 mittit
3335 3067 3418 3105 rn-

1843 3138 1996 3194 dices
2020 3139 2311 3210 sapientia,
2334 3156 2456 3212 quae
2480 3151 2671 3196 contra
2700 3155 2918 3195 omnem
2945 3140 3206 3211 impetum
3238 3142 3422 3197 etvini

1843 3240 2134 3288 vextorum
2164 3241 2476 3288 servaverat
2515 3241 2800 3304 utrosque.
2841 3231 2909 3289 Et
2937 3235 3240 3290 secundnm
3279 3235 3426 3289 bunc

1845 3323 2072 3379 modum
2105 3331 2317 3380 caeterae
2365 3323 2770 3392 distinctiones,
2822 3325 3109 3382 ordinibus
3147 3326 3272 3382 licet
3302 3341 3428 3397 per-

1846 3414 2098 3482 nntatiS,
2143 3414 2303 3470 facile
2341 3424 2600 3471 currunt.
2651 3414 3043 3472 Verumtamen
3094 3418 3150 3473 in
3182 3416 3428 3475 Ecclesia

1847 3505 1996 3560 actio
2047 3512 2102 3560 et
2148 3506 2544 3577 contemplatio
2593 3507 2718 3563 duae
2760 3508 2907 3575 vitae,
2957 3506 3013 3563 in
3059 3505 3232 3565 Maria
3281 3509 3428 3566 eirea

1846 3592 2131 3648 Christum
2162 3592 2275 3649 duo
2305 3595 2630 3665 plenissima
2656 3595 2877 3653 officia:
2914 3597 2967 3652 in
3009 3597 3241 3672 singulis
3267 3600 3431 3657 nobis

1848 3682 2159 3737 utilissima}
2179 3686 2617 3753 permutationes
2642 3695 2698 3741 et
2725 3675 3135 3767 vicissitudines
3177 3706 3430 3747 neeessa-

1848 3771 1963 3827 riae.
1996 3771 2154 3839 Quod
2184 3772 2330 3829 enim
2363 3785 2514 3831 caret
2540 3777 2748 3831 alterna
2781 3776 2992 3848 requie,
3017 3780 3230 3834 interim
3263 3783 3429 3838 dura-

1847 3865 1957 3922 bile
1978 3880 2090 3921 non
2120 3875 2224 3921 cst.
2270 3865 2428 3934 Quod
2459 3868 2595 3924 etin
2640 3869 2801 3925 nobis
2839 3869 3137 3940 adimplere
3173 3873 3428 3944 dignetur

1849 3973 1949 4028 per
1978 3957 2427 4016 intercessionem
2457 3959 2630 4015 beatae
2650 3958 2836 4014 Mariae
2862 3960 3116 4017 Christus
3142 3979 3156 4017 ε
3182 3963 3276 4034 qui
3303 3980 3425 4018 cnut

1848 4048 2012 4105 Patre
2040 4057 2095 4104 et
2144 4049 2351 4121 Spiritu
2396 4062 2591 4108 saneto
2631 4052 2768 4108 vivit
2816 4062 2869 4108 et
2901 4063 3090 4122 regnat
3139 4052 3300 4124 DeuS,
3335 4072 3430 4126 per

1850 4140 2039 4221 omnia
2071 4142 2272 4198 saecuta
2296 4143 2647 4200 saeculorum.
2677 4143 2873 4201 Amen.

2451 4240 2684 4299 sentio
2722 4241 2833 4299 Lu.

2352 4350 2406 4391 ut
2441 4350 2620 4392 nonsit
2656 4351 2826 4393 πετο
2865 4352 2923 4392 ιι.

1924 4429 2059 4495 Quoe
2083 4437 2163 4483 est
2185 4429 2310 4496 ista,
2337 4443 2456 4499 quoe
2494 4429 2732 4483 ascendit
2760 4429 2825 4484 de
2851 4429 3078 4497 deserto,
3109 4431 3317 4486 deliciis
3344 4435 3431 4504 af·

1851 4518 2045 4589 fluens,
2091 4519 2275 4574 innixa
2324 4534 2482 4587 super
2535 4518 2789 4573 dilectum
2818 4535 2972 4574 suum
2991 4522 3017 4575 ,⁹
3067 4520 3248 4590 (Cant.
3283 4530 3427 4586 vin.)

1852 4607 2048 4666 Ferme
2111 4610 2166 4665 in
2230 4608 2502 4680 principio
2568 4608 2907 4679 epithalamii
2973 4609 3136 4679 hujus
3205 4590 3428 4682 apparet

1852 4700 2044 4756 nescio
2070 4715 2196 4772 quae
2229 4700 2524 4767 mirabilis,
2551 4700 2709 4771 quasi
2751 4701 2806 4754 in
2836 4701 3055 4756 deserto
3090 4702 3305 4772 iacenS,
3339 4721 3429 4760 ar-

1851 4791 1991 4848 dens
2016 4799 2071 4846 et
2113 4789 2360 4860 fumans,
2420 4790 2602 4862 ignem
2649 4791 2704 4846 in
2742 4806 2801 4846 se
2847 4791 3089 4848 retinens
3126 4796 3424 4860 occultunt,

1853 4885 2067 4943 sumum
2094 4901 2319 4943 sursum
2346 4884 2591 4955 dirigens
2620 4883 2995 4953 manifestum,
3029 4895 3287 4958 tanquam
3318 4891 3430 4943 vir·

1854 4977 2060 5050 gulam,
2087 4973 2427 5032 odoriferum
2450 4990 2691 5046 quoque,
2715 4984 2976 5047 tanquam
3000 4993 3065 5033 ex
3089 4979 3429 5036 aromatibus

1854 5068 2091 5143 myrrhae
2111 5076 2167 5124 et
2188 5067 2388 5135 thuris,
2415 5076 2469 5123 et
2497 5066 2741 5123 universi
2771 5066 3016 5138 pulveris
3045 5069 3423 5140 pigmentarii:

1850 5162 1920 5220 de
1943 5176 2053 5235 qua
2077 5161 2281 5218 dicitur
2307 5180 2321 5217 ε
2355 5159 2489 5227 Qua
2506 5170 2583 5216 est
2622 5161 2752 5229 ista,
2785 5177 2906 5233 quta
2943 5163 3181 5217 ascendit
3209 5179 3304 5234 per
3336 5164 3459 5242 deg

1850 5262 2074 5320 sertam,
2096 5253 2236 5310 sicut
2263 5254 2472 5325 vit-qula
2507 5254 2681 5326 santi?
2702 5251 2886 5326 (Cavit.
2919 5256 3024 5324 tn.)
3052 5252 3109 5308 ln
3135 5268 3426 5326 progressu

1851 5361 1984 5403 vero
2012 5345 2119 5401 alia
2148 5345 2426 5417 quaedam,
2452 5355 2550 5402 aut
2592 5344 2828 5402 tortasse
2873 5354 3095 5416 propter
3118 5344 3424 5417 profectum

1850 5437 2071 5495 virtutis
2092 5437 2308 5507 eadem,
2329 5454 2449 5510 quoe
2459 5436 2574 5510 jam
2595 5453 2913 5510 consurgens
2935 5439 3298 5509 proqreditttr,
3326 5454 3427 5494 nec

1850 5539 1963 5587 tota
1987 5529 2172 5586 statim
2194 5530 2341 5587 clara
2371 5538 2468 5587 aut
2495 5531 2703 5596 lucida,
2721 5529 2816 5586 sed
2845 5530 3000 5601 quasi
3020 5547 3218 5585 aurora
3240 5530 3423 5598 (Cant.

1850 5622 1952 5694 vt),
1984 5636 2106 5693 qna:
2137 5622 2204 5680 de
2232 5622 2469 5680 confinio
2490 5622 2667 5680 noctis
2689 5609 2884 5680 diescit
2917 5622 2971 5677 in
2997 5621 3198 5678 claram
3225 5622 3419 5678 iucem.

3036 5715 3114 5780 59
