3892 6067
125 223 179 282 557
256 220 550 313 COllliEllelllUli
567 214 602 280 tlt
620 173 791 282 esibiles.
810 256 846 266 -
857 223 951 284 rins
965 224 1013 295 ll,
1030 222 1077 282 EX
1096 223 1262 284 EONOR10.
1281 255 1317 269 ·-
1335 223 1434 283 esst.
1454 222 1611 283 cxxxviii
1712 224 1766 283 338

125 346 180 402 est,
193 346 329 411 praecepta
343 337 411 396 Novi
427 337 595 399 Testamenti
609 344 671 399 dedi
694 343 837 414 apostolis,
850 358 921 414 quos
935 346 958 403 A
972 353 1064 398 natur.
1079 342 1169 398 dotus
1190 344 1322 414 flnctuum
1334 352 1399 399 sunt
1411 341 1577 399 tentationes
1591 343 1763 414 persecutio-

122 431 205 503 elegi.
225 430 260 486 Et
274 431 328 487 boc
351 432 447 489 dixisti
467 453 475 490 ε
493 434 590 491 durari
615 434 701 490 Dauid
724 452 798 490 seruo
816 451 882 501 neco,
894 433 922 490 id
973 451 1051 503 num,
1077 450 1149 507 quos
1163 432 1291 492 Christus
1307 437 1425 507 mitigat,
1456 450 1490 490 ne
1505 434 1621 490 saeuiens
1643 434 1764 504 procella

122 534 165 581 cst
180 522 299 579 tirmiter
323 524 438 594 promisi
451 524 565 582 Christo
583 527 618 582 de
631 525 718 583 David
735 526 828 598 genito
852 524 921 580 mihi
971 543 1067 584 servos
1077 542 1144 582 suos
1160 526 1271 593 obruat,
1287 542 1340 582 non
1353 542 1388 582 ex
1402 535 1459 582 toto
1476 524 1575 591 aufert,
1591 525 1765 597 nemartyri·

122 617 279 689 peremnia
294 616 443 674 obedienti.
971 617 1024 673 bus
1034 631 1165 674 coronant
1178 615 1292 673 adimat.

162 707 245 765 lens.
257 708 285 765 5.
297 706 384 780 Usque
392 710 419 764 in
430 718 558 765 scurnum
568 710 724 781 praeparabo
737 726 826 766 semen
834 718 919 773 tuum,
1008 707 1092 765 Vens.
1108 710 1152 765 ιι.
1167 708 1206 764 Tu
1222 709 1371 766 humiliasti
1395 711 1464 766 sicot
1483 711 1650 766 uulneratum
1671 727 1764 782 super·-

122 794 150 860 i't
167 809 211 858 est
222 799 407 868 Christianos,
423 810 487 857 tuos
501 817 634 873 sequaces
644 801 741 858 luciam
754 801 781 855 in
793 809 920 856 aeternum
971 802 1044 866 bum,
1056 803 1085 855 in
1098 801 1206 856 brachio
1221 801 1386 856 uirtutistuoe
1398 800 1548 872 dispersisti
1558 802 1680 856 inimicos
1691 812 1761 858 tura.

122 892 235 950 durare.
252 892 289 947 Et
303 893 443 962 edificabo
454 894 483 946 in
502 894 670 964 persecutione
681 901 706 947 et
725 892 919 963 generationem
971 889 1030 947 llnc
1043 899 1161 946 tractum
1181 898 1223 946 est
1237 890 1271 945 de
1283 889 1436 957 Pharaone,
1448 905 1529 961 quem
1544 891 1693 961 superbum
1705 908 1764 946 mu·

121 986 311 1053 adsumam,
327 986 381 1041 boc
398 993 449 1051 est,
470 983 620 1040 Ecclesiam
642 999 675 1040 ex
697 984 767 1038 riuis
782 983 919 1055 lapidibus
969 986 1036 1051 reis,
1063 985 1138 1040 ranis
1154 993 1181 1039 ει
1202 983 1264 1039 aliis
1289 983 1431 1038 vermibus
1452 983 1617 1051 vulneravit,
1633 986 1763 1042 bumilia-

121 1076 279 1144 aediileabo,
298 1078 326 1132 in
337 1091 392 1147 qua
407 1087 473 1132 tune
487 1073 544 1131 lies
557 1075 666 1132 sedebis
682 1075 709 1129 in
721 1084 864 1132 aeternum.
969 1076 1024 1144 nit;
1041 1076 1167 1132 inimicos
1191 1091 1257 1133 suos
1272 1074 1417 1147 ‚Egyptios
1435 1075 1575 1146 dispersit,
1590 1077 1655 1133 dum
1672 1079 1763 1135 tincti-

158 1169 332 1241 Diapsalmu.
346 1168 456 1241 Regalis
469 1167 589 1239 potentia
599 1167 701 1223 Christi
713 1170 846 1239 sequitur,
858 1185 919 1241 quae
969 1169 1022 1224 bus
1035 1169 1120 1223 maris
1133 1168 1277 1224 immersit.
1291 1167 1431 1238 Superbus
1443 1176 1485 1223 εει
1495 1168 1632 1237 diabolus,
1645 1171 1692 1242 qui
1706 1172 1763 1227 ela-

121 1262 219 1317 multis
241 1261 370 1318 laudibus
385 1261 529 1328 attollitur.
552 1259 737 1316 Praecedentia
751 1260 785 1316 ad
798 1260 917 1330 Patrem,
969 1261 1011 1317 ris
1025 1261 1116 1316 crucis
1132 1259 1234 1316 Christi
1251 1259 1392 1315 sanciatus
1412 1259 1438 1314 in
1453 1260 1549 1330 spoliis
1570 1269 1612 1318 est
1630 1263 1761 1319 lrcmilia-

121 1354 269 1425 sequentia
285 1353 442 1409 referuntur
452 1354 486 1409 ad
504 1350 616 1407 Filium.
968 1360 1024 1408 tus.
1046 1350 1109 1408 iden
1125 1350 1214 1405 dixit:
1231 1349 1308 1405 Sicut
1330 1349 1509 1416 crtlrteratam,
1529 1351 1595 1422 quia
1613 1369 1761 1423 percussus

158 1443 243 1502 Vens.
255 1445 283 1501 6.
296 1444 499 1514 Confitebuntur
509 1444 568 1499 cuii
578 1443 714 1498 mirabilia
726 1453 783 1512 tau,
795 1444 916 1501 Domine.
968 1453 1011 1500 est
1035 1444 1130 1500 dolore
1146 1443 1171 1498 in
1189 1451 1291 1508 mente,
1306 1458 1359 1495 non
1382 1457 1475 1509 earne,
1490 1457 1572 1512 qnam
1598 1445 1759 1502 nonhabet.

119 1538 198 1606 eati,
224 1538 250 1593 id
274 1546 317 1594 εει
338 1537 466 1609 apostoli,
487 1538 515 1592 in
536 1537 638 1607 quibus
653 1536 844 1594 misericordia
869 1553 918 1608 per
968 1533 1020 1601 Qui
1035 1539 1100 1602 ergo
1118 1534 1253 1603 superbus
1268 1532 1303 1586 ab
1314 1531 1443 1587 omnibus
1457 1533 1566 1604 popidis
1578 1544 1607 1590 ut
1620 1535 1692 1592 Deus
1707 1539 1760 1594 coli

119 1629 301 1701 Evangelium
316 1627 419 1685 Christi
442 1629 685 1694 estadiucaraes
703 1628 844 1700 inquibus
868 1645 917 1700 per
967 1626 1065 1690 veluit,
1082 1642 1130 1697 per
1152 1625 1292 1681 Christum
1307 1626 1471 1682 humiliatus
1491 1638 1544 1694 est,
1573 1631 1758 1700 qnandncos,

120 1720 257 1794 Spiritum
278 1730 404 1778 sanctum
422 1730 465 1778 est
479 1731 641 1793 praeparata,
656 1722 708 1794 ipsi
722 1724 915 1793 confitebuntur
966 1720 1014 1790 qui
1039 1735 1152 1791 regnum
1167 1720 1228 1789 ejus
1251 1729 1339 1786 erant,
1356 1721 1458 1777 amisit.
1473 1720 1505 1775 ln
1520 1720 1628 1778 brachia
1653 1725 1760 1780 uirtutis

119 1814 259 1870 mirabilia
279 1825 336 1880 tna,
349 1813 471 1881 Drmine,
486 1813 513 1868 id
528 1826 570 1869 est
584 1813 735 1870 laudabunt
751 1813 839 1885 signa,
854 1828 916 1883 quae
967 1822 1023 1867 tuae
1034 1811 1185 1880 dispersisti
1201 1811 1323 1866 iuimicus
1339 1820 1409 1878 tuos,
1427 1811 1453 1868 id
1469 1820 1511 1867 est
1530 1810 1641 1869 tureos
1656 1830 1704 1883 per
1718 1824 1761 1872 to·

119 1906 250 1963 facturus
262 1923 303 1975 es,
315 1905 435 1964 Christe.
452 1905 558 1961 Etenim
582 1908 718 1961 ceritatem
736 1915 809 1960 traam
820 1907 849 1960 in
860 1904 914 1961 Ec·
966 1910 1024 1957 tnnr
1037 1902 1131 1958 orbem
1149 1901 1176 1955 in
1193 1901 1296 1972 potenti
1312 1903 1411 1960 virtute
1428 1915 1484 1960 tus.

118 2000 205 2055 etesia
217 2009 379 2067 sanctarum,
403 1998 429 2055 id
446 2010 487 2056 est
499 2000 698 2070 promissiones
712 2009 773 2056 tuas
790 2015 870 2056 veras
888 2006 915 2055 ct
1002 1991 1084 2048 Vens.
1106 1992 1150 2061 ιι,
1165 1991 1208 2057 li.
1223 1991 1266 2046 li·
1290 1990 1416 2049 laisum
1435 1995 1504 2061 aeti,
1516 2005 1542 2051 et
1556 2005 1602 2051 aaa
1619 2008 1657 2053 est
1672 2008 1756 2062 terra.

118 2094 199 2164 signa
216 2093 406 2163 ppaedicabppt
430 2093 456 2147 in
473 2091 684 2164 congregatione
703 2100 873 2158 sanctorum,
887 2100 914 2146 et
964 2083 1052 2138 orbem
1067 2093 1144 2139 ierroe
1161 2094 1185 2138 ει
1197 2083 1385 2156 piettt'lttdt‘ttem
1401 2086 1457 2156 ejttt
1473 2088 1759 2161 ittsttttdatit',ttqtt'io·

119 2183 174 2238 hoc
190 2181 396 2238 annuntiabunt
410 2183 483 2254 quod
496 2182 590 2237 nullus
602 2183 649 2237 tibi
666 2181 765 2238 similis
778 2181 823 2236 sit,
965 2192 1022 2230 trem
1042 2185 1068 2230 ei
1087 2192 1159 2230 tltttre
1178 2186 1206 2231 tu
1219 2179 1326 2232 tredsit'.
1347 2175 1410 2234 Haec
1425 2178 1506 2235 verba
1528 2189 1613 2237 tracia
1639 2194 1703 2239 suut
1725 2185 1759 2241 de

155 2271 240 2328 Vens.
254 2271 280 2327 7.
303 2272 435 2338 Quoniam
456 2274 515 2344 quis
531 2255 682 2327 inpubibus
697 2271 912 2343 aequabiturDo-
963 2267 1102 2323 creatione
1113 2268 1219 2335 mundi,
1232 2268 1297 2339 quia
1313 2268 1341 2324 in
1354 2268 1465 2327 Christo
1477 2281 1542 2328 sunt
1556 2276 1647 2330 omnia
1663 2277 1758 2333 eundi-

117 2366 211 2420 mino?
231 2363 282 2420 ttic
299 2363 420 2421 Trinitas
442 2365 591 2430 inducitur,
615 2373 645 2420 nt
661 2373 717 2420 tota
742 2365 793 2419 ista
807 2365 868 2421 iaus
879 2364 913 2420 dc
964 2368 1002 2424 ιι,
1017 2374 1078 2429 (tuae
1089 2359 1115 2413 5¹¹
1134 2358 1211 2415 0⁰³¹ss
1222 2357 1263 2414 l'ssl
1275 2358 1303 2413 5¹¹
1322 2368 1394 2415 bella
1408 2370 1482 2428 sunl·
1497 2363 1614 2421 visibilia
1625 2375 1652 2422 cl
1664 2367 1759 2425 invisi-

117 2453 256 2511 'lrinitate
268 2454 443 2527 intelligatur.
461 2453 553 2509 Nubes
566 2463 631 2510 sunt
642 2454 791 2526 prophetae,
802 2453 835 2510 dc
847 2455 907 2524 qui·
962 2450 1039 2506 bilia.
1055 2449 1121 2506 Coeli
1143 2460 1208 2506 sunt
1218 2451 1346 2522 apostoli,
1358 2452 1406 2523 qni
1429 2465 1494 2510 sunt
1507 2454 1621 2524 Christi,
1633 2459 1668 2514 ab
1682 2475 1715 2516 ee
1729 2462 1757 2517 in

116 2547 172 2603 bns
195 2545 313 2602 ssrrxerat
334 2545 425 2617 pluria
448 2546 520 2602 ritae.
545 2544 614 2613 Quis
629 2545 657 2600 in
678 2546 722 2601 bis
735 2544 849 2616 aequalis
862 2542 913 2599 iuit
963 2541 1111 2599 uirtutibus
1126 2543 1261 2612 splendidi
1280 2544 1355 2600 lacti.
1372 2543 1454 2600 Terra
1474 2555 1516 2602 est
1527 2526 1647 2605 Ecclesia
1660 2551 1693 2606 de
1706 2550 1757 2607 ln·
1801 2559 1812 2568 '

116 2636 234 2692 Domino
250 2636 468 2694 PotriiNullus.
480 2637 536 2693 Aut
548 2640 612 2709 quis
626 2637 722 2692 similis
737 2637 787 2691 erit
798 2635 912 2690 Druriua
961 2639 1028 2696 dreis
1043 2654 1186 2705 conversa,
1199 2648 1292 2695 aratro
1310 2637 1449 2712 Evangelii
1466 2641 1584 2698 exculta.
1601 2641 1667 2710 Qnae
1683 2661 1758 2702 nrrne

116 2729 188 2786 Filio
203 2732 232 2785 in
242 2728 308 2800 filiis
322 2729 380 2798 liei,
397 2730 480 2786 idest
495 2731 521 2786 in
537 2731 682 2801 apostolis,
709 2730 756 2802 qui
774 2739 839 2786 sunt
860 2730 911 2786 acl·
961 2740 1004 2789 est
1018 2731 1132 2799 Christi,
1143 2731 1206 2803 qnia
1219 2748 1281 2788 eum
1297 2733 1372 2798 colit,
1386 2742 1413 2788 ει
1432 2733 1528 2805 legalia
1550 2735 1576 2789 in
1590 2736 1756 2792 sacrificium

116 2825 206 2896 uptini
225 2823 273 2878 lilii
290 2822 347 2890 lici,
362 2824 519 2880 colraeredes
531 2825 607 2894 regni
620 2825 699 2895 ejus?
712 2822 820 2881 Nullus.
961 2823 1088 2879 mutavit.
1111 2822 1189 2878 Orbis
1213 2832 1344 2876 terrarum
1367 2829 1409 2877 est
1426 2823 1557 2879 circuitus
1573 2824 1756 2882 Ecclesiarum

151 2914 272 2972 l'rns.8.
283 2915 910 2986 lleur,quiplorifiaaturiuconciliasanctoram,
962 2913 996 2969 de
1012 2912 1142 2969 omnibus
1162 2912 1286 2981 gerentibus
1305 2927 1510 2979 couversarum,
1527 2916 1606 2986 cirins
1619 2915 1757 2987 pierritudo

116 3010 224 3068 seilicet
243 3007 362 3080 Spiritus
381 3019 494 3065 sanetus
505 3007 674 3073 Paracletus,
690 3008 737 3080 qui
753 3009 780 3064 in
793 3024 944 3080 congre-c
961 3014 1027 3061 sunt
1048 3020 1143 3060 omnes
1167 3005 1244 3060 electi
1273 3005 1300 3059 in
1326 3003 1477 3061 Ecclesiam
1502 3008 1622 3078 gentium
1637 3010 1755 3068 collecti.

97 3099 390 3174 ¹gatietrenpostolica
405 3101 573 3167 adorandus,
588 3099 663 3155 Patri
680 3116 712 3157 ae
732 3100 804 3155 Filio
818 3116 910 3171 mqua-
961 3097 1037 3153 blanc
1055 3097 1156 3168 ipsein
1174 3097 1226 3151 lide
1236 3106 1263 3151 ει
1276 3097 1412 3166 baptismo
1433 3089 1564 3167 fundarit,
1577 3116 1659 3170 quum
1686 3103 1756 3158 dile-

80 3187 95 3250 .'
113 3191 408 3264 &masmanna
421 3191 489 3247 Nam
502 3200 530 3247 et
545 3192 678 3250 Dominus
692 3191 772 3248 lesus
782 3194 910 3249 Christus
960 3192 1052 3246 ctione
1063 3199 1090 3245 ει
1108 3187 1268 3259 operatione
1279 3204 1308 3244 se
1321 3188 1407 3257 ipsam
1420 3190 1516 3245 turrim
1532 3192 1565 3244 ad
1579 3193 1679 3248 coelutn
1691 3196 1757 3252 aedi·

94 3295 183 3362 geum
199 3281 281 3339 Patre
291 3292 318 3338 et
342 3283 444 3354 Spiritu
463 3293 560 3339 saneto
574 3299 628 3337 una
646 3283 772 3339 subsistit
785 3284 910 3355 omnipe
960 3282 1036 3340 tieari
1051 3281 1155 3338 docuit.
1169 3280 1265 3352 Aquilo
1275 3289 1318 3335 est
1331 3279 1419 3336 durus
1434 3291 1541 3346 neritus,
1555 3292 1582 3338 et
1597 3283 1757 3357 intelligitur

19 3383 53 3408 ¹·
73 3365 215 3442 wa,
242 3393 353 3447 magnus
372 3387 397 3430 et
423 3375 550 3431 terribilis
566 3376 607 3430 vel
632 3377 796 3444 metuendus,
815 3387 845 3432 ut
857 3378 910 3432 alia
959 3374 1156 3440 Antichristus,
1172 3388 1245 3427 mare
1257 3387 1322 3426 uero
1338 3373 1493 3429 turbulenta
1515 3374 1575 3445 ejus
1591 3379 1754 3446 persecutio.

48 3503 64 3528 ..
98 3449 265 3526 ¹trsttslatio
286 3469 379 3535 babet,
397 3485 475 3538 super
500 3484 590 3522 omues
608 3468 654 3539 qui
678 3469 705 3523 in
724 3470 838 3523 circuitu
852 3470 910 3540 ejus
962 3464 1064 3520 llaectu
1077 3463 1183 3527 creasti,
1196 3461 1276 3516 idest
1290 3462 1383 3517 electis
1396 3462 1450 3518 tuis
1462 3463 1495 3518 ad
1508 3480 1638 3521 ceronam
1653 3483 1757 3539 praepa·

117 3572 192 3617 aunt.
208 3559 238 3615 ln
249 3558 342 3615 lrrdaea
362 3560 540 3616 cstChristns
555 3569 741 3628 conrarsatns,
754 3563 781 3616 in
797 3564 909 3618 circuita
961 3553 1095 3611 constitet
1107 3552 1311 3624 :Aquilonemet
1326 3570 1398 3606 nrare
1410 3563 1437 3608 tu
1452 3557 1558 3622 creasti,
1572 3556 1598 3611 id
1613 3566 1654 3613 est
1665 3560 1758 3615 diabo

116 3654 175 3725 ejus
192 3650 411 3708 lueruntomnes
424 3662 528 3724 gentes.
547 3651 619 3724 Ergo
629 3669 706 3722 super
717 3670 805 3708 omnes
817 3665 911 3726 gentes
961 3651 1018 3704 lum
1032 3635 1059 3704 ει
1078 3648 1138 3718 ujus
1156 3648 1278 3702 ibentbm
1302 3655 1330 3701 tu
1347 3647 1518 3718 disposuisti,
1531 3650 1596 3720 quia
1608 3667 1691 3722 opera
1707 3670 1756 3710 eo-

117 3754 161 3802 est
176 3743 237 3816 ipse
262 3753 361 3814 potens
375 3753 404 3800 ct
418 3745 592 3801 metuendus.
606 3742 656 3799 Vel
671 3753 762 3814 potens
776 3756 817 3802 εει
831 3747 858 3801 in
873 3748 911 3802 si·
961 3757 1024 3797 rum
1039 3740 1142 3797 sanctis
1157 3738 1212 3795 tuis
1234 3737 1376 3794 fructuosa
1402 3738 1501 3795 iecisti.
1516 3740 1653 3813 Quidquid
1682 3746 1755 3801 enim

117 3836 191 3910 gnis.
214 3836 344 3892 terribilis
358 3837 385 3891 in
398 3837 511 3907 judiciis
535 3854 614 3908 snper
627 3838 767 3907 apostolos
782 3847 809 3893 ει
821 3855 911 3894 omncs
961 3832 1088 3889 diabolus
1104 3846 1151 3903 per
1166 3846 1195 3885 εε
1209 3839 1237 3885 ει
1249 3846 1297 3902 per
1313 3844 1379 3885 suos
1397 3840 1536 3901 operatur,
1555 3843 1642 3890 totum
1670 3837 1698 3891 ιιι
1722 3837 1756 3892 ad

115 3935 232 3988 mutos
253 3928 300 4000 qui
315 3929 341 3982 in
358 3930 472 3984 circuita
483 3945 541 3999 epus
551 3937 624 3988 snut,
640 3927 668 3984 id
691 3928 792 3999 estqui
807 3929 833 3984 in
848 3945 912 4001 pro-
962 3923 1106 3979 utilitatem
1118 3929 1288 3987 sanctorum,
1300 3921 1409 3976 undeet
1422 3921 1480 3992 ipse
1491 3931 1518 3978 et
1531 3926 1593 3979 mali
1607 3929 1755 3983 necessarii

115 4017 223 4091 pntnuo
237 4021 298 4091 ejus
312 4036 359 4091 per
371 4021 555 4077 innocentiam
575 4020 707 4076 existunt.
961 4014 1183 4085 comprobantur.

152 4109 182 4164 ln
199 4107 316 4165 ilebraeu
327 4109 444 4166 babetur
459 4129 466 4164 :
481 4109 551 4165 Deras
567 4109 681 4180 inclytas
696 4109 724 4161 in
736 4123 834 4162 arcano
849 4126 912 4163 sun·
997 4104 1032 4159 Et
1053 4105 1117 4174 quia
1133 4106 1226 4157 umuli
1248 4103 1347 4169 iecisti,
1363 4101 1503 4159 liaberet
1522 4105 1639 4162 Heraion
1660 4111 1687 4162 in
1709 4126 1757 4164 no·

117 4208 232 4263 ctorem,
242 4199 325 4253 nimio
336 4207 362 4253 et
374 4198 501 4253 terribilis
511 4199 680 4269 sanctinum
693 4198 843 4252 incircuitu
855 4198 911 4268 ejus
961 4198 1032 4251 mirae
1045 4204 1091 4250 tua
1103 4194 1284 4249 resultabunt.
1302 4191 1407 4247 Thabor
1427 4204 1469 4250 est
1497 4213 1578 4253 mons
1604 4198 1630 4252 in
1646 4198 1756 4256 Calilaea

117 4301 191 4348 sant.
205 4292 316 4347 Sanctis
331 4301 436 4347 tantum
451 4303 514 4347 nota
531 4301 574 4347 est
597 4290 698 4346 Christi
715 4290 847 4361 potentia,
863 4294 910 4362 qul
959 4290 1038 4360 juxta
1061 4284 1208 4352 Nazareth,
1224 4284 1252 4338 in
1268 4299 1324 4355 qun
1345 4282 1473 4339 Christus
1492 4296 1555 4343 ectu
1572 4288 1756 4346 beatitudines

118 4395 255 4442 noverunt
277 4385 382 4456 iudicia
398 4385 458 4454 ejus
480 4384 632 4454 terribilia,
656 4385 701 4441 cni
727 4385 848 4441 elanrant
869 4385 912 4440 di·
926 4380 948 4435 D
962 4380 1066 4437 docuit.
1082 4376 1200 4432 liermon
1217 4382 1260 4430 est
1272 4374 1441 4431 monticulus
1453 4375 1479 4430 ir
1490 4375 1584 4433 iudaea
1597 4378 1677 4451 juxta
1693 4378 1756 4436 ior-

117 4488 212 4533 centes
230 4496 238 4532 ε
961 4474 1070 4537 danem,
1083 4471 1110 4526 in
1123 4484 1204 4541 quern
1217 4466 1350 4523 Dominus
1361 4466 1541 4548 debaptismu
1553 4469 1756 4537 aseendit,eurn

151 4569 238 4626 Vens.
251 4571 278 4626 9.
291 4568 404 4624 Danainc
417 4569 487 4624 Deus
502 4571 640 4638 uirtutum,
654 4571 713 4642 puis
733 4570 830 4626 similis
844 4570 912 4625 tibi?
963 4565 1083 4638 Spiritus
1097 4572 1208 4619 sauctus
1225 4561 1253 4616 in
1269 4561 1359 4630 specie
1381 4561 1516 4617 columbae
1536 4577 1692 4632 supereum
1708 4565 1756 4620 de·

117 4661 213 4730 Quies
233 4661 361 4715 [lominus
384 4661 509 4717 omnium
524 4671 552 4716 ct
574 4661 645 4716 Deus
664 4663 836 4734 angelorum,
850 4664 909 4734 quis
961 4656 1077 4715 scandit.
1087 4654 1193 4710 Thabor
1202 4652 1303 4710 dieitur
1314 4654 1418 4707 ueniens
1435 4651 1538 4718 lumem·
1551 4650 1678 4722 Heraion,
1690 4671 1755 4709 rna·

117 4753 145 4809 in
159 4754 267 4827 angelis
281 4754 322 4809 rel
337 4753 497 4809 hominibus
509 4761 551 4809 est
560 4753 665 4824 :similis
684 4753 733 4808 tibi
748 4754 869 4825 potentia
883 4762 911 4810 ει
962 4749 1050 4804 thema
1068 4748 1136 4819 ejus.
1149 4745 1201 4803 Per
1218 4744 1324 4800 Thabor
1339 4741 1497 4815 intelligitur
1515 4741 1637 4802 Ecclesia
1651 4745 1685 4802 dc
1703 4746 1750 4803 lu·

116 4845 238 4901 nitore?
258 4843 355 4900 Potens
377 4862 416 4910 es,
435 4844 557 4912 bomine,
574 4845 601 4899 in
623 4845 709 4918 signis
723 4854 750 4901 et
763 4845 909 4917 prodigiis,
961 4843 1038 4906 daeis,
1050 4842 1077 4897 in
1090 4856 1173 4913 qnam
1184 4838 1259 4894 uenit
1273 4851 1337 4892 uera
1350 4836 1398 4891 lux
1407 4835 1441 4891 de
1454 4837 1543 4905 eoelis,
1556 4853 1605 4909 per
1618 4855 1701 4912 quam
1720 4841 1755 4897 ii-

116 4937 252 4993 etseritas
265 4945 311 4990 tua
323 4936 473 4990 incircuitu
487 4945 544 5001 tuo,
559 4935 638 4991 idest
651 4933 782 5002 Ecclesia,
795 4934 911 5003 inenjus
961 4935 1095 4993 luminata
1111 4942 1153 4991 est
1167 4932 1225 5003 ipsa
1241 4929 1345 4985 acubus
1359 4928 1447 4983 innuen
1459 4931 1560 5003 populo
1570 4933 1757 5005 gentium,'qoi

117 5029 210 5085 medio
227 5028 336 5097 existis,
347 5028 392 5085 eui
407 5027 499 5084 omnia
515 5044 580 5084 nera
594 5044 643 5099 per
660 5028 755 5095 coelos,
771 5030 910 5098 apostolos
962 5028 1076 5086 sedehat
1087 5028 1115 5083 in
1128 5025 1247 5081 tenebris
1265 5022 1432 5080 infidelitatis
1445 5031 1472 5080 ει
1486 5026 1584 5081 umbra
1598 5028 1705 5082 mortis.
1720 5024 1758 5081 De

116 5111 279 5184 exhibuisti,
291 5135 353 5191 quae
362 5134 411 5191 per
425 5119 521 5186 nubes,
537 5119 685 5190 prophetas
699 5119 862 5190 promisisti.
877 5118 911 5175 Et
961 5119 1100 5191 primitiva
1112 5118 1213 5189 quippe
1225 5115 1348 5173 Ecclesia
1361 5115 1436 5172 venit
1448 5116 1541 5172 lumen
1552 5117 1675 5173 veritatis
1689 5132 1757 5186 gerr-

117 5227 178 5283 quae
192 5210 271 5283 signa
286 5219 410 5283 potenter
423 5210 515 5278 iaciat,
530 5211 615 5266 dicit:
961 5213 1047 5269 tibus.
1061 5210 1114 5267 Per
1127 5210 1245 5266 llernton
1257 5209 1417 5282 designatur
1434 5206 1556 5265 Ecclesia
1567 5209 1602 5264 de
1618 5208 1755 5280 gentihus,

153 5299 237 5359 Tres.
252 5301 298 5357 lb.
319 5300 340 5355 T
342 5320 358 5356 a
374 5302 521 5358 dominaris
545 5303 670 5374 potestati
690 5303 783 5369 maris,
809 5313 910 5357 motam
962 5320 1024 5377 quae
1037 5314 1079 5361 est
1089 5301 1324 5358 anathematizans
1341 5301 1509 5372 aquilonem,
1523 5299 1550 5355 id
1565 5308 1608 5355 est
1617 5298 1757 5355 diabolum

117 5401 209 5449 asum
219 5396 350 5465 ductuum
363 5395 421 5466 eins
437 5405 465 5449 tn
486 5394 604 5467 mitipas.
621 5391 679 5450 lloc
694 5403 810 5450 tractum
825 5403 867 5451 est
877 5395 911 5451 de
961 5406 989 5453 et
999 5412 1081 5467 opera
1095 5394 1164 5466 ejus.
1180 5392 1285 5449 Thabor
1299 5407 1365 5463 ergo
1378 5400 1404 5446 et
1416 5390 1545 5460 Hermon,
1563 5389 1590 5446 id
1605 5400 1648 5446 est
1664 5390 1757 5447 iidcles

116 5485 244 5555 historia,
260 5485 307 5542 nbi
319 5502 396 5543 mare
414 5484 538 5542 Rubrum
552 5488 586 5543 ad
599 5486 743 5544 transitum
763 5488 854 5558 populi
866 5486 909 5543 sui
960 5488 995 5545 de
1004 5487 1106 5544 iudaeis
1119 5495 1146 5542 et
1159 5483 1297 5557 gentihus,
1306 5484 1335 5536 iu
1347 5483 1451 5538 nornine
1463 5480 1621 5538 Christiano
1635 5483 1756 5539 asculta·

115 5578 316 5650 tranquihavit.
334 5577 409 5632 liare
431 5577 567 5649 signiticat
579 5579 710 5635 εἐεεειεει
724 5578 819 5636 ιεειιιε
834 5593 910 5636 erm-
961 5579 1036 5647 bnut,
1052 5595 1086 5636 eo
1099 5578 1172 5651 quod
1195 5574 1351 5648 aquilonem
1367 5583 1394 5631 ει
1411 5589 1497 5640 mare,
1511 5574 1538 5630 id
1555 5584 1599 5632 cst
1614 5575 1754 5632 diabolum

114 5670 193 5728 ribus
209 5671 362 5742 turbidum,
376 5669 456 5743 ertjus
475 5670 656 5743 potestatibus
678 5671 805 5729 Christus
823 5671 909 5726 danii·
962 5679 992 5727 ct
1004 5669 1201 5728 Antichristum
1224 5675 1252 5726 et
1271 5665 1487 5738 persecutionem
1502 5665 1637 5725 malorum
1662 5681 1754 5725 erase-
