3892 6067
220 347 333 408 ⁸⁸3

836 347 1395 409 count-:mentum
1431 345 1500 403 ΙΝ
1537 344 1876 403 PSALMOS.
1915 375 1989 386 -—-
2022 343 2205 400 PARS
2242 338 2355 402 vn.
2396 368 2465 386 ⁴-
2499 344 2694 402 PSAL.
2736 343 2923 402 Lxxt.

3389 350 3495 405 334

221 462 415 532 populi
443 461 600 517 multi
617 461 805 532 (Apce.
828 479 962 530 xvir,
995 465 1108 534 15).
1144 482 1163 516 ι
1187 461 1295 519 Sed
1320 478 1388 518 ex
1417 463 1505 518 his
1528 462 1620 518 alii
1647 477 1811 534 super
1837 463 1887 522 A
1913 458 2034 530 lege
2062 477 2080 513 ε
2099 456 2245 513 Vere
2269 472 2426 528 “iper
2449 458 2732 528 lasbanum,
2781 460 2835 515 id
2869 467 2955 516 08²
2980 475 3147 533 super
3177 452 3494 522 saecularem

218 552 547 620 firmamenti
585 552 915 609 soliditatem
947 553 1030 610 sie
1072 563 1328 622 manent,
1351 564 1411 610 ut
1433 555 1640 612 similes
1661 555 1811 612 inve-

219 643 450 697 niantur
500 642 710 698 bomini
757 643 1050 700 aedillcanti
1079 645 1306 701 domum
1336 661 1494 702 suam
1527 660 1690 716 supra
1718 646 1811 702 fir—

221 750 373 790 mam
412 745 621 805 petram
647 774 663 798 ,
714 754 733 786 ι
766 745 918 805 petra
962 745 1147 791 autem
1187 745 1274 793 est
1311 736 1566 793 Christus
1598 736 1650 802 (1
1681 736 1807 795 Cor.

222 842 280 893 x,
305 825 363 894 t)
395 844 417 874 ι
457 843 469 878 :
503 825 596 880 alii
622 841 753 881 vero
779 826 907 881 huic
929 827 1285 896 firmamento,
1306 827 1439 882 huic
1459 827 1630 884 llrmae
1644 837 1811 900 petrae

220 916 423 974 nolunt
458 916 640 981 inniti,
680 917 774 972 sed
813 925 995 975 tamen
1041 914 1161 987 eius
1195 918 1652 990 dispositionibus
1704 921 1810 977 mi-

219 1010 371 1064 nime
416 1018 669 1079 poterunt
696 1008 881 1065 reniti.
906 1009 972 1065 Et
998 1010 1118 1066 ideo
1165 1010 1269 1066 sub
1302 1010 1392 1067 illo
1412 1019 1673 1082 tanquam
1705 1014 1808 1070 sub

216 1100 558 1168 firntanaento
579 1100 946 1171 stringuntur,
968 1115 1071 1155 nec
1102 1116 1268 1170 super
1293 1101 1425 1157 illud
1448 1103 1633 1158 extolli
1654 1114 1812 1174 pote·

217 1199 351 1245 runt
378 1191 737 1260 quantislibet
776 1201 1096 1247 moveantur
1128 1192 1562 1263 tempestatibus,
1589 1197 1809 1267 quando

217 1281 449 1337 exaltati
498 1281 699 1338 fluetus
743 1285 1050 1340 ascendunt
1081 1299 1259 1356 usque
1283 1283 1351 1339 ad
1381 1284 1553 1341 coelos
1579 1289 1809 1346 minime

216 1380 404 1427 tamen
451 1372 698 1429 valentes
721 1374 955 1429 exaltari
980 1391 1147 1446 super
1168 1378 1359 1434 coelos.

285 1460 521 1534 Propter
552 1464 651 1520 has
682 1479 857 1534 aquas
882 1466 937 1520 in
964 1466 1158 1521 ordine
1183 1483 1286 1524 suo
1310 1468 1725 1541 distinguendas
1752 1480 1809 1526 et

213 1552 676 1624 constringendas
722 1553 825 1607 erit
856 1554 1255 1623 firmamentum
1281 1557 1333 1611 in
1359 1570 1522 1626 terra,
1543 1575 1666 1630 quae
1688 1558 1805 1630 jam

212 1659 326 1701 non
363 1653 451 1700 est
489 1645 672 1702 inanis
714 1654 768 1701 et
798 1661 968 1702 vacua
998 1666 1011 1701 :
1043 1647 1172 1718 quia
1207 1649 1263 1701 in
1299 1651 1520 1705 summis
1547 1653 1804 1705 montium

211 1735 661 1803 superextolletur
710 1751 867 1806 super
903 1735 1166 1791 Libanum
1187 1736 1393 1806 [ructus
1433 1739 1584 1808 ejus,·
1616 1751 1665 1794 et
1703 1741 1805 1811 llo·

213 1826 406 1880 rebunt
433 1827 496 1881 de
518 1828 731 1889 civitate
755 1827 894 1881 sicut
915 1827 1095 1897 fenum
1138 1837 1314 1882 terroe.
1336 1828 1574 1899 Copiosa
1607 1829 1803 1886 fertili·

215 1927 307 1974 tas
329 1928 510 1986 terrae,
542 1919 598 1974 in
623 1935 731 1991 qua
755 1935 867 1974 non
894 1920 1239 1976 solumunodo
1258 1921 1425 1976 valles
1450 1922 1806 1979 abundabunt

217 2009 523 2077 frumenta,
549 2012 646 2066 sed
666 2010 831 2066 etiam
859 2012 916 2065 in
936 2012 1157 2065 summis
1185 2013 1444 2065 niomium
1473 2011 1802 2082 superextol-

209 2100 354 2157 letur
396 2118 557 2172 super
604 2101 867 2157 Libanum
921 2102 1133 2172 [ructus
1174 2102 1310 2172 ejus.
1349 2102 1532 2171 Terra,
1559 2103 1803 2161 Ecclesia

210 2195 615 2263 firmamentum
652 2196 786 2251 lldes
816 2196 900 2251 vel
924 2195 1206 2266 Scriptura
1255 2197 1518 2252 canonica
1555 2196 1802 2253 :Montes

209 2284 393 2350 electi,
430 2289 496 2339 de
524 2286 727 2355 quibus
765 2285 902 2341 alias
942 2286 1143 2342 dicitur
1179 2306 1192 2341 ι
1229 2305 1247 2338 t
1283 2285 1660 2343 Fundamenta
1682 2288 1804 2359 ejus

210 2374 269 2430 in
322 2377 608 2433 montibus
659 2378 866 2433 sanctis
907 2376 1083 2449 (Psal.
1125 2394 1347 2444 cxxxvi,
1386 2379 1470 2447 1);
1508 2397 1528 2431 ι
1581 2377 1804 2435 Summa

210 2465 477 2518 montium
522 2465 608 2520 vel
642 2465 939 2521 eminentia
971 2467 1237 2521 virtutum
1263 2466 1317 2521 in
1356 2467 1562 2522 sanctis
1593 2469 1676 2523 vel
1705 2486 1805 2526 au-

209 2558 443 2615 ctoritas
481 2558 606 2614 adei
635 2568 690 2615 ct
721 2558 1131 2632 scripturarum
1165 2579 1177 2614 ε
1206 2559 1411 2629 [ructus
1467 2561 1521 2613 in
1571 2564 1792 2616 summis

212 2650 478 2704 montium
501 2649 744 2705 charitas
788 2659 890 2716 est,
918 2665 1085 2721 quam
1107 2649 1242 2704 dicit
1270 2647 1593 2720 Apostolus:
1635 2669 1653 2701 ι
1691 2649 1798 2706 Ex·

213 2741 592 2797 cellentiorem
624 2742 790 2810 viam,
826 2751 880 2798 et
908 2757 1073 2813 super
1115 2740 1302 2797 omnia
1353 2742 1635 2797 vinculum
1677 2758 1803 2812 per-

210 2832 471 2892 fectionis
508 2833 563 2908 (1
595 2834 720 2892 Cor.
753 2850 852 2902 xit,
889 2836 995 2902 51;
1048 2834 1225 2890 Calos.
1272 2851 1355 2902 tn,
1389 2834 1502 2906 ss).
1535 2855 1556 2889 ι
1591 2835 1696 2891 Hic
1718 2848 1803 2893 est

219 2927 459 2998 fructus,
476 2928 544 2984 de
568 2944 680 2999 quo
702 2928 909 2984 dictum
936 2935 1021 2984 est
1048 2928 1183 2999 ipsis
1207 2929 1470 2982 montibus
1485 2943 1504 2981 .·
1528 2947 1546 2980 t
1568 2928 1681 3001 Ego
1704 2946 1802 2987 vos

213 3018 358 3090 elegi
398 3019 469 3074 de
492 3020 598 3076 boc
633 3020 860 3087 mundo,
881 3029 940 3075 ut
964 3021 1100 3077 eatis
1122 3030 1176 3077 et
1197 3020 1433 3076 fructum
1466 3018 1724 3087 afferatis,
1748 3030 1803 3077 et

207 3105 431 3167 fructus
478 3121 657 3167 vester
699 3121 919 3168 mancat
945 3110 1129 3184 (loun.
1169 3130 1259 3180 xv,
1305 3114 1414 3185 16).
1447 3113 1573 3170 llaec
1599 3114 1800 3170 mando
1826 3135 1873 3199 C

206 3202 393 3270 robis,
436 3211 496 3258 ut
522 3202 759 3274 diligatis
805 3205 1039 3261 invicem
1079 3205 1256 3271 libid..
1301 3221 1392 3274 xv,
1420 3206 1534 3278 17).
1566 3225 1586 3259 ι
1617 3205 1749 3262 ltem
1781 3225 1796 3262 t

212 3313 232 3346 ι
273 3292 395 3350 Hoc
424 3303 509 3352 est
538 3308 870 3367 praeceptum
915 3313 1124 3365 meum,
1170 3309 1231 3353 ut
1274 3299 1513 3371 diligatis
1567 3300 1795 3356 invicem

207 3379 400 3457 (Joan.
429 3404 551 3455 xm,
581 3389 728 3459 51).»
761 3387 893 3445 Item
931 3408 945 3444 ε
983 3409 1001 3441 ι
1039 3390 1355 3447 Mandatum
1376 3407 1578 3446 novum
1606 3391 1679 3447 do
1702 3406 1801 3447 vo·

205 3477 320 3545 bis,
342 3486 407 3533 ut
430 3479 669 3550 diligatis
683 3479 914 3536 invicem
947 3481 1093 3537 sieut
1119 3482 1283 3537 dilexi
1302 3498 1398 3537 vos
1424 3480 1608 3552 (Ioan.
1631 3483 1750 3551 χιι).
1771 3502 1792 3535 ι

208 3565 455 3623 Fructus
491 3570 595 3626 iste
633 3585 915 3643 nunquam
957 3573 1218 3630 excidens
1257 3588 1366 3630 non
1397 3582 1605 3630 tantum
1627 3574 1799 3630 extol-

205 3655 363 3727 litur,
391 3661 489 3716 sed
530 3662 693 3717 etiam
725 3665 1178 3734 superextollitur,
1226 3665 1278 3720 id
1316 3673 1403 3722 est
1431 3666 1665 3721 multum
1702 3682 1800 3722 cx·

205 3751 425 3806 tollitur
451 3768 610 3823 super
641 3753 925 3810 Libanum.
958 3754 1194 3810 Libanus
1226 3757 1614 3827 interpretatur
1667 3773 1796 3811 can-

204 3843 446 3911 didatio,
472 3853 528 3899 et
554 3847 827 3917 significat
847 3847 1142 3918 aliquando
1170 3850 1468 3904 candorem
1512 3849 1795 3916 virtutum,

207 3935 517 4006 aliquando
541 3936 772 3994 nitorem
802 3939 1146 3994 saecularium
1172 3938 1522 4010 dignitatum.
1544 3936 1648 3995 Sed
1669 3955 1801 4010 quo-

208 4028 516 4084 modolibet
549 4029 819 4101 intelligas
857 4030 948 4086 bic
991 4028 1279 4096 Libanum,
1334 4046 1492 4098 super
1531 4030 1680 4086 hunc
1706 4047 1802 4084 ea>-

207 4118 435 4174 tolletur
459 4119 670 4176 lructus
693 4121 1001 4189 charitatis,
1024 4136 1149 4190 qnae
1177 4136 1287 4175 non
1319 4120 1495 4175 solnm
1524 4119 1796 4189 carnalia,

206 4210 494 4266 sedetiam
516 4211 783 4281 spiritalia
805 4210 899 4267 Dei
921 4211 1065 4267 dona
1081 4211 1479 4282 superexcellit.
1493 4208 1627 4264 Nam
1673 4225 1797 4266 cum

206 4301 324 4358 sint
346 4302 685 4359 charismata
725 4318 921 4374 magna
952 4303 1106 4371 fides,
1127 4318 1273 4374 spes,
1298 4302 1474 4374 major
1501 4311 1683 4357 tamen
1709 4301 1798 4358 bis

205 4405 296 4451 est
320 4396 588 4452 charitas.

1913 549 2229 616 candorem,
2254 557 2339 606 est
2362 551 2571 621 [ructus
2606 560 2780 618 terroe,
2804 551 2963 622 cuius
2992 554 3386 623 firmamentum
3409 566 3495 613 est

1913 641 2199 698 Dominus,
2223 641 2321 698 Est
2344 643 2490 699 enim
2515 645 2720 713 fructus
2744 660 2972 700 manens
3003 645 3055 701 in
3075 655 3360 703 internum.
3386 646 3491 703 Sed

1911 733 1969 789 in
1992 734 2240 790 seculari
2268 735 2509 790 candore
2531 734 2608 803 bi,
2624 735 2867 807 quisunt
2886 735 2951 791 de
2977 738 3211 802 civitate,
3230 739 3492 809 florebunt
3541 788 3559 801 ,

1909 824 2156 894 quidem,
2187 826 2279 881 sed
2301 825 2559 891 inaniter,
2594 825 2735 881 sicut
2764 826 2940 896 fenum
2965 835 3139 894 terroe,
3166 830 3298 900 quia
3319 831 3372 884 in
3402 831 3493 888 illa
3547 853 3553 859 ·

1910 913 2130 970 civitate
2150 933 2169 966 ι
2190 915 2371 970 omnis
2394 929 2523 970 caro
2546 913 2732 970 fenum
2754 924 2809 970 et
2828 917 3008 972 omnis
3026 918 3199 988 gloria
3222 919 3342 989 ejus
3367 929 3492 974 tan·

1911 1019 2080 1074 quam
2108 1004 2208 1061 llos
2237 1004 2346 1062 seni
2375 1005 2514 1076 (Isa.
2538 1024 2628 1074 ιι,
2651 1007 2729 1077 6),
2768 1027 2785 1059 i
2824 1008 3107 1079 quoniam,
3131 1009 3275 1066 sicut
3303 1010 3491 1068 senum

1909 1098 2130 1164 arescit,
2154 1107 2208 1153 et
2237 1099 2339 1155 llos
2372 1099 2495 1169 ejus
2520 1100 2742 1168 decidit,
2769 1101 2852 1157 sic
2879 1102 3157 1159 mundana
3187 1104 3360 1174 gloria
3382 1106 3493 1162 cito

1908 1188 2110 1244 delicit.
2138 1188 2370 1244 Fructus
2406 1200 2587 1246 autem
2612 1190 2760 1246 illins
2788 1200 2962 1260 terroe,
2994 1192 3051 1247 in
3087 1209 3196 1264 qua
3242 1194 3493 1265 reguabit

1909 1278 2168 1334 Salomon
2188 1278 2302 1335 Rex
2322 1281 2605 1351 pacificus,
2622 1284 2966 1353 permanebit
2986 1284 3042 1338 in
3055 1294 3343 1351 aeternum,
3362 1302 3492 1359 ergo

1979 1369 2145 1427 Vens.
2197 1371 2283 1425 17.
2339 1369 2423 1427 Sit
2460 1389 2648 1427 nomen
2674 1374 2791 1442 ejus
2826 1373 3153 1431 benedictum
3181 1378 3238 1431 in
3269 1378 3489 1444 soecula,

1907 1459 1964 1515 id
2003 1469 2089 1517 est
2125 1460 2182 1516 in
2228 1470 2515 1528 aeternum,
2544 1463 2673 1534 quia
2731 1461 2973 1519 fructum
3003 1466 3216 1522 confert
3245 1468 3299 1522 in
3334 1477 3493 1525 aeter·

1906 1566 2063 1620 num,
2090 1561 2146 1607 et
2173 1569 2363 1608 nomen
2410 1554 2524 1624 ejus
2574 1554 2645 1609 ab
2686 1562 2893 1609 aeterno
2922 1564 3007 1612 est
3033 1566 3088 1611 et
3120 1557 3174 1612 in
3201 1568 3489 1626 aeternum,

1905 1645 2170 1714 quoniam
2229 1654 2352 1699 ante
2400 1643 2565 1699 solem
2617 1655 2885 1715 permanet
2931 1664 3112 1700 neuim-n
3168 1654 3297 1718 qim
3353 1649 3489 1702 Salis

1906 1751 2073 1793 cursu
2089 1738 2502 1810 distinguuntur
2518 1747 2784 1808 tempora,
2808 1746 2864 1794 et
2894 1739 2960 1794 ida
2984 1762 3012 1790 u
3044 1758 3180 1794 rwuz
3200 1758 3293 1810 pur
3329 1746 3489 1794 aalma
3577 1726 3601 1734 ’

1907 1828 2289 1899 intelliguntur
2334 1837 2600 1900 tempora.
2632 1829 2728 1884 Est
2766 1844 2897 1903 ergo
2939 1846 3057 1882 ‹ss-*sf-
3104 1838 3261 1886 tnlsm
3305 1850 3489 1886 stantes:

1908 1919 2045 1989 ejus,
2072 1928 2128 1974 et
2156 1919 2525 1990 significatum
2554 1921 2794 1978 nominis
2833 1922 2972 1991 eius,
3000 1926 3088 1990 qui
3124 1934 3204 1978 sat
3232 1938 3489 1986 nitri-nus,

1905 2014 1999 2085 qui
2031 2022 2085 2068 et
2120 2012 2378 2082 praecedit
2406 2012 2570 2068 solem
2606 2029 2716 2069 non
2753 2023 3012 2086 tempouf,
3044 2022 3132 2070 ml
3168 2022 3485 2086 :infr-nitate,

1906 2119 2018 2159 non
2048 2113 2292 2174 tempore
2327 2108 2395 2159 'ut
2432 2104 2551 2160 dies
2590 2106 2847 2161 besterna
2893 2107 3208 2162 hurum-nani
3265 2114 3345 2162 acl
3393 2114 3493 2162 lm*

1905 2195 2097 2251 dierna
2123 2194 2442 2262 crastinam,
2480 2194 2576 2251 sed
2621 2197 2943 2267 aeternitate,
2984 2210 3032 2250 ιιι
3080 2202 3301 2254 [lm-11:511·
3337 2202 3489 2254 initia

1905 2299 2101 2342 creans
2150 2290 2457 2341 creaturam
2506 2284 2837 2356 quandoque
2890 2286 3220 2350 int-imarum„
3269 2302 3317 2342 *τι
3361 2306 3485 2342 rum

1904 2388 2053 2434 esset
2097 2375 2374 2442 informis,
2427 2374 2741 2431 formatam.
2774 2373 2856 2430 Sit
2900 2392 3087 2432 »tomen
3109 2378 3223 2447 ejus
3282 2378 3491 2435 benedi·

1905 2479 2072 2525 ctum.
2095 2467 2163 2524 Et
2209 2485 2279 2526 ne
2314 2469 2407 2523 illa
2435 2465 2748 2522 benedictio
2778 2467 3153 2551 sit-solitaria,
3184 2469 3489 2527 benedicen-

1903 2559 2062 2612 turin
2086 2559 2201 2628 ipso
2213 2575 2390 2613 omnes
2418 2559 2586 2613 tribus
2606 2567 2782 2613 terroe.
2804 2556 2922 2613 Non
2942 2558 3065 2614 dico
3093 2560 3148 2612 in
3175 2560 3304 2629 ipsis
3330 2561 3488 2631 quasi

1905 2646 1961 2701 in
1990 2647 2201 2715 multis,
2225 2648 2319 2704 sed
2357 2649 2521 2719 quasi
2565 2648 2622 2703 in
2657 2663 2772 2704 uno
2796 2648 2921 2704 dico
2953 2666 2968 2703 ε
3000 2648 3221 2718 inipso,
3264 2649 3357 2718 qui
3398 2664 3489 2705 se·

1903 2752 2030 2793 men
2070 2747 2154 2793 est
2181 2737 2437 2804 Abrabae,
2482 2738 2572 2794 cui
2619 2738 2826 2794 dictum
2867 2738 3037 2793 estin
3070 2738 3486 2807 promissione:

1907 2845 1927 2878 ι
1972 2826 2040 2883 Et
2066 2827 2454 2884 benedicentur
2486 2830 2543 2883 in
2569 2829 2781 2884 semine
2805 2837 2903 2883 tuo
2922 2842 3113 2885 omnes
3141 2828 3320 2884 tribus
3332 2836 3491 2885 terrae

1903 2917 2058 2989 (Gen.
2082 2934 2222 2987 nn,
2252 2918 2364 2991 18).
2385 2938 2405 2972 ι
2433 2918 2589 2976 Sicut
2614 2918 2949 2991 promissum
2984 2927 3090 2987 est,
3113 2927 3170 2975 et
3191 2918 3283 2974 liet
3313 2935 3492 2990 usque

1903 3010 1957 3065 in
2002 3010 2165 3066 finem
2196 3011 2404 3067 saeculi.
2436 3009 2575 3067 Nam
2609 3011 2981 3066 benedicentur
3007 3012 3065 3066 in
3088 3012 3200 3081 ipso
3223 3026 3332 3066 non
3356 3011 3490 3068 solae

1901 3099 2189 3157 duodecim
2214 3101 2392 3157 tribus
2408 3100 2604 3173 lsrael,
2614 3102 2708 3158 sed
2726 3118 2903 3156 omnes
2932 3100 3099 3156 tribus
3118 3111 3292 3158 terroe.
3311 3102 3490 3173 Atque

1903 3193 2026 3249 ideo
2052 3208 2121 3249 ex
2160 3194 2419 3250 omnibus
2449 3193 2703 3251 tribubus
2745 3211 2923 3250 omnes
2970 3205 3146 3265 pentes
3176 3196 3489 3266 magnifica·

1901 3285 2030 3340 bunt
2068 3302 2208 3353 eum,
2247 3285 2303 3341 id
2356 3294 2441 3343 est
2470 3301 2730 3358 magnum
2773 3287 2938 3343 corde
2966 3289 3189 3344 credent
3226 3288 3293 3344 ad
3316 3288 3487 3359 justi-

1900 3375 2034 3431 tiam
2063 3385 2119 3431 et
2144 3392 2241 3432 ore
2268 3377 2677 3433 confitebuntur
2702 3378 2773 3434 ad
2804 3378 3057 3434 salutent.
3078 3377 3200 3433 Dixi
3231 3396 3247 3435 ε
3278 3380 3490 3451 maqniq

1899 3470 2156 3540 ficabunt,
2198 3481 2254 3528 et
2289 3486 2392 3544 ego
2421 3471 2591 3528 David
2628 3472 2991 3544 magnificans
3015 3482 3070 3529 et
3098 3473 3487 3543 magnificandi

1899 3562 2136 3620 formam
2159 3566 2569 3636 praeostendens
2596 3564 2742 3631 aliis,
2768 3565 2825 3621 in
2847 3566 3063 3622 laudem
3094 3565 3267 3636 ipsius
3290 3581 3487 3623 secun-

1898 3661 2030 3718 dum
2068 3678 2290 3718 carnem
2319 3662 2445 3718 Filii
2484 3662 2615 3731 mei,
2640 3660 2805 3731 Regis
2833 3661 3045 3729 aeterni,
3071 3660 3234 3733 Regis
3270 3660 3488 3731 pacillei

1904 3756 2210 3813 Salomonis
2242 3756 2507 3828 hymnum
2546 3753 2617 3810 de
2645 3752 2876 3809 canticis
2920 3752 3054 3808 Sion
3104 3753 3326 3808 brevem
3369 3765 3490 3807 ser-

1911 3864 2095 3915 mone,
2135 3864 2297 3905 scnsu
2322 3846 2606 3920 grandem,
2633 3853 2822 3901 eructo
2855 3844 3042 3900 dicens

1973 3939 2138 3996 Vens»
2166 3939 2255 3995 18.
2297 3938 2618 3994 Benedictus
2642 3935 2903 3991 Dominus
2929 3934 3066 3990 Deus
3091 3935 3285 4001 Israel,
3313 3935 3365 3990 id
3393 3944 3483 3992 est

1900 4032 2169 4096 omniurn,
2218 4031 2314 4100 qui
2363 4028 2431 4085 ad
2475 4030 2582 4084 hoc
2635 4025 2886 4092 tendunt,
2917 4035 2979 4082 ut
3025 4027 3134 4084 sint
3170 4026 3364 4093 Israel,
3390 4031 3484 4098 qui

1901 4121 2033 4191 facit
2072 4119 2343 4173 mirabilia
2374 4117 2517 4173 solus
2540 4117 2761 4187 propria
2779 4117 3000 4184 virtute,
3024 4117 3140 4172 sive
3166 4132 3263 4186 per
3287 4132 3345 4171 se
3367 4117 3484 4171 sive

1899 4226 1999 4282 per
2024 4208 2159 4265 alios
2190 4209 2282 4263 illa
2314 4216 2590 4278 operetur,
2615 4222 2738 4277 quae
2775 4220 2937 4261 nemo
2981 4207 3123 4261 alius
3164 4204 3315 4273 facit,
3351 4205 3483 4276 quia

1901 4317 2064 4359 nemo
2083 4302 2201 4358 sine
2235 4301 2329 4356 illo
2358 4298 2507 4354 facit.
2534 4296 2860 4368 Quanquam
2886 4296 3036 4351 enim
3055 4295 3238 4352 dicat:
3270 4314 3289 4346 ι
3315 4293 3482 4352 Pater

1902 4396 1958 4452 in
1971 4410 2059 4451 me
2076 4392 2433 4464 manensipse
2443 4389 2576 4446 iacit
2596 4404 2765 4460 opera
2780 4387 2964 4460 (Joan.
2985 4403 3097 4455 xiv,
3113 4385 3224 4459 10),
3254 4407 3274 4440 ι
3295 4394 3480 4444 tamen

280 4487 355 4543 Et
409 4489 673 4558 florebunt
714 4491 781 4545 de
836 4490 1053 4545 civitate
1087 4491 1225 4545 sicut
1259 4491 1436 4561 fenum
1467 4501 1637 4546 terrm.
1668 4489 1800 4546 Duae
1827 4472 1873 4527 Ῑ)
1902 4488 2022 4544 sine
2052 4487 2194 4557 ipse,
2241 4484 2335 4555 qui
2368 4489 2454 4537 est
2477 4495 2697 4546 manus,
2722 4477 3032 4544 brachium,
3069 4476 3250 4532 virtus
3283 4484 3337 4531 et
3385 4490 3480 4531 sa-

208 4592 344 4641 sunt
385 4583 663 4650 civitates,
695 4582 866 4638 altera
907 4581 1027 4651 Dei,
1048 4584 1207 4654 eujus
1252 4598 1448 4639 nomen
1475 4581 1797 4652 Jerusalem,

212 4675 326 4731 alia
363 4674 608 4742 diaboli,
634 4674 796 4744 cuius
829 4688 1029 4731 nomen
1080 4674 1398 4746 Babylonia.
1446 4674 1524 4730 De
1568 4685 1799 4746 utraque

212 4768 449 4839 intelligi
480 4776 683 4838 potest,
718 4767 866 4838 quod
895 4767 1095 4823 dicitur
1127 4785 1140 4821 ι
1171 4765 1242 4820 Ει
1278 4767 1536 4837 florebunt
1580 4766 1645 4821 de
1672 4767 1801 4821 civi-

211 4874 342 4919 tate.
367 4863 448 4918 De
474 4864 691 4917 civitate
720 4861 815 4918 Dei
854 4862 936 4917 sic
964 4860 1163 4933 legitur
1195 4879 1208 4915 ε
1243 4858 1382 4916 Vere
1422 4858 1800 4930 superextolle-

211 4965 301 5009 tur
322 4971 484 5025 super
497 4954 763 5010 Libanum
792 4954 997 5024 fructus
1018 4953 1156 5023 ejus,
1180 4962 1337 5008 terroe
1362 4951 1588 5016 scilicet,
1618 4951 1672 5006 in
1689 4965 1796 5021 qua

209 5049 319 5105 erit
335 5048 758 5120 firmamentum.
776 5044 913 5102 Nam
939 5047 1036 5118 qui
1066 5055 1196 5102 sunt
1214 5046 1280 5101 de
1307 5046 1519 5101 civitate
1543 5044 1798 5116 Dei,quae

210 5151 298 5196 est
323 5138 595 5206 Ecclesia,
621 5138 880 5209 florebunt
922 5129 1231 5210 gralissime
1256 5139 1393 5193 sicut
1422 5138 1600 5208 senum
1642 5147 1798 5194 terroe

209 5229 588 5299 luctiferum,
627 5229 770 5287 sicut
799 5238 883 5285 est
906 5230 1086 5300 [enum
1130 5227 1412 5291 frumenti.
1435 5227 1582 5297 quod
1611 5226 1666 5281 in
1691 5225 1796 5283 Ge-

211 5323 337 5379 nesi
385 5323 591 5379 dicitur
626 5323 827 5392 senum,
867 5321 961 5377 ubi
1011 5320 1210 5392 legitur
1243 5338 1257 5375 ;
1298 5337 1317 5370 e
1354 5317 1625 5375 Producat
1653 5328 1796 5374 terra

210 5428 385 5470 omne
411 5413 648 5486 lignum,
669 5420 725 5468 et
746 5427 911 5468 omne
934 5412 1120 5468 lenum
1139 5411 1291 5484 (Gen.
1319 5427 1358 5476 r,
1389 5411 1499 5480 11).
1536 5429 1555 5462 ι
1593 5410 1652 5465 ln
1677 5410 1796 5480 seno

207 5508 364 5581 enim
404 5505 744 5563 trumentum
794 5506 1080 5577 accipitur,
1111 5505 1241 5577 quia
1269 5503 1337 5560 de
1372 5504 1648 5560 frumento
1675 5512 1800 5574 post

208 5580 334 5658 nme
358 5601 532 5657 verba
572 5599 709 5656 nibil
734 5599 950 5670 adjecit.
985 5597 1193 5654 Civitas
1216 5611 1350 5653 vero
1378 5597 1563 5653 saeeuli
1593 5605 1696 5663 est,
1731 5596 1799 5651 de

204 5708 322 5762 qun
342 5692 402 5748 ln
420 5691 623 5750 Genesi
642 5691 843 5749 dicitur
866 5690 1017 5762 (Gen.
1045 5706 1120 5756 tv,
1145 5689 1257 5759 17),
1281 5687 1430 5759 quod
1454 5688 1587 5743 Cain
1611 5688 1799 5744 condi·-

204 5785 292 5841 ἁλι
313 5787 612 5854 civitatum,
637 5784 799 5856 euim
823 5783 993 5856 gloria
1025 5782 1167 5839 sicut
1196 5779 1297 5837 llos
1327 5778 1458 5837 seni.
1491 5777 1566 5836 De
1593 5780 1694 5835 bac
1723 5781 1797 5835 ita

1899 4579 2100 4652 pientia
2129 4576 2330 4643 Patris,
2362 4588 2463 4630 nec
2487 4571 2651 4628 Pater
2692 4569 2826 4625 facit
2852 4566 3059 4637 aliquid
3107 4579 3209 4621 nec
3239 4563 3481 4634 Spiritus

1898 4671 2101 4736 Patris,
2135 4669 2231 4740 qui
2258 4677 2313 4723 et
2341 4665 2582 4736 Spiritus
2610 4661 2732 4731 ejus
2760 4667 2863 4722 est,
2899 4657 3028 4728 quia
3060 4655 3294 4711 indivisa
3349 4661 3481 4713 sunt

1900 4776 2068 4824 onera
2102 4773 2332 4816 summae
2352 4753 2659 4811 Trinitatis.
2685 4749 2843 4803 Facit
2865 4760 2999 4818 ergo
3020 4746 3288 4802 mirabilia
3308 4745 3476 4813 solus,

1898 4868 2001 4910 nec
2029 4862 2211 4908 tamen
2244 4845 2546 4910 solitarius,
2575 4841 2706 4912 quia
2729 4839 2894 4894 bomo
2908 4847 3223 4909 assumptus
3254 4835 3311 4892 in
3340 4833 3477 4892 Ver·-

1899 4943 2053 5008 bum,
2080 4940 2227 5011 quod
2269 4945 2355 4992 est
2379 4937 2545 4990 unius
2579 4944 2705 4987 cum
2730 4927 2893 4985 Patre
2931 4944 2997 4985 ae
3034 4928 3241 4998 Spiritu
3285 4934 3478 4989 sancto

1897 5034 2170 5098 essentiae,
2220 5031 2277 5086 in
2322 5028 2490 5084 totius
2527 5023 2814 5080 Trinitatis
2858 5031 3115 5094 operatur
3162 5021 3367 5076 virtute
3410 5031 3484 5075 aa

1897 5135 2170 5204 potestate
2200 5139 2297 5182 seu
2324 5123 2631 5193 majestate.
2656 5118 2742 5177 Sit
2766 5133 2897 5190 ergo
2928 5118 3044 5190 ipse
3072 5116 3406 5182 benedictus,

1970 5222 2137 5279 Vens.
2170 5221 2258 5276 19.
2293 5218 2366 5274 Et
2397 5216 2741 5274 Benedictum
2789 5228 2978 5270 πωπω
3027 5208 3325 5280 majestatis
3357 5206 3477 5279 ejus

1897 5318 1957 5372 in
1978 5324 2257 5380 ‹etet-vtum,
2286 5320 2336 5366 et
2362 5309 2648 5380 replebitur
2664 5305 2943 5377 majestate
2964 5303 3079 5373 ejus
3099 5301 3270 5357 munis
3291 5308 3435 5356 terra
3454 5313 3475 5354 ε

1901 5404 2056 5473 Fiat,
2129 5413 2207 5460 at.

1969 5496 2029 5553 ln
2060 5404 2289 5552 Hibraeo
2322 5491 2522 5564 legitur
2552 5508 2568 5546 ι
2603 5488 2675 5543 Et
2700 5487 3028 5543 benedictum
3062 5500 3253 5541 nomen
3291 5483 3479 5558 yterio

1898 5592 2012 5662 ejus
2060 5593 2115 5646 in
2164 5589 2557 5668 sempiternum,
2599 5590 2650 5639 et
2687 5581 2994 5653 implebitur
3023 5578 3197 5650 gloria
3216 5579 3331 5649 ejus
3354 5578 3476 5632 unl-

1900 5698 2048 5737 versa
2084 5690 2225 5735 terra
2257 5696 2274 5732 .·
2303 5679 2493 5743 Amen,
2523 5691 2693 5731 amen.
2724 5671 3053 5730 Benedictus
3092 5671 3147 5725 in
3198 5677 3477 5734 cinnum,

1900 5790 2063 5848 quem
2088 5773 2294 5829 nornine
2316 5781 2510 5827 oeterno
2535 5764 2873 5825 baereditavi.
2896 5763 3055 5822 Pater
3076 5775 3313 5820 aeternus
3334 5759 3475 5820 dans
