3892 6067
146 37 221 95 ¹689
371 33 472 90 lSAdC
487 32 534 87 ill:
557 30 692 88 sieten
708 27 903 87 sentruden.
922 58 959 72 -
979 29 1099 88 selino
1114 31 1136 88 l.
1156 30 1190 86 ΙΝ
1210 31 1322 89 FESTO
1339 33 1475 90 eddidit
1494 38 1545 94 SS.
1698 42 1768 102 tete

146 153 202 211 ene
215 152 253 208 du
268 151 343 207 disir
352 149 386 204 de
398 148 466 205 inire
477 149 630 219 pe'oitenee,
642 147 710 217 qu'il
720 148 850 204 serendis
862 145 878 201 it
892 146 1039 202 euterun
1057 161 1128 216 pour
1144 146 1330 218 yemhmsser
1339 147 1363 202 la
1375 149 1418 203 vie
1428 151 1610 222 monastique.
1627 155 1702 212 C'est
1716 158 1769 216 lui·

145 217 783 347 'i‘ilididddtlldll‘dll'iil‘lt
796 215 1561 344 lililtldiidlldi'‘lid'ldlll’lidii‘
1574 237 1624 278 ⁸⁰'¹
1638 226 1767 348 ”nillil

146 337 215 429 qu'il
232 373 265 412 oe
276 361 324 427 put
341 304 464 412 enutriit
475 372 511 409 rm
524 302 606 427 genre
620 326 653 410 de
670 356 713 410 vic
726 355 800 411 crissi
811 352 931 410 austere.
947 326 1019 409 tiles
1033 369 1144 411 sessore
1162 354 1235 411 icet
1248 328 1341 426 eqdrd,
1361 371 1395 412 en
1414 306 1574 427 prnnfflungf
1584 306 1650 431 qffffi
1669 298 1769 436 effi?

144 429 219 483 mois
236 425 351 507 ressenti
363 427 397 481 de
412 425 469 494 ioie
483 425 545 495 plus
555 439 623 495 pure
635 432 663 479 et
704 431 890 481 useoostente
903 438 958 505 que
975 423 1043 506 celle
1058 424 1125 479 dont
1135 424 1154 479 il
1165 426 1237 494 jonis
1250 427 1319 507 duos
1337 435 1408 482 cette
1427 429 1516 485 seinte
1533 428 1660 486 solitudo.
1673 430 1694 485 ll
1707 433 1768 491 leur

144 511 274 552 sunonce
287 496 353 565 qu'rl
368 499 468 551 loocne
482 510 518 550 ou
531 503 654 549 moment
681 509 751 550 eses
763 509 855 561 vesus,
866 493 933 576 qu’d
946 493 1004 547 dont
1021 507 1174 562 prononeer
1194 494 1219 551 le
1230 494 1375 550 dtmorrche
1395 498 1475 567 apres
1490 499 1671 555 l'dscension.
1687 499 1768 561 Vient

143 566 256 622 ensuite
267 564 293 620 le
305 565 412 621 tolrleou
430 563 500 620 dele
513 563 658 633 requiescite
676 564 723 646 qui
737 563 898 619 s'olrseruart
912 560 927 616 i
942 561 1123 618 Cleirvaum
1140 561 1231 620 Permi
1249 579 1295 621 ces
1314 580 1429 634 pauvres
1447 577 1474 622 et
1492 583 1538 624 ees
1558 568 1677 624 lervcnts
1701 572 1768 627 soli-

143 636 240 701 taires,
254 632 340 700 dit-il,
354 650 389 689 su
402 633 493 688 milieu
505 633 632 701 desquels
643 634 691 701 J’nr
703 632 729 687 le
743 632 869 687 bonhem
884 631 918 687 dc
930 631 1016 697 vivre,
1034 632 1054 686 il
1070 646 1135 703 pen
1152 646 1167 686 o
1181 635 1228 708 qui
1248 643 1295 688 ont
1317 633 1361 689 eti
1373 633 1505 704 evdques,
1523 638 1643 694 d'outres
1662 653 1765 694 consu·

144 703 239 771 loires,
250 703 369 758 d’suires
381 702 511 767 illustres,
523 704 579 757 soit
591 703 729 773 parleurs
743 702 877 771 diguitis,
891 700 947 756 soit
967 716 1019 770 psr
1036 701 1121 782 leurs·
1131 703 1240 760 telents.
1253 701 1328 759 dous
1343 719 1409 758 oven
1424 719 1514 762 corruo
1534 705 1643 762 sentim
1663 708 1698 765 de
1714 709 1767 765 Pd-

143 787 244 838 ronne,
263 770 385 843 Rsynsld
396 772 432 828 de
443 769 596 838 Terousoe,
610 770 643 828 G.
654 772 689 828 de
702 769 887 836 Saint-Omer,
906 769 1032 826 Wntrtier
1043 770 1077 825 de
1091 768 1168 827 lnlle.
1184 770 1253 828 llsis
1264 773 1346 844 qu’ils
1359 783 1422 828 sont
1442 774 1504 831 lrien
1516 776 1655 833 didevents
1676 777 1711 833 ici
1732 780 1766 837 de

142 841 469 967 fflffllsefflfflffls
478 840 505 898 le
521 841 618 898 sidclel
633 859 644 894 s
660 840 765 899 Aceste
775 839 943 913 description
957 839 977 895 il
986 839 1058 912 joint
1071 840 1138 896 celle
1149 839 1184 897 de
1194 857 1225 898 ss
1236 842 1280 898 vie
1289 843 1403 913 pasees,
1421 845 1483 900 telle
1502 846 1585 916 qu'on
1603 847 1679 903 vient
1692 847 1725 904 de
1739 849 1766 906 lo

181 979 240 1035 Soii
254 980 337 1050 qu'on
353 979 466 1050 reperde
476 988 546 1034 cette
560 980 639 1036 lettre
651 978 687 1034 du
711 977 772 1035 cdte
791 978 842 1034 des
856 980 1029 1042 sentimeots,
1044 979 1098 1037 toit
1117 981 1202 1051 qu’on
1223 979 1336 1037 l’euviso
1390 997 1441 1052 psr
1450 993 1563 1054 rapport
1577 1000 1612 1040 eu
1628 986 1697 1058 style
1710 987 1765 1044 eti

141 1049 309 1116 l'evudition,
319 1063 354 1104 on
366 1058 430 1119 peut
444 1049 504 1106 dire
516 1047 614 1140 qo'clle
624 1058 667 1105 est
680 1064 734 1104 une
744 1049 794 1105 des
807 1049 869 1117 plus
883 1049 967 1106 belles
977 1048 1013 1105 du
1025 1058 1079 1105 tem
1100 1065 1124 1105 s.
1137 1048 1215 1105 Scins
1227 1049 1330 1107 &vuer
1351 1091 1358 1115 ,
1374 1051 1525 1119 lui-meme,
1541 1070 1574 1110 ne
1594 1056 1703 1112 l'aureit
1732 1072 1765 1114 es

140 1118 305 1175 uesavouee.
319 1118 387 1174 llum
400 1118 503 1174 'lissier
517 1118 551 1174 le
570 1118 709 1199 communi
731 1117 780 1174 ude
797 1117 823 1173 le
846 1119 967 1187 premier
986 1134 1021 1174 au
1042 1065 1137 1189 puelle
1161 1120 1230 1176 dans
1245 1136 1275 1176 ss
1289 1119 1477 1192 Bibliotheque
1488 1123 1522 1178 do
1535 1123 1649 1179 (litesox
1671 1129 1701 1193 (t.
1714 1072 1762 1193 ln,

141 1201 170 1256 p.
185 1187 327 1257 erl-276),
341 1203 390 1244 sur
406 1203 442 1243 un
458 1198 610 1243 manuscrit
622 1187 655 1243 dc
669 1188 721 1241 l'olr
741 1203 791 1260 oye
804 1187 952 1243 d'numon.
965 1187 1025 1243 Elle
1037 1204 1053 1243 a
1065 1202 1162 1259 repsru
1175 1190 1244 1247 dens
1254 1190 1280 1244 lo
1291 1190 1418 1246 nouvelle
1434 1191 1537 1247 c‘ditioo
1558 1192 1592 1248 de
1606 1194 1678 1250 seint
1699 1194 1765 1251 Ber·

140 1256 223 1323 rrard,
234 1265 261 1313 et
271 1271 301 1314 se
311 1268 408 1312 trouve
418 1257 443 1312 le
458 1257 754 1327 quoruutequntrierue
766 1256 856 1328 parmi
867 1271 913 1314 ses
925 1259 1030 1315 lettres.

399 1545 1485 1676 nnnucroriuoennuusuouuuoruu.

294 1753 340 1825 (li.
356 1752 491 1812 Bertrood
501 1753 608 1812 Tissier
621 1754 753 1813 Biiliotlt.
763 1753 845 1811 Patr.
861 1753 986 1824 discere,
1003 1753 1160 1811 &nolonte
1175 1754 1257 1825 teil,
1272 1755 1335 1825 iol,
1349 1765 1416 1815 tom.
1432 1756 1478 1826 Vl,
1490 1771 1552 1830 pag.
1569 1760 1608 1828 l.)

174 2039 214 2095 De
227 2039 387 2095 onerositate
398 2037 560 2108 sequentinm
572 2052 680 2107 operm
696 2053 781 2108 poseo
794 2037 850 2093 dec
860 2038 959 2161 decise.
982 2036 1123 2102 Dominus,
1135 2053 1182 2093 serr
1196 2047 1225 2092 nt
1239 2037 1340 2092 nlicoli
1364 2046 1483 2104 docetor,
1504 2040 1595 2094 teatin
1612 2039 1702 2109 isone,
1715 2060 1759 2114 pe·

138 2126 199 2164 nere
211 2110 322 2180 Asopius,
337 2106 497 2177 professione
507 2108 662 2172 morracios,
676 2107 787 2162 cenobii
800 2107 832 2162 de
851 2106 909 2164 Stel
921 2125 937 2162 e
953 2107 980 2162 iu
996 2105 1102 2162 dioecesi
1119 2106 1283 2162 Pictooiensi
1292 2107 1385 2162 tertius
1405 2106 1487 2161 clins
1501 2110 1615 2176 exstitit,
1629 2112 1760 2180 snpientia

136 2190 161 2233 et
177 2178 323 2233 eruditione
336 2178 503 2247 conspicuos,
518 2185 547 2229 nt
566 2191 599 2230 ex
611 2176 677 2230 libro
689 2175 727 2231 De
746 2177 848 2244 auimo,
874 2184 899 2231 et
923 2192 957 2231 ee
970 2176 1063 2230 meltis
1075 2177 1241 2232 sermonileu
1258 2176 1316 2246 ejus
1329 2176 1361 2246 fit
1380 2177 1562 2260 menifestum.
1589 2176 1759 2250 Synedronns

136 2248 190 2368 greis
207 2246 236 2302 S.
249 2245 391 2311 Bernordt',
407 2255 436 2299 st
449 2261 483 2301 ex
494 2246 609 2300 seeundo
622 2261 742 2301 sermone
754 2246 782 2300 in
800 2247 992 2316 assumptione,
1012 2247 1040 2301 in
1058 2245 1121 2316 fine,
1141 2251 1209 2302 sctis
1221 2255 1335 2301 consent.
1351 2243 1437 2300 Porro
1450 2263 1478 2300 tn
1496 2247 1617 2316 pluribus
1630 2253 1760 2305 sermoni·

154 2334 184 2372 ns
198 2317 299 2371 indicat
313 2315 461 2370 consilinm
474 2331 552 2371 sensns
563 2315 690 2370 ininsula
709 2331 768 2369 esse
780 2316 952 2370 constitutum
964 2330 975 2381 ,·
989 2315 1058 2370 ende
1073 2330 1231 2387 consequens
1252 2323 1291 2369 est
1311 2323 1358 2368 ortt
1384 2312 1512 2369 Steilrnse
1533 2316 1678 2372 ennodium
1694 2320 1759 2373 olim

137 2385 266 2440 ininsula
275 2384 361 2506 sedem
374 2385 468 2450 sivum,
479 2385 624 2452 calipsum
637 2384 719 2437 elicui
730 2382 808 2438 citeri
823 2383 937 2439 cenobio
953 2385 1029 2453 prins
1039 2385 1187 2468 preptisse.
1203 2382 1276 2439 Num
1289 2380 1381 2438 Sicilie
1390 2382 1466 2436 iilum
1481 2383 1600 2439 attonem
1614 2387 1758 2457 aliqnando

135 2455 217 2525 [ruisse
227 2454 273 2508 dec
285 2460 346 2506 erut
359 2451 471 2521 epistola
482 2452 517 2506 od
530 2451 660 2506 inormem
672 2451 864 2507 Pictoniensern
873 2454 1025 2522 episcopum
1050 2465 1160 2524 scripto.
1187 2453 1281 2525 Neque
1303 2467 1363 2506 sere
1378 2468 1425 2522 per
1436 2452 1553 2507 insulem
1569 2454 1645 2508 illem
1658 2457 1758 2527 dnqliu

136 2532 223 2592 potest
236 2522 350 2591 inteliiqi
363 2538 371 2576 s
382 2537 466 2592 neque
479 2523 588 2576 enimin
604 2521 713 2592 Anqlio,
723 2520 769 2575 sed
780 2524 808 2576 in
823 2521 912 2577 Gellio
923 2521 1034 2591 decedet
1049 2531 1095 2587 ,·et
1109 2524 1149 2578 eit
1161 2538 1189 2578 se
1201 2519 1319 2578 exsulem
1334 2537 1390 2576 esse
1404 2522 1433 2575 in
1443 2521 1532 2577 insule
1542 2522 1602 2591 ille,
1613 2533 1638 2578 et
1654 2526 1686 2578 ni
1701 2541 1758 2581 ons-

137 2594 215 2647 niies
228 2591 378 2646 ltominiists
392 2602 532 2646 remotum.
548 2591 591 2646 tln
606 2607 659 2647 non
670 2591 765 2662 [nisset
776 2592 854 2647 esstd
868 2594 896 2647 in
907 2591 1007 2662 duplic
1024 2606 1034 2646 .·
1050 2592 1205 2648 nemocnins
1217 2588 1323 2650 ecculm
1334 2591 1361 2644 in
1372 2591 1462 2661 putria
1473 2607 1533 2654 ενα,
1547 2607 1593 2647 dec
1619 2593 1646 2649 itt
1660 2593 1756 2665 Addida

136 2674 251 2718 remotos
269 2662 364 2733 fnisset
376 2660 408 2714 oi
421 2660 582 2715 dominibus.

142 2784 1756 2822 ww

735 2952 1150 3148 sunnonis

503 3197 591 3367 Β.
652 3212 996 3371 ononis
1050 3212 1374 3422 runnu,

239 3487 486 3582 lssssnlrs
522 3493 595 3581 DE
631 3491 853 3582 STELLA
887 3491 1142 3585 ORDlNlS
1178 3493 1691 3634 cls‘tlirtffltirlsls

389 3832 504 3891 sentio
522 3831 665 3891 Pullius.
924 3841 1045 3905 Asuper
1056 3834 1161 3890 turinum
1175 3821 1212 3890 se
1223 3833 1336 3890 minime
1356 3831 1465 3889 levsvit.
1488 3829 1590 3891 Turbes
1613 3830 1748 3890 tertnnn

301 3938 328 3980 :n
342 3939 427 3980 resno
445 3938 547 3979 usurus
566 3937 732 3981 smeronuu.
962 3939 1017 3981 non
1028 3925 1125 3992 sensit,
1137 3924 1224 3980 turbe
1237 3924 1382 3979 tumultum
1399 3937 1453 3980 non
1479 3923 1595 3994 audivit,
1617 3926 1663 3996 qui
1679 3922 1747 3983 soli·

166 4017 262 4074 Videns
273 4015 352 4072 lesos
377 4017 477 4083 turios,
493 4017 611 4073 escendit
628 4016 656 4070 in
669 4024 783 4070 merrtem
800 4013 909 4086 (llottlr.
960 4015 1065 4072 tudinis
1089 4016 1227 4070 silentium
1246 4028 1300 4070 nou
1315 4014 1443 4085 gustavit.
1456 4012 1590 4071 llomlnus
1604 4031 1681 4072 meus
1702 4016 1747 4073 Je-

128 4109 164 4179 ν).
180 4108 302 4174 Utinam,
323 4107 430 4177 lintres,
452 4117 479 4165 et
503 4124 554 4165 nos
585 4107 749 4181 quandoque
771 4107 911 4177 contingat
960 4124 1020 4177 sus,
1034 4117 1062 4165 et
1076 4107 1203 4164 lortossls
1229 4107 1317 4177 solus,
1337 4107 1426 4178 potuit
1440 4105 1468 4162 in
1491 4108 1570 4163 turin
1585 4123 1640 4165 non
1653 4110 1746 4165 turlre·

129 4200 219 4255 turbes
230 4197 332 4265 nidere,
345 4207 383 4265 et,
398 4198 453 4254 illis
462 4197 594 4266 dimissis,
603 4199 777 4254 escensiones
790 4196 818 4251 in
828 4195 910 4252 corde
960 4207 1004 4255 tus
1029 4198 1148 4266 storbo,
1164 4198 1258 4254 videre
1288 4198 1396 4253 turbem
1411 4216 1419 4266 ;
1434 4213 1516 4269 quem
1537 4208 1627 4255 tomen
1650 4201 1746 4256 videns

127 4290 283 4361 disponere!
297 4288 409 4344 liildcile
420 4297 463 4344 est
477 4288 505 4343 io
520 4288 598 4344 turbe
612 4288 718 4343 turnum
730 4289 839 4343 uidere:
852 4294 908 4342 tur·
958 4288 1074 4356 dimisit,
1088 4300 1114 4345 ct
1133 4288 1247 4346 secessit
1259 4288 1286 4344 in
1298 4298 1428 4356 montem,
1441 4304 1496 4360 quo
1519 4303 1581 4344 eum
1607 4289 1685 4344 turbe
1699 4305 1745 4345 seu

126 4380 183 4434 lueri
195 4390 285 4434 autem
298 4378 325 4433 in
341 4378 421 4433 torino
432 4390 544 4433 necesse
560 4384 602 4431 cst
615 4393 623 4442 ς
635 4390 685 4431 occ
699 4375 825 4432 turbatus
835 4376 908 4430 elurc
957 4380 1071 4449 quinon
1088 4386 1195 4449 poteret
1209 4397 1217 4435 ε
1231 4378 1288 4435 ileu
1315 4394 1358 4435 me
1374 4380 1381 4432 l
1409 4376 1517 4446 iratres,
1541 4378 1635 4449 quanti
1649 4378 1744 4458 drodie

126 4472 222 4538 videre,
238 4480 285 4527 out
306 4471 470 4537 discernere,
485 4470 526 4525 vel
542 4469 692 4539 dijudicare
707 4485 743 4524 uu
755 4485 828 4538 quem
841 4484 908 4524 ocu·
957 4469 1053 4524 turlres
1068 4468 1160 4540 lugere
1173 4478 1337 4541 proponunt,
1363 4483 1397 4524 eo
1409 4477 1500 4523 tumen
1515 4468 1645 4536 resident,
1659 4470 1705 4525 ulri
1726 4486 1742 4525 s

126 4563 157 4618 lis
168 4570 266 4632 potest.
286 4559 349 4617 idco
374 4560 535 4616 dimittenda
550 4568 591 4614 cst
618 4560 707 4626 turbo,
732 4568 763 4615 ut
784 4561 908 4615 uidentur
957 4558 1046 4615 turbis
1061 4560 1153 4615 itidem
1173 4559 1359 4624 inveniuntur,
1383 4559 1499 4629 emplius
1512 4560 1741 4629 comprimuntur,

125 4647 180 4723 ip'sa
193 4652 281 4719 turba,
297 4660 325 4708 et
343 4650 482 4721 judicetur
506 4652 540 4707 de
554 4651 613 4721 ipsu
628 4650 717 4704 turbo.
745 4635 907 4719 Quicunque
956 4650 993 4704 ita
1008 4659 1038 4705 ut
1052 4650 1280 4707 intensissimus
1295 4650 1381 4704 turim
1405 4649 1539 4706 tumultus
1553 4650 1628 4721 pejor
1639 4652 1740 4721 priore.

125 4742 193 4797 enim
205 4757 266 4798 eam
281 4743 350 4797 bene
360 4742 506 4812 conspicit,
519 4740 597 4812 plene
616 4737 776 4805 contemnit,
791 4739 906 4794 libenter
954 4738 1029 4807 ideo,
1044 4738 1137 4805 lister,
1159 4741 1255 4812 elouqe
1278 4739 1394 4811 lugiens,
1410 4755 1461 4796 nec
1483 4756 1609 4798 recurres
1624 4743 1659 4797 sd
1680 4751 1742 4798 torn

124 4833 199 4904 dogit,
225 4834 310 4890 linere
336 4825 460 4890 dimittit.
485 4833 537 4901 Qui
554 4833 643 4888 locem
662 4845 801 4900 nunquam
825 4830 903 4897 vidit,
954 4831 1017 4887 bem
1034 4830 1195 4899 ;sedmooe
1207 4831 1234 4887 in
1249 4829 1409 4896 solitudine,
1425 4846 1540 4902 sequere
1561 4831 1667 4897 lesum,
1679 4831 1740 4885 sulti

124 4937 170 4978 nec
183 4923 310 4979 toneluos
319 4937 438 4992 unquam
448 4920 569 4992 ognovit.
583 4917 629 4975 Sic
639 4915 817 4988 Omnipotens
829 4926 905 4989 post·
954 4923 981 4978 in
994 4932 1126 4989 montem,
1140 4922 1185 4979 dic
1200 4922 1288 4979 turbae
1304 4921 1385 4989 :Quo
1398 4937 1450 4994 eqo
1473 4924 1555 4989 vodo,
1581 4937 1637 4977 oon
1663 4930 1740 4992 potes

122 5027 199 5083 quam
222 5011 292 5067 dixit
305 5012 339 5068 de
356 5010 475 5067 tenebris
494 5009 585 5065 lumco
614 5003 813 5076 splendescere,
838 5015 904 5062 tunc
952 5012 1058 5071 venire.
1074 5012 1159 5080 Licet,
1178 5013 1358 5081 dilectissimi,
1374 5014 1408 5069 de
1423 5023 1531 5069 terreno
1553 5012 1646 5083 aliquo
1659 5028 1740 5066 mon.

8 5124 9 5157 3
122 5103 209 5158 divisit
222 5102 292 5159 iuter
305 5102 393 5158 lrrcem
405 5109 432 5157 el
443 5101 570 5158 tenebris
584 5116 592 5166 ;
604 5107 669 5153 tunc
684 5096 823 5166 discrevit,
838 5105 903 5153 tune
954 5109 991 5171 te,
1000 5111 1027 5158 m
1036 5103 1165 5159 exteriori
1181 5105 1299 5176 quadam
1317 5105 1397 5159 surus
1422 5106 1536 5161 historin
1552 5104 1604 5160 sini
1618 5111 1737 5168 constes,

8 5210 9 5247 2
122 5192 284 5265 dijudicavit,
298 5202 364 5250 tunc
393 5192 500 5248 vocavit
513 5192 601 5247 lucem
624 5189 707 5256 diem,
727 5197 755 5245 et
775 5188 901 5245 tenebius
917 5170 1002 5267 Beqo
1017 5204 1107 5250 tomen
1122 5195 1281 5267 mysterium
1297 5195 1418 5262 arundo,
1433 5196 1553 5251 monimo
1575 5194 1653 5264 illud,
1663 5195 1738 5265 quod

122 5293 233 5340 noctem.
253 5283 288 5340 El
302 5285 380 5349 uidit,
395 5282 482 5353 inquil
504 5280 581 5351 (Gen.
599 5278 631 5347 l),
650 5278 728 5349 qtlesl
751 5287 830 5334 altien
844 5292 899 5332 lton
952 5284 1100 5355 plurimum
1117 5300 1207 5342 mores
1227 5287 1355 5354 instruas,
1380 5285 1453 5357 quod
1477 5300 1559 5357 super
1573 5284 1737 5341 fundamen·

121 5373 235 5431 vidisset.
254 5374 300 5432 Sic
332 5375 460 5431 nimirum
478 5373 518 5431 sic
546 5371 654 5428 turinum
674 5385 729 5426 uon
746 5370 823 5438 vidit,
851 5368 898 5440 qui
953 5383 1011 5431 tum
1022 5375 1147 5460 odiisqct.
1173 5376 1206 5434 Et
1218 5378 1344 5449 quemvis
1360 5377 1508 5435 materialis
1534 5376 1614 5434 turbs
1629 5374 1737 5435 difficile
