3892 6067
181 211 234 270 53
589 218 592 224 '
660 205 816 267 cunboni
835 208 1031 266 enarrasti!
1053 208 1329 266 nntcnbnsrinc.
1757 208 1813 267 &ib

180 339 197 377 a
213 339 255 378 me
267 324 281 377 i
291 322 361 378 Corn
377 325 464 378 sancti
477 331 582 393 petunt,
596 323 669 396 quiid
681 326 721 381 eis
733 342 787 382 oon
807 327 925 398 expedit,
942 333 972 380 ut
986 331 1010 389 Α
1023 341 1085 381 rum
1104 327 1217 399 iniquis,
1232 327 1310 384 ebusi
1324 334 1389 383 sunt
1400 340 1483 397 super
1495 341 1538 382 me
1552 325 1580 381 in
1592 339 1685 382 cruce.

179 415 294 480 Paulus,
309 414 381 471 Deus
393 416 545 474 orationem
573 432 669 474 eorum
699 417 815 490 repellit,
839 418 904 489 quia
923 433 971 473 eos
1058 414 1140 473 Vens.
1160 415 1203 471 18.
1218 415 1453 496 Circumdederunt
1465 431 1505 470 me
1519 413 1816 487 ludaeisieetuqrrs,id

182 506 216 560 id
235 505 298 570 boc,
313 504 386 575 quod
402 506 444 561 eis
458 516 568 564 nonest
584 509 661 575 utile,
675 524 731 564 non
745 508 867 564 exaudit.
885 507 971 575 Quasi
1022 516 1066 565 εει
1079 507 1261 565 sicutssuctus
1272 507 1508 579 persecutionum,
1526 515 1583 562 tota
1593 506 1637 562 dic
1648 505 1814 571 Parascere.

181 597 278 651 facicm
295 598 405 666 auertit,
419 599 487 655 dum
497 615 546 656 εοε
559 599 593 656 de
607 601 785 657 tribulatione
805 610 835 656 ut
848 599 972 655 Lauren·
1023 615 1132 657 amane
1149 617 1237 671 usque
1251 600 1285 657 ad
1299 615 1442 671 vesperam
1462 615 1513 672 pro
1532 599 1594 671 ejus
1610 600 1723 657 interitu
1736 600 1817 657 labo-

182 688 252 743 tium
265 705 319 743 non
334 689 427 759 eripit,
440 691 504 762 quis
518 698 620 747 aeterna
635 692 677 748 eis
687 692 786 764 gaudia
800 692 867 748 dere
878 691 972 761 dispo·
1022 693 1130 748 rabant.
1146 691 1526 749 Circumdeitmntmerimui
1536 689 1668 748 Pherisaei
1687 708 1751 748 cam
1767 707 1816 748 ss·

181 779 248 833 suit.
262 778 392 849 Sequitur
402 781 582 860 roberisti:
593 781 664 851 Quia
673 783 770 839 iaeiem
782 791 870 849 mam,
881 781 971 850 Pater,
1023 784 1191 851 carioribus,
1208 783 1314 839 Pilatus
1324 798 1388 839 curn
1400 782 1570 854 principibus
1580 792 1608 839 ει
1622 782 1743 853 populis.

181 885 254 926 ame
264 870 377 938 mertis,
387 871 457 928 ideo·
605 935 608 948 Ἴ,
1061 874 1142 932 iens.
1159 874 1203 932 tt.
1230 873 1372 948 Eloupesti
1389 890 1471 929 nnm-
1481 874 1596 928 amicum
1611 883 1636 929 et
1651 874 1817 943 proximem,

217 960 303 1017 Vsus.
318 962 362 1018 16.
379 963 486 1036 Pauper
498 982 556 1020 sum
572 983 635 1038 opo,
649 982 704 1022 non
723 967 828 1022 babens
841 965 969 1022 solatium
1024 968 1052 1023 id
1075 976 1119 1024 εει
1140 966 1281 1040 apostolos
1303 974 1331 1023 ει
1355 976 1497 1038 counitos,
1519 974 1544 1022 et
1566 964 1635 1022 elios
1651 974 1726 1020 notor
1744 983 1817 1021 meos

182 1054 227 1109 rel
253 1055 397 1111 auxilium.
413 1055 448 1110 Et
463 1059 490 1112 iu
511 1058 646 1114 laboribus
672 1077 688 1112 u
710 1058 848 1128 juremute
871 1073 940 1124 mee,
956 1072 972 1110 a
1024 1060 1188 1131 elongastis
1205 1074 1266 1115 mea
1278 1059 1395 1113 miseric.
1410 1057 1444 1113 br
1457 1057 1523 1130 qula
1536 1057 1666 1114 ridebant
1682 1069 1727 1113 rue
1739 1058 1818 1113 omni

86 1221 89 1226 ‚
182 1149 974 1218 temporeassumptaecarnisrelatrIeesimoannonteae
1024 1150 1128 1206 auxilio
1138 1150 1311 1217 destitutum,
1327 1149 1390 1206 ideo
1403 1150 1566 1205 occiderunt
1587 1165 1632 1212 mo
1647 1157 1678 1204 ut
1691 1149 1847 1205 nriserri»

183 1238 283 1304 araus,
299 1239 361 1295 curn
377 1241 525 1310 praedicare
539 1242 640 1312 incoepi
659 1259 666 1295 ι
686 1240 819 1296 eaultutur
834 1247 923 1293 uitem
944 1238 972 1293 io
1025 1257 1111 1297 nrum.
1124 1239 1195 1296 ilinc
1207 1240 1242 1295 ad
1254 1239 1358 1297 inieros
1379 1240 1549 1297 descendens
1566 1239 1665 1296 sortem
1682 1240 1818 1311 alligauit,

183 1345 276 1398 eruce,
286 1331 443 1386 bumiliutus
464 1349 523 1387 sirm
536 1334 565 1387 iu
583 1332 714 1403 sepulcro,
726 1341 752 1387 et
762 1329 933 1386 conturbatus
945 1330 972 1385 in
1025 1333 1111 1405 spolia
1127 1334 1189 1405 ejus
1202 1349 1265 1389 curn
1284 1333 1427 1405 triumpho
1453 1333 1611 1404 reportarit,
1626 1348 1707 1388 nrane
1723 1347 1819 1389 resur-

183 1430 282 1476 morte.
1025 1427 1107 1495 rexit,
1121 1433 1150 1481 ει
1164 1424 1205 1481 sic
1227 1425 1343 1496 gloriam
1358 1440 1437 1480 suant
1460 1422 1519 1479 Iler
1531 1433 1640 1480 aeternae
1662 1423 1758 1495 glorie
1775 1423 1818 1477 in·

220 1510 302 1569 Vens.
316 1514 360 1568 17.
373 1513 418 1584 ‚In
432 1531 473 1570 me
485 1516 648 1570 transierunt
663 1515 712 1569 ire
726 1506 790 1579 teu,
809 1513 835 1569 id
854 1521 897 1569 εει
911 1513 973 1568 rbi-
1025 1512 1185 1575 travitlloc
1194 1522 1281 1572 totum
1296 1513 1331 1569 acl
1345 1513 1463 1569 formam
1479 1514 1585 1572 sanctis
1592 1513 1733 1580 scribitur,
1739 1513 1819 1583 quia,

183 1601 262 1657 dicte
273 1617 362 1673 poenae
374 1606 489 1675 peccati,
505 1605 571 1662 dum
598 1621 644 1661 nie
658 1605 774 1675 flagellis
798 1604 878 1676 quusi
893 1619 972 1660 rcum
1026 1605 1050 1663 si
1063 1603 1122 1662 Iiex
1136 1605 1230 1677 glorie
1244 1603 1382 1661 civitatem
1408 1622 1463 1663 non
1484 1605 1537 1662 nisi
1551 1620 1601 1675 per
1612 1603 1758 1660 introitum
1770 1603 1822 1657 tri-

182 1693 341 1751 ceciderunt
356 1715 363 1751 :
379 1706 405 1752 et
419 1705 530 1752 terrores
550 1700 589 1753 tui
608 1699 830 1754 conturbaverint
854 1714 905 1762 me,
921 1697 974 1753 boc
989 1685 1011 1740 Β
1024 1696 1173 1754 bulationis
1187 1697 1310 1762 intrarit,
1326 1713 1377 1755 nce
1388 1698 1442 1770 ipsi
1457 1698 1511 1754 nisi
1536 1715 1585 1769 per
1610 1696 1821 1753 tribulationem

182 1793 234 1851 est,
261 1787 399 1844 terribiles
422 1790 572 1856 cruciatus,
588 1805 659 1860 quos
680 1787 826 1860 praedicari
841 1797 868 1844 te
883 1788 975 1843 illatu·
1027 1791 1132 1846 intrare
1146 1800 1287 1861 poterunt.

656 2149 958 2258 'ustinus
994 2164 1310 2260 LXXXVIII.

224 2574 422 2631 Ilisericoriiies
439 2576 547 2631 Domini
562 2578 590 2631 in
609 2585 737 2631 oemrnum
759 2576 881 2637 contulo,
895 2576 923 2629 in
934 2591 978 2645 pe·
1029 2575 1077 2629 siae
1090 2574 1243 2640 constitnit,
1257 2571 1379 2626 futurum
1395 2569 1421 2625 oi
1435 2582 1548 2638 regnunt
1567 2580 1633 2622 vcro
1643 2565 1759 2638 pacifico
1769 2566 1820 2623 ‹It-

185 2668 360 2735 nerotiouem,
371 2677 424 2724 etc.
437 2667 507 2736 Quia
519 2667 661 2725 Christum
677 2668 820 2739 oportebat
830 2667 896 2739 pall,
909 2681 978 2736 prae·
1025 2668 1076 2734 bit,
1091 2667 1201 2739 quando
1218 2666 1247 2721 in
1269 2662 1374 2720 coelesti
1396 2660 1481 2734 gioria
1506 2661 1533 2715 in
1549 2658 1670 2716 Ecclesia
1692 2657 1819 2731 regnabit

185 2759 292 2814 cedens·
313 2759 437 2829 psalmus
460 2760 586 2832 praecInit
607 2759 667 2831 ejus
693 2760 889 2830 dejectionem,
912 2757 975 2828 quia
1025 2763 1053 2817 in
1070 2769 1214 2817 aeternum.

185 2865 251 2905 roro
266 2852 410 2921 oportebat
430 2867 493 2907 euni
507 2867 523 2906 a
535 2851 653 2907 mortuis
675 2865 828 2922 resurgere,
842 2849 916 2905 etita
930 2848 973 2902 in·
1060 2851 1113 2908 Per
1122 2847 1433 2923 quinquediapsalmata
1441 2843 1618 2915 distinguitur
1629 2844 1656 2898 in
1669 2857 1718 2899 sex
1730 2857 1819 2898 mem·

186 2949 260 2997 trare
280 2941 308 2995 in
324 2940 440 3012 gloriam
456 2958 546 3009 suam,
563 2942 608 2998 bic
629 2941 657 2996 in
681 2940 848 3012 octogesimo
874 2950 975 2996 oetaro
989 2985 1009 3042 s
1025 2944 1086 3000 bra.
1102 2941 1154 2999 Per
1175 2940 1333 3013 quinarium
1360 2935 1492 2993 iudaicus
1506 2934 1624 3006 populus
1638 2934 1691 2990 srib
1718 2932 1820 2990 Penta-

185 3035 248 3089 loco
269 3034 432 3101 calculatur,
460 3034 508 3106 qui
532 3049 664 3090 numerus
680 3049 729 3104 per
750 3032 933 3089 undenarium
947 3039 976 3087 et
1003 3019 1127 3093 ‘tenebo
1143 3032 1331 3098 constituitur,
1354 3045 1402 3101 ρει
1418 3027 1558 3085 senarium
1587 3025 1675 3082 fidelis
1698 3021 1821 3100 populus

187 3125 361 3182 octonarium
381 3125 588 3194 multiplicatur.
598 3123 667 3180 Nanr
677 3124 806 3179 undecies
817 3123 909 3179 octoni
921 3122 975 3177 bu·
1028 3129 1079 3185 sub
1093 3142 1140 3184 sex
1155 3126 1284 3197 operibus
1296 3121 1435 3193 Evangelii
1447 3119 1569 3177 serviens
1582 3118 1757 3192 exprimitur,
1765 3115 1823 3190 qni

184 3215 348 3284 jusnutneri
361 3215 668 3271 suminamconiiciunt.
685 3212 762 3268 Sicut
773 3210 975 3283 portionarium
1027 3216 1245 3275 ,ιοῃεῑῃιριπῑςιῑ
1271 3214 1426 3286 subjicitur,
1449 3210 1479 3267 1„
1500 3210 1588 3281 prima
1604 3217 1682 3280 parte
1706 3207 1820 3265 misas.
1875 3209 1896 3226 ··

186 3309 242 3376 lex,
260 3308 297 3363 ita
313 3322 363 3378 per
377 3307 560 3362 undenarium
585 3305 767 3377 transgressio
794 3304 863 3375 regu
884 3303 976 3373 ezpri-
1027 3312 1121 3369 cordia
1135 3321 1161 3366 et
1172 3310 1274 3365 veritas
1290 3308 1338 3364 bel
1349 3303 1572 3371 commendatum
1587 3300 1747 3358 inmorata
1759 3299 1878 3392 sin-..-

187 3399 282 3453 ruitur.
299 3397 350 3453 Per
365 3397 537 3454 octonarium
562 3395 728 3453 resurrectio
747 3393 880 3449 innuitur.
898 3391 976 3447 1)εεί-
1028 3403 1132 3476 3311„er
1148 3401 1250 3457 christi
1276 3396 1479 3471 magnificentia
1494 3403 1522 3450 er
1537 3401 1695 3451 sanctornm
1713 3393 1743 3447 In
1766 3406 1831 3476 nri-'-
1888 3401 1899 3416 ·

187 3500 252 3562 &¹¹³²
267 3489 311 3545 ¹15⁰
325 3503 391 3560 “8⁰
407 3504 548 3554 numerus·
559 3487 632 3559 (1¹¹⁰II
648 3503 734 3559 &0⁰⁰⁵
744 3486 894 3541 huminum
910 3499 976 3554 110·
1028 3496 1100 3551 minc
1114 3494 1175 3566 ejus
1188 3493 1353 3565 praedicatur
1368 3490 1470 3563 gloria;
1489 3488 1516 3544 in
1528 3488 1609 3544 tertia
1623 3486 1755 3542 beneficia
1768 3484 1819 3541 Ilei

186 3592 248 3652 pter
270 3581 518 3653 transgressionem
535 3581 603 3652 legis
626 3580 673 3635 0θί
689 3587 840 3645 mortuum,
857 3579 977 3649 resurgit
1027 3587 1172 3643 Dominico
1184 3584 1289 3641 bomini
1301 3585 1398 3641 collata
1411 3589 1575 3647 narrantur,
1587 3579 1614 3634 in
1629 3588 1724 3649 quarta
1739 3591 1822 3633 erer-

187 3674 322 3729 inanima
347 3689 396 3744 ρει
413 3671 566 3737 ClrrIstum,
579 3680 607 3728 ει
620 3673 648 3728 in
662 3673 758 3727 ultima
773 3673 977 3728 resurrectione
1028 3681 1070 3735 sto
1086 3677 1163 3749 regni
1177 3676 1353 3734 inimIcorurn
1369 3673 1472 3730 Christi
1496 3673 1530 3728 aii
1544 3670 1655 3726 laudem
1675 3668 1737 3739 ejus
1758 3683 1820 3724 ειε-

187 3769 303 3839 pereipit
330 3767 461 3839 gaudium
478 3776 540 3821 octo
553 3766 766 3822 beatitudiuem.
793 3764 978 3836 Titnlnsejus
1028 3777 1166 3834 moratum
1194 3767 1221 3822 in
1237 3766 1332 3838 quinta
1359 3762 1547 3823 reconciliabo
1567 3759 1724 3816 Iudaeorum
1752 3773 1819 3816 cum

188 3869 251 3915 est:
1027 3859 1137 3915 Christo
1152 3866 1279 3925 notatur;
1298 3857 1326 3911 in
1349 3863 1426 3912 sexta
1450 3854 1587 3910 malornm
1612 3850 1754 3908 retributio
1768 3849 1821 3928 (Ic-

267 3950 360 4022 (Vens.
376 3951 414 4021 l.)
433 3966 615 4006 rnrrntncrns
632 3967 720 4006 eruin
738 3965 897 4006 rsnirerrn.
1030 3952 1160 4007 claretur.
1179 3948 1239 4007 Vox
1254 3948 1341 4005 bdelis
1358 3946 1451 4018 populi
1468 3964 1474 4000 :

224 4039 314 4095 Etlrun
325 4049 385 4096 crat
399 4041 504 4112 peritus
518 4041 651 4109 musicus,
669 4051 696 4097 et
712 4041 773 4097 ideo
795 4041 841 4095 hic
854 4039 976 4110 psalmus
1062 4041 1146 4099 lens.
1168 4041 1196 4097 2.
1222 4038 1420 4096 Misericordiae
1442 4037 1550 4093 Domini
1570 4038 1598 4092 in
1612 4047 1739 4092 utentum
1752 4050 1820 4090 cen·

188 4134 221 4188 ml
237 4133 405 4189 recitandum
419 4140 461 4188 εει
476 4132 528 4188 eia
545 4131 628 4189 Dauid
652 4132 783 4189 creditus.
801 4132 888 4186 Erum
906 4130 975 4186 diei-
1029 4135 1099 4189 tubo.
1115 4132 1307 4191 bllserioordiae
1320 4129 1428 4186 bomini
1444 4128 1539 4186 multu
1553 4139 1627 4195 sunt,
1641 4128 1818 4195 illuminatio,

187 4235 233 4281 tor
247 4226 380 4291 robustus,
404 4232 432 4278 ει
444 4232 485 4278 εει
498 4233 649 4297 martyrum
668 4225 787 4295 populus
807 4225 835 4279 in
847 4238 977 4294 persecu·
1027 4226 1165 4290 remissio,
1180 4224 1297 4292 iustitia.
1310 4223 1458 4295 promotio,
1475 4225 1686 4295 perseverantia,
1705 4221 1818 4279 tandem

188 4316 309 4374 tionibus
328 4317 469 4381 robustus,
486 4318 534 4388 qui
560 4325 602 4373 cst
623 4316 759 4384 Israelita,
774 4317 800 4372 id
825 4324 867 4373 est
888 4315 973 4371 Deum
990 4315 1223 4376 bremuneratio.
1241 4313 1297 4371 iias
1311 4328 1408 4371 omncs
1422 4314 1451 4368 in
1463 4315 1591 4372 eternum
1605 4313 1728 4381 scutulo,
1737 4313 1765 4368 id
1774 4322 1819 4368 εει

187 4408 310 4470 risurus.
337 4408 398 4462 Alia
419 4408 564 4464 translatio
591 4409 674 4464 babet
694 4427 700 4461 :
721 4406 811 4461 Etbun
827 4406 974 4470 Ezrulritm
1027 4408 1072 4464 bic
1086 4417 1114 4464 ει
1126 4407 1155 4462 In
1171 4405 1264 4463 futuro
1277 4417 1304 4464 ιε
1317 4405 1404 4462 licum
1417 4421 1468 4477 pro
1481 4406 1527 4465 bis
1541 4404 1670 4463 laudabo.
1690 4404 1723 4460 In
1738 4421 1819 4475 perte·

188 4501 262 4569 quod
277 4499 379 4554 dicitur
400 4499 522 4552 tolutim
547 4498 681 4568 indicent·
696 4497 825 4569 115001’80
840 4498 975 4567 psalmus,
1028 4505 1130 4560 ratione
1140 4512 1165 4559 et
1178 4504 1343 4576 ueneratione
1365 4503 1530 4559 onrtsutiuio
1552 4504 1689 4558 ueritatem
1704 4509 1778 4556 trum
1788 4502 1818 4555 irr

188 4591 215 4644 id
230 4603 273 4645 εει
289 4590 348 4645 baec
366 4590 426 4645 laus
439 4587 486 4643 bei
501 4596 542 4643 εει
557 4587 705 4642 intellectas
723 4586 812 4641 Etiam
832 4585 974 4652 israelite,
1027 4612 1071 4650 ure
1085 4612 1153 4662 meo,
1175 4595 1228 4652 boo
1242 4604 1294 4664 εει,
1310 4596 1338 4651 in
1350 4594 1466 4653 ludaico
1476 4603 1504 4652 ει
1514 4595 1635 4668 gentium
1646 4594 1759 4667 populo,
1771 4596 1818 4652 rel

188 4682 230 4734 ιι]
254 4679 401 4746 &miliat
418 4682 470 4736 ¹¹0⁰
489 4689 542 4747 0⁵2,
571 4679 675 4733 f⁰ll1¹⁵fi
702 4678 796 4749 l³0ll¹¹li
823 4665 975 4747 maillium
1027 4687 1148 4759 nuarrdiu
1165 4688 1292 4745 succedet
1304 4688 1444 4759 generatio
1458 4688 1637 4761 generationi,
1651 4686 1817 4742 contaminio

189 4769 274 4824 benur
291 4771 390 4838 visuri,
408 4772 455 4841 qui
474 4778 533 4826 crat
553 4769 679 4840 indigena
693 4769 812 4825 ciritatis
827 4768 884 4823 Dei·
1027 4776 1138 4834 Christo
1153 4777 1289 4832 ueritatem
1306 4775 1354 4832 Dei
1369 4778 1397 4831 iu
1416 4794 1461 4833 ore
1475 4793 1542 4843 meo,
1560 4793 1616 4847 quo
1629 4774 1768 4833 consessio
1786 4776 1818 4831 bt

224 4860 337 4915 Materia
349 4863 446 4931 psalmi
462 4870 504 4916 εει
517 4861 619 4917 Christi
646 4861 786 4918 exaltatio.
804 4859 920 4916 intentio
934 4872 977 4917 est
1029 4869 1200 4935 adsalutem,
1216 4883 1297 4939 quern
1317 4868 1400 4924 eredo
1413 4870 1495 4925 cordo
1509 4868 1542 4923 ad
1560 4868 1706 4939 justitiam.

188 4951 269 5009 nobis
285 4961 394 5008 eternae
415 4953 477 5007 ritae
491 4953 605 5024 glorium
623 4968 850 5021 commemorare,
862 4952 977 5007 bortans
1057 4957 1145 5016 'Vens
1162 4959 1189 5015 b.
1202 4958 1335 5025 Quorriom
1356 4961 1450 5015 dixisti
1463 4975 1513 5031 per
1526 4960 1684 5031 propbetas,
1701 4961 1817 5015 inerer-

187 5063 240 5104 nos
249 5062 298 5118 per
310 5046 404 5102 laudes
416 5044 558 5101 Cirristiad
569 5046 643 5100 illurn
656 5044 893 5102 lcstioarc.Vcrba
904 5062 978 5102 sum·
1027 5067 1090 5106 num
1105 5051 1289 5106 numncordiu
1313 5050 1492 5122 edificabitur
1506 5052 1533 5106 iu
1555 5050 1636 5107 colis.
1663 5050 1731 5106 Coeli
1749 5062 1816 5106 sunt

187 5150 233 5211 pta
248 5149 313 5196 sunt
325 5138 359 5193 de
371 5138 497 5204 bistoria,
513 5138 560 5194 ubi
575 5133 652 5192 licus
665 5136 749 5191 ilarii
763 5137 913 5192 secundum
928 5152 978 5192 cor
1027 5140 1144 5212 apostoli
1171 5141 1200 5198 in
1215 5142 1293 5198 ecelis
1312 5141 1463 5213 regnaturi.
1492 5140 1522 5197 ln
1541 5141 1585 5197 bis
1608 5157 1658 5213 per
1680 5140 1815 5214 Spiritum

188 5247 269 5290 suum
297 5231 413 5298 invenit,
427 5247 508 5303 quern
527 5230 589 5286 oleo
614 5239 708 5285 sancto
719 5232 808 5298 tinxit,
822 5246 912 5302 regern
927 5247 977 5302 po·
1028 5240 1152 5288 sanctuni
1168 5232 1299 5289 aediileata
1312 5241 1355 5290 εει
1371 5232 1419 5290 liei
1440 5232 1624 5289 misericordia
1638 5234 1667 5288 in
1686 5241 1815 5289 retentum

187 5325 254 5396 puio
267 5324 418 5390 constitnit,
438 5322 577 5379 Salomoni
593 5339 706 5395 regnum
723 5324 859 5394 promisit.
882 5322 977 5394 Signi·
1027 5337 1168 5380 mansura.
1195 5323 1398 5396 Preporuiitnr
1414 5325 1510 5380 uentus
1523 5335 1569 5379 teu
1583 5326 1671 5390 ineis,
1684 5324 1737 5380 boe
1760 5333 1815 5388 εει,

189 5414 253 5470 licat
276 5424 365 5470 autem
390 5415 541 5483 Christum,
565 5430 647 5488 quom
665 5414 746 5472 Pater
766 5416 977 5471 secundumcor
1027 5414 1154 5471 CbrIstus
1180 5417 1277 5470 ueritas
1289 5414 1337 5471 Ilei
1359 5415 1551 5487 praedicabitur
1561 5431 1611 5487 per
1624 5430 1674 5473 eon
1695 5416 1765 5472 aliis.
1781 5411 1817 5470 lit

191 5521 271 5562 suum
292 5507 407 5573 inuenit,
429 5508 457 5561 in
479 5522 536 5577 quo
553 5507 605 5562 sibi
629 5506 698 5561 bene
708 5504 883 5576 complacuit,
894 5519 975 5577 quern
1027 5507 1080 5562 boe
1092 5507 1206 5563 dixisti:

191 5597 252 5652 oleo
268 5598 369 5653 letitiae
381 5599 409 5652 iu
425 5597 527 5668 Spiritu
543 5607 637 5654 saneto
662 5598 750 5661 unxit,
767 5596 866 5666 negem
881 5596 976 5652 Ecele-
1062 5599 1145 5654 Vnus.
1168 5601 1194 5655 1.
1221 5599 1347 5670 Disposui
1368 5609 1550 5659 testamentum
1566 5602 1659 5658 electis
1670 5603 1745 5668 meis,
1760 5602 1813 5658 bot
