3892 6067
132 39 202 98 teat
606 41 768 101 ttts‘ruttbt
789 39 1060 99 vtzctttcsusrs.
1079 68 1113 82 -—
1132 40 1197 97 tte.
1219 40 1264 98 ill.
1683 41 1757 100 1598

23 135 33 238 ἰ
130 155 272 211 scilieetet
284 153 383 209 fratres
395 154 456 225 ejus
469 153 503 209 de
514 152 646 221 Prisscio,
659 164 687 210 et
697 156 798 210 inultos
811 155 881 208 alios
891 153 918 207 in
934 158 956 213 Α
971 154 1019 208 sie
1034 153 1132 219 induit,
1147 162 1206 223 post
1229 170 1246 206 a
1266 167 1330 206 cone
1344 151 1494 207 moecatur.
1509 150 1595 223 igitur
1613 162 1757 223 postquam

130 244 195 300 villa
210 245 343 311 viventes,
355 245 404 316 qui
414 244 543 299 dixerunt
553 260 583 300 se
595 245 623 300 in
636 255 721 301 strata
736 261 783 302 sex
797 247 919 301 latrones
971 246 1079 316 signnm
1096 243 1244 300 borntntee
1268 244 1422 300 cruciarer
1447 243 1590 314 piissimus
1604 243 1759 302 ludovicus

130 336 229 393 falsam
246 347 384 393 monetam
400 337 554 394 deferentes
569 340 819 409 comprehendisse,
830 348 858 394 et
869 338 918 394 li·
969 334 1302 407 luriiorllierosolymam
1319 335 1494 407 prolecturus
1519 336 1651 407 suscepit,
1666 338 1758 407 plures
1791 355 1799 370 ·

30 422 32 424 ’
131 429 264 486 reliacum
278 429 441 499 projestitia
454 429 579 486 facienda
597 431 743 500 praeposito
758 431 917 488 reddidisse,
970 428 1035 484 facti
1051 428 1135 499 bnjus
1148 427 1220 483 tanna
1232 436 1260 484 et
1272 428 1398 498 exemplo
1413 427 1529 494 incitati,
1544 429 1757 483 transmarinam

132 517 247 590 insuper
270 521 367 576 berem
384 537 470 577 unum
486 521 513 576 in
530 521 574 576 via
598 521 708 591 publiea
732 523 792 578 sine
808 522 920 577 domino
970 521 1219 593 peregrinationem
1240 521 1403 590 arripuere:
1420 520 1491 576 inter
1504 534 1576 590 quos
1595 520 1678 574 etiam
1703 520 1758 576 dvro

133 611 275 667 incentum
299 611 421 669 Renaldo
441 615 578 669 monacbo
603 613 637 669 de
653 613 786 678 Prisseio,
812 614 860 686 qui
886 631 920 670 eo
971 612 1020 668 lilii
1043 610 1222 669 Nivernensis
1245 611 1373 680 comitis,
1398 612 1524 668 videlicet
1548 609 1709 666 Guillelmus
1731 619 1759 666 et

47 703 51 751 i
130 713 255 774 tempore
270 703 368 759 ibidem
384 704 553 771 morabatur,
569 705 640 760 sicut
654 705 701 776 jus
715 705 844 763 Ecclesiae
856 706 920 762 red·
970 701 1121 770 ltenaldus,
1144 702 1286 758 comitatui
1298 703 1373 772 regio
1384 718 1445 759 sese
1464 703 1671 773 conjungentes,
1681 718 1758 758 earn·

132 793 246 851 didisse.
273 794 340 862 Quae
366 796 459 850 omnia
484 795 544 851 sine
568 796 701 853 ditatione
725 798 846 868 praedicti
867 797 919 852 viri
969 795 1033 850 dem
1051 794 1250 865 protectionem
1268 804 1459 865 susceperunt.
1473 792 1534 864 lpse
1558 810 1667 865 quoqne
1681 802 1759 864 pater

29 915 31 924 ι
131 886 220 956 parati
234 886 346 941 luerunt
357 885 483 955 probare.
502 886 540 942 lie
554 888 616 943 aliis
630 903 695 943 vero
718 890 822 955 stratis,
846 890 920 946 scili·
969 899 1065 939 eorurn
1085 884 1223 941 desiderio
1247 884 1361 940 alterins
1387 886 1506 955 priorem
1526 887 1609 941 vitam
1632 902 1759 941 commu-

17 994 26 1028 r
45 997 48 1006 =
130 984 175 1032 cet
189 976 223 1031 de
236 974 398 1042 fontaneto,
411 985 439 1032 et
452 976 485 1032 de
497 977 588 1045 Graia,
604 980 678 1035 etde
692 978 782 1034 Monte
797 978 918 1047 Tirobct,
970 983 1044 1040 tans,
1067 974 1191 1030 habitum
1206 975 1345 1046 religionis
1360 986 1387 1031 et
1403 976 1464 1031 vice
1489 977 1570 1031 tirreni
1596 978 1666 1047 apud
1693 977 1760 1033 Car·

129 1075 158 1122 et
173 1066 208 1122 de
223 1066 329 1123 ceteris
342 1066 509 1124 vizeliacum
525 1084 612 1139 usque
627 1071 810 1137 tendentibus,
834 1072 920 1128 abbas
970 1067 1089 1122 drusiam
1116 1069 1231 1138 accepit.
1249 1066 1302 1122 Sed
1328 1069 1392 1138 quia
1420 1068 1588 1125 venerabilis
1611 1071 1759 1129 dilectricis

39 1191 43 1202 ι
131 1158 283 1228 respondit,
299 1159 372 1229 quod
390 1168 580 1217 antecessores
605 1163 649 1217 sui
661 1162 798 1233 justitiam
823 1179 918 1218 earum
969 1165 1053 1227 elque
1075 1155 1257 1211 famulatricis
1273 1156 1322 1212 Dei
1348 1156 1385 1212 ll.
1409 1155 1577 1228 Msgdalenar
1602 1162 1758 1231 sepulcrum

130 1248 315 1318 sinequerela
329 1250 561 1323 diurnaliumque
577 1262 730 1322 terruerant,
744 1254 793 1326 qni
812 1264 839 1310 et
854 1256 920 1326 ipsas
969 1247 1120 1318 gloriosum
1135 1256 1163 1303 et
1178 1247 1310 1319 religione
1323 1249 1529 1304 sanctissimum
1543 1249 1648 1319 injuste
1658 1267 1760 1307 veran-

21 1375 24 1400 ε
129 1348 224 1396 strate
236 1341 371 1410 perviam
387 1341 517 1400 Ecclesiae
531 1353 684 1414 transeunt,
699 1346 733 1402 dc
748 1347 849 1418 quibus
859 1363 919 1402 om-
969 1341 1006 1398 de
1023 1341 1166 1406 afflixerat,
1184 1356 1293 1410 boeifflffl
1320 1340 1444 1397 criminis
1458 1340 1515 1411 ipse
1539 1356 1555 1396 11
1581 1356 1649 1397 cane
1673 1344 1759 1399 deto-

9 1481 11 1496 ,
38 1461 43 1496 2
130 1430 212 1487 uibus
227 1431 330 1488 multos
345 1440 429 1490 testes
445 1435 551 1503 lrabnit,
567 1435 757 1494 Gnirrirnerum
780 1440 846 1495 olim
868 1440 917 1495 de·
970 1442 1048 1489 ratus
1063 1436 1181 1503 excepit,
1200 1443 1228 1488 et
1250 1433 1391 1503 injustitiae
1404 1432 1553 1489 vindictam
1577 1434 1635 1489 suis
1650 1434 1761 1506 reliquit

20 1561 28 1594 3
128 1531 241 1588 eanum,
254 1523 556 1594 Girardutndccanum,
577 1528 716 1600 lingonem
733 1531 918 1602 prepositum,
933 1511 955 1566 Β
970 1527 1136 1584 haeredibus.
1163 1526 1232 1582 Nam
1265 1525 1403 1582 [lebaldus
1428 1526 1594 1597 captivitatis
1619 1527 1759 1584 miseriam

130 1613 283 1671 lienaldum
296 1616 429 1686 Dautran,
451 1618 604 1675 Renaldum
621 1621 655 1676 dc
679 1619 782 1680 Sancto
793 1621 919 1678 Cbristo-
970 1620 1088 1690 turpiter
1102 1619 1228 1682 sortitus,
1243 1618 1368 1673 servituti
1384 1618 1508 1673 barbarae
1519 1618 1606 1688 gentis
1615 1618 1759 1676 infeliciter

16 1730 41 1781 [ᾖ
130 1705 229 1775 phere,
253 1707 429 1765 Gnillelmnm
451 1711 486 1766 de
503 1709 601 1777 Ponto,
617 1721 644 1768 et
667 1712 779 1769 fratrem
801 1713 861 1784 eius
872 1712 918 1767 lo-
969 1709 1096 1766 addictus
1110 1719 1163 1775 est,
1177 1717 1209 1764 ut
1223 1717 1310 1780 pater,
1325 1709 1372 1780 qni
1394 1707 1479 1764 viret.
1496 1708 1625 1765 Ecclesiae
1645 1710 1759 1766 liberta·

13 1837 41 1868 .,
130 1795 364 1863 narmdrnulfum
380 1801 414 1857 de
430 1800 577 1869 Ferrariis,
592 1802 743 1859 liebertum
762 1804 796 1860 de
814 1803 920 1862 Monte·
970 1813 1025 1860 tetn
1058 1801 1210 1873 depravare
1235 1809 1399 1867 tentaverat,
1425 1800 1566 1855 servitutis
1590 1800 1760 1870 experiretur

131 1889 276 1958 robillone,
300 1892 453 1949 Guidonem
479 1895 677 1960 Forestarium,
700 1896 860 1953 Durannum
886 1899 919 1954 de
969 1895 1148 1966 opprobrium
1173 1893 1201 1948 in
1227 1892 1294 1948 lilio.
1319 1892 1355 1948 ut
1378 1907 1444 1948 vero
1468 1890 1630 1947 Guillelmns
1653 1891 1759 1960 paterni

130 1979 194 2035 villa
206 1979 302 2047 lebet,
314 1982 474 2040 llnrannom
486 1986 520 2041 rie
535 1986 712 2054 Cbasteneto,
727 1989 918 2045 Constantium
969 1989 1132 2044 consulatus
1145 1989 1233 2044 barres
1248 1993 1276 2043 et
1291 1985 1415 2050 sceleris,
1432 2000 1494 2040 curn
1513 1984 1548 2039 ab
1564 1981 1759 2054 Hierosolymis

9 2041 23 2116 ἶ
130 2072 308 2141 prepositum
327 2074 361 2130 de
376 2075 539 2143 Fontaneto,
557 2076 727 2149 Stephanum
741 2082 918 2151 prepositum
970 2089 1111 2136 revertens
1124 2078 1299 2150 naufragium
1316 2085 1465 2147 peteretur,
1487 2074 1522 2129 de
1538 2073 1626 2130 salute
1649 2073 1759 2144 propria

127 2160 164 2217 de
186 2160 351 2233 Blanniaeo,
375 2167 519 2223 timonem
545 2168 780 2238 Nummularium,
797 2172 919 2227 Renum·
970 2170 1186 2239 periclitabatur.
1204 2167 1297 2223 liebus
1308 2175 1400 2223 nemin
1420 2164 1566 2234 expositis,
1581 2178 1644 2219 cunr
1659 2163 1716 2232 iarn
1731 2162 1759 2217 in

22 2295 24 2298 .
128 2253 249 2309 amicum
265 2256 405 2315 decastro
426 2259 571 2330 Censorio,
595 2261 742 2320 Goiridum
767 2264 918 2333 Bertinum,
970 2260 1087 2317 articulo
1100 2259 1199 2315 mortis
1222 2257 1352 2313 omnibus
1376 2253 1760 2313 constiturisacirornustan-

129 2342 332 2400 Blanehardum
357 2348 391 2402 de
417 2348 580 2420 Sarcitorio,
602 2351 771 2422 Stephanum
796 2354 920 2409 Beuran-
970 2351 1045 2408 tibus
1059 2357 1230 2413 moneretur,
1247 2355 1277 2402 ut
1291 2362 1353 2417 quae
1363 2353 1442 2416 pater
1451 2345 1526 2400 illius
1538 2352 1634 2399 contra
1644 2345 1691 2414 jus
1705 2343 1761 2399 fas·

128 2436 216 2504 dunt,
239 2434 362 2493 Odonem
388 2441 510 2510 pulcbrae
533 2443 740 2512 similitudinis,
766 2454 793 2501 et
817 2447 919 2502 multos
969 2437 1067 2510 quein
1085 2436 1171 2493 viret.
1187 2435 1357 2491 monasterio
1373 2433 1533 2505 usurpando
1557 2434 1611 2489 sibi
1636 2434 1760 2489 sindica-

129 2527 211 2585 al'res.
226 2528 294 2596 eae
306 2533 398 2587 omnin
413 2548 429 2587 a
445 2548 555 2589 suntme
569 2536 698 2606 pontifice
713 2536 741 2591 tn
756 2546 918 2608 perpetuum
969 2530 1027 2593 bat,
1046 2543 1097 2598 pro
1111 2527 1252 2585 communi
1265 2526 1354 2583 salute
1369 2527 1411 2583 sui
1427 2536 1455 2583 et
1469 2541 1583 2582 snnrem
1597 2526 1760 2595 renritteret,

130 2619 246 2675 tenenda
260 2623 423 2677 conlirmata
435 2632 512 2689 sulit,
528 2634 555 2680 et
569 2641 603 2681 ne
617 2625 757 2697 abaliquo
770 2644 852 2697 snper
877 2629 919 2686 bis
969 2622 1015 2677 vix
1029 2622 1138 2676 tandem
1152 2627 1267 2692 urgente
1282 2619 1407 2690 pericub
1421 2619 1516 2684 cessit,
1536 2628 1563 2673 et
1581 2618 1762 2689 iureiurando

11 2691 23 2709 ¹'
129 2707 253 2765 Ecclesia
276 2711 318 2766 rel
343 2712 429 2768 abbas
464 2714 645 2771 molestentur
668 2717 720 2772 sub
745 2719 919 2774 anathemate
969 2712 1022 2769 srrb
1032 2713 1226 2770 testitlcatione
1239 2712 1360 2779 devovit,
1376 2712 1468 2769 nelias
1478 2713 1608 2781 deinceps
1630 2727 1761 2782 procura-

27 2877 30 2884 Δ
130 2799 318 2857 interdictum.
345 2802 393 2859 ttae
417 2802 529 2860 luerunt
553 2807 673 2877 querele
693 2809 815 2877 comitis,
827 2822 858 2886 et
876 2811 953 2895 baec
969 2806 1094 2861 tiones...
1111 2803 1414 2862 Paschaeettransitns
1429 2804 1460 2862 Β.
1479 2805 1572 2863 itariae
1597 2806 1762 2878 ltagdslentc

130 2893 303 2964 repulsiones
316 2911 423 2964 earum,
439 2898 538 2954 abbate
552 2898 701 2956 retellente.
739 2938 744 2946 .
972 2897 1194 2953 solemnitatibus
1216 2911 1246 2953 se
1260 2896 1442 2967 repetiturum
1466 2898 1494 2951 in
1511 2899 1691 2955 monasterio.
1705 2897 1762 2960 Nee

165 2982 275 3038 dilutis
290 2983 459 3054 objectiones,
470 2997 496 3041 et
514 2989 620 3043 consitis
631 3006 765 3061 responso.
782 2990 846 3048 Post
861 2994 919 3050 lrree
971 3003 1062 3056 mora,
1078 2989 1147 3044 mira
1162 2987 1211 3044 liei
1228 2988 1340 3052 virtute,
1356 2988 1415 3059 ipsa
1429 2989 1490 3060 ejus
1504 2990 1644 3047 dilectrice
1658 2989 1689 3046 B.
1704 2990 1762 3047 lla·

129 3082 298 3143 conquestus
310 3084 352 3131 est
366 3077 453 3132 abbas
463 3078 498 3134 dc
509 3079 641 3149 praedicto
656 3082 768 3149 comite,
789 3084 853 3155 quia
869 3100 919 3155 per
971 3079 1014 3135 ria
1028 3079 1189 3150 Magdalcna
1207 3078 1386 3150 suffragante,
1402 3078 1565 3136 mirabiliter
1576 3080 1612 3135 ab
1625 3081 1762 3152 arrgnstils

25 3217 30 3236 ‚
130 3165 201 3220 viam
227 3165 366 3237 publicam
387 3169 423 3224 ab
447 3170 632 3228 ditissiodoro
647 3189 735 3244 usque
750 3172 917 3232 vizeliacum
971 3180 1116 3242 praemptae
1129 3170 1277 3242 rupisque
1293 3170 1373 3225 navis
1392 3169 1535 3237 inciderat,
1555 3181 1667 3243 repente
1679 3172 1762 3242 eripi·

130 3256 270 3315 institores
285 3267 314 3314 et
339 3270 507 3317 mercatores
533 3278 629 3321 ornnes
651 3266 802 3335 avertebat,
818 3277 845 3324 et
870 3267 918 3323 11-
972 3272 1027 3331 tur,
1042 3265 1080 3318 'et
1110 3262 1223 3319 turbido
1244 3276 1356 3331 equore
1379 3268 1557 3330 transmeato,
1573 3266 1666 3333 11111110
1678 3264 1762 3319 littori
1846 3273 1851 3280 '

23 3405 27 3428 ¹
130 3352 263 3409 reliacum
290 3355 329 3409 ire
351 3371 406 3409 non
427 3358 612 3427 permittebat.
637 3359 737 3418 Comes
762 3365 918 3435 respondit,
971 3355 1104 3411 redditur·

130 3443 195 3513 qnia
211 3443 276 3499 olim
292 3444 333 3500 sic
348 3443 462 3512 fecerat,
474 3462 526 3503 nec
541 3447 576 3502 ab
597 3449 691 3519 aliquo
713 3451 812 3508 abbate
833 3453 919 3508 inter·
1008 3445 1120 3515 Erectus
1135 3461 1222 3501 wrm
1238 3445 1266 3500 Ν
1267 3448 1348 3502 ilem·
1363 3464 1377 3502 θ
1399 3449 1552 3520 1111111110,
1576 3457 1664 3503 notam
1684 3447 1763 3503 wilfi

130 3535 248 3604 peilatus
269 3535 303 3591 de
327 3536 378 3592 bac
400 3551 430 3592 re
458 3537 558 3593 tuerat.
583 3538 703 3596 Ecquem
728 3542 816 3598 abbas
839 3543 919 3609 dixit,
978 3533 1060 3589 Virri.
1087 3534 1214 3606 capituto.
1238 3535 1343 3591 interea
1368 3538 1516 3606 praeclarus
1539 3537 1625 3595 abbas
1647 3536 1763 3596 Pontius

130 3627 196 3697 qnia
219 3634 305 3683 strata
327 3643 389 3698 qnae
407 3627 543 3686 vizeliaco
566 3632 694 3687 tendebat
709 3649 787 3704 reque
801 3642 860 3690 erat
874 3649 920 3691 re·
973 3633 1074 3681 18111111
1091 3640 1124 3682 ³0
1139 3625 1272 3681 f²fflf¹i³¹¹¹
1291 3626 1414 3697 praedicti
1428 3626 1605 3685 Nilffltfssssii
1627 3645 1762 3700 1110θῦ11·

131 3717 210 3788 galis,
235 3718 354 3787 publica,
384 3720 497 3790 antiqua
524 3723 567 3777 via
593 3722 666 3778 sicut
687 3722 865 3781 Nivernensis
888 3740 921 3783 ae
972 3717 1129 3788 instatque
1149 3718 1184 3773 ab
1210 3717 1417 3774 incursantibus
1441 3718 1562 3789 undique
1584 3719 1760 3786 defensabat;

132 3807 266 3873 securior,
288 3815 315 3863 et
335 3807 468 3877 iniustum
483 3820 543 3866 erat
558 3820 589 3889 ut
605 3812 764 3870 itinerantes
780 3825 921 3871 revocaret
973 3819 1031 3864 turn
1045 3809 1110 3879 quin
1122 3810 1290 3866 monasterio
1300 3820 1476 3867 suoeatenus
1486 3811 1607 3883 prospici
1617 3812 1760 3882 sperabat,

20 3955 24 3988 r
131 3900 217 3955 avia
243 3916 304 3971 quae
327 3901 380 3957 sibi
398 3901 506 3960 facilior
527 3912 555 3960 et
576 3905 919 3974 meliorridebatur,cum
972 3910 1031 3957 turn
1056 3900 1121 3971 quia
1146 3899 1218 3957 ldem
1243 3899 1407 3958 Guiltelmus
1430 3901 1604 3973 cognationis
1630 3902 1762 3958 affinitate

132 3991 225 4062 plures
239 3991 373 4049 orationis
398 4008 483 4049 causa
508 3997 595 4067 magis
620 4012 702 4067 quant
729 3999 920 4070 negotiationis
971 3993 1025 4049 tibi
1047 3993 1213 4064 conjunctus
1237 3993 1374 4050 exslsbtt·
1403 3992 1491 4061 Quem
1519 4003 1698 4050 revertentem
1726 3993 1762 4049 tii

132 4082 170 4138 ibi
192 4085 381 4141 convenirent.
405 4083 505 4142 lterum
532 4090 618 4147 abbas
639 4099 807 4161 conquestus
822 4099 864 4146 est
887 4092 920 4148 de
972 4081 1169 4157 flitt⁰⁸⁰¹lmi⁸
1188 4083 1353 4156 naufragum
1377 4084 1494 4156 emilii,
1517 4092 1545 4142 θῑ
1568 4100 1716 4142 0011111118
1735 4086 1760 4142 if

132 4175 290 4232 teloneariis
303 4175 424 4243 comitis,
440 4180 487 4249 qui
504 4182 616 4238 assidue
639 4183 766 4240 borniues
782 4198 848 4241 suos
871 4199 921 4256 per
935 4171 958 4226 Ῑ)
973 4174 1123 4231 h⁰¹¹⁰tifl00
1146 4190 1162 4231 i
1187 4173 1323 4246 11111111Ῑᾶ,
1347 4191 1402 4247 (lua
1432 4177 1552 4247 tillim
1576 4177 1760 4247 1111111111ῠῆ

131 4267 344 4326 stttsstouomm
361 4279 535 4330 transeuntes
547 4274 784 4345 depraednnantng
799 4276 919 4332 dieentes
971 4267 1137 4324 subicientes
1150 4268 1290 4325 relevavit,
1305 4269 1471 4327 incolumem
1491 4269 1611 4339 denique
1629 4268 1760 4324 familiam

131 4360 204 4431 quod
216 4361 302 4417 abbas
315 4361 342 4417 in
358 4363 446 4420 tribus
461 4363 667 4432 festivitatibus,
679 4367 785 4422 scilicet
796 4365 919 4433 Pascite,
970 4374 1035 4416 cvm
1052 4359 1135 4416 totius
1150 4358 1326 4417 immunitate
1341 4361 1525 4432 possessionis
1539 4374 1596 4416 sue
1615 4358 1653 4414 illi
1668 4359 1761 4415 consi·

131 4462 159 4507 et
171 4452 358 4521 Pentecostes,
373 4465 401 4511 et
414 4454 445 4510 B.
463 4456 499 4511 11.
520 4455 697 4528 llagdalenae,
720 4472 769 4514 eos
783 4472 846 4513 curn
858 4471 920 4511 enr-
970 4451 1083 4523 guarin
1099 4467 1151 4509 nec
1166 4454 1253 4510 multo
1267 4463 1329 4524 post
1345 4452 1429 4510 etiarn
1454 4451 1581 4507 inimicos
1599 4450 1674 4508 illius
1697 4466 1761 4506 curn

132 4543 215 4599 nibus
228 4545 314 4601 sociis
337 4545 395 4602 suis
409 4561 561 4616 procurare
585 4548 706 4615 deberet,
723 4557 751 4603 et
772 4548 920 4618 unicuique
971 4542 1162 4601 satisfactione
1176 4546 1203 4600 in
1219 4546 1335 4617 gratiam
1352 4544 1468 4601 reflexit.
1494 4543 1640 4599 invitatum
1663 4543 1762 4600 deirrde

132 4647 222 4688 ceram
237 4632 331 4704 pondo
346 4635 430 4691 unius
446 4637 524 4692 librar
537 4653 587 4707 pro
602 4638 718 4709 pedagio
741 4637 796 4693 vini
809 4636 921 4694 illisio·
974 4633 1111 4693 llizeliaco
1134 4652 1229 4693 coram
1253 4636 1387 4693 iratribus
1401 4635 1520 4705 vocavit,
1536 4645 1565 4693 et
1579 4645 1610 4692 ut
1624 4636 1698 4707 quod
1722 4637 1763 4690 re„

131 4722 273 4789 dorensis,
287 4725 362 4795 quod
375 4740 467 4782 emere
481 4728 600 4795 solebat,
611 4728 686 4783 dare.
704 4728 856 4800 Respondit
873 4743 920 4784 co·
971 4738 1047 4783 cerat
1064 4738 1158 4784 votum
1176 4728 1346 4799 persolveret
1369 4727 1437 4796 fleo,
1456 4728 1574 4785 monuit.
1598 4727 1694 4783 Paruit
1717 4726 1762 4783 ille

133 4825 193 4866 mes
207 4813 280 4881 quod
294 4815 414 4883 predicti
427 4817 504 4885 pueri
528 4817 570 4873 sui
595 4818 667 4874 banc
691 4818 920 4876 consuetudinem
971 4818 1000 4874 in
1022 4818 1103 4887 facie,
1125 4823 1252 4892 quamvis
1267 4822 1346 4877 dolos
1360 4828 1482 4878 versaret
1504 4820 1531 4876 in
1556 4826 1656 4876 merite.
1672 4816 1756 4886 Capi·

132 4901 168 4955 ab
192 4901 291 4958 abbate
313 4902 435 4961 ilenaldo
448 4907 627 4964 constitutam
649 4908 678 4964 iu
691 4906 815 4966 Ecclesia
835 4910 920 4965 babe-
971 4910 1058 4966 tulum
1073 4925 1139 4982 ergo
1162 4910 1302 4983 ingressus
1325 4911 1454 4980 fratmru,
1479 4910 1651 4980 naulragium
1678 4922 1759 4962 aurun

132 4992 208 5049 bant.
226 4994 320 5054 abbas
335 4997 369 5052 ad
385 4997 444 5056 bec
457 4999 526 5055 dixit
539 5016 571 5057 se
583 5001 691 5058 nescire
710 5002 783 5058 barre
803 5016 921 5058 consue-
971 5002 1026 5061 illis
1048 5002 1185 5073 exposuit,
1209 5004 1283 5076 quod
1308 5003 1339 5059 B.
1362 5002 1399 5058 tt.
1416 5002 1583 5074 llagdalenae
1606 5001 1760 5054 interrentu

134 5081 268 5153 tudinem,
294 5087 317 5143 si
342 5102 437 5144 verum
463 5099 532 5158 erat,
548 5100 641 5148 tamen
667 5093 786 5149 consilio
808 5092 919 5164 capituli
971 5094 1103 5152 liberatus
1127 5095 1173 5160 sit.
1192 5096 1348 5153 confitendo
1371 5094 1499 5161 absolvit,
1524 5105 1616 5149 votum
1630 5090 1703 5162 quod
1724 5088 1761 5144 ob

133 5175 235 5232 tactum
252 5193 308 5235 nen
323 5178 461 5247 lucianae
475 5184 584 5254 perlroc
597 5194 746 5241 necratum
760 5201 810 5243 nec
824 5184 921 5243 stabile
971 5188 1121 5262 gratiarum
1144 5189 1280 5245 actionem
1305 5187 1417 5251 fecerat,
1444 5185 1589 5257 expedivit,
1608 5193 1664 5240 eta
1683 5190 1761 5253 palie

132 5282 195 5324 ⁸⁸⁸0
210 5277 310 5339 potest,
328 5271 371 5327 vel
382 5272 473 5330 debet.
972 5286 1104 5351 usurpata
1131 5280 1243 5347 salaria,
1271 5279 1313 5335 vel
1343 5278 1458 5345 cibaria,
1484 5269 1650 5334 concedente
1674 5290 1760 5331 uror-e

168 5357 237 5416 Filii
260 5364 363 5418 comitis
387 5380 440 5420 uno
464 5383 524 5421 rum
545 5383 603 5438 rege
621 5366 821 5445 lerosolymam
840 5370 921 5439 proli-
971 5386 1034 5437 sua,
1049 5379 1077 5427 et
1092 5371 1147 5427 tilio
1162 5387 1214 5428 suo
1226 5370 1383 5436 Guillclmo,
1396 5368 1576 5441 praesentibus
1597 5365 1758 5430 innurneris,

133 5452 451 5520 cessissemusne
472 5457 591 5514 delitent
609 5464 782 5517 monasticem
806 5461 920 5518 Crrrtbt-
972 5463 1087 5532 remisit,
1103 5464 1250 5534 concessit,
1263 5464 1445 5522 confirmavit.
1462 5462 1587 5534 Cunrqnc
1608 5460 1693 5518 nauita
1707 5458 1759 5516 sibi
