3892 6067
172 44 243 103 tois
807 34 961 95 ttoooots
977 32 1152 91 PiCTAlel
1727 29 1801 86 libi

171 161 234 218 nior
248 167 330 231 atque
354 157 482 214 dorrrinus
503 166 597 213 noster
615 172 662 213 rex
689 157 819 225 Carolus,
842 158 960 229 plurima
976 161 1076 217 acum
1101 151 1230 207 omnibus
1251 150 1284 204 ad
1309 164 1370 205 cam
1384 145 1593 219 respicientibus
1612 153 1641 200 et
1661 145 1806 201 universis

169 251 251 308 nobis
265 248 428 321 possidenda
450 257 639 313 accreverunt,
657 248 810 319 justissime
826 248 905 304 uobis
918 249 960 301 ri·
1011 242 1190 313 appendiciis,
1205 242 1297 297 villam
1313 238 1480 295 Monssisseim
1497 238 1622 294 &williel
1632 251 1696 292 ⁰¹¹¹ss
1707 237 1805 293 ⁰¹⁰⁰3·

171 357 232 398 suna
243 349 296 406 est,
305 349 336 396 ut
346 354 442 395 eorum
454 355 547 395 amore
556 340 661 395 incitati
671 339 762 397 locum
775 341 858 396 ctiam
870 340 959 410 ipsum
1011 337 1064 392 bus
1079 332 1113 389 ad
1129 349 1190 390 eam
1210 332 1418 405 respicientibus
1428 341 1456 389 et
1470 330 1638 402 appendiciis
1651 327 1721 384 suis.
1745 325 1804 382 ve·

171 432 363 498 fundaremus,
379 431 425 486 obi
440 446 490 502 pro
503 431 589 502 gratis
605 432 765 488 muneribus
778 431 902 503 ipsorum
913 445 959 486 es·
1011 443 1061 483 roo
1075 427 1169 493 etiam,
1183 434 1211 480 et
1222 425 1317 481 villare
1328 424 1354 479 io
1370 423 1528 495 supradicto
1542 436 1612 493 pago
1623 436 1686 477 eum
1707 418 1805 474 omni-

171 534 213 581 sct
227 524 255 579 in
269 522 443 579 orationibus
459 522 588 579 solemnis
605 532 632 578 et
650 523 725 593 jugis
745 523 919 595 supplicatio,
933 532 961 578 et
1009 519 1062 575 bus
1076 519 1159 575 rebus
1174 518 1208 574 acl
1226 532 1273 573 eas
1286 515 1498 586 respicientibus
1518 521 1545 569 et
1566 510 1735 584 appendiciis
1746 522 1802 563 ea·

172 613 243 685 apud
259 612 344 668 ileum
360 612 491 669 continua
509 628 559 683 pro
579 613 667 669 salute
684 614 806 684 ipsorum
821 613 957 669 exoratio.
1011 628 1083 667 rura.
1101 610 1232 666 Similiter
1244 617 1271 664 et
1285 609 1313 663 io
1328 607 1423 664 eodem
1437 623 1517 678 pago,
1532 605 1558 660 in
1575 605 1637 660 villa
1652 617 1715 674 quae
1725 602 1803 656 dici-

170 701 232 760 Noo
246 703 421 758 immemores
433 703 533 759 etenim
547 718 643 759 sumus
655 717 750 760 eorum
763 704 836 759 eirca
849 718 901 758 nos
914 702 960 757 be·
1009 711 1055 757 tur
1065 701 1225 765 Piscatoria,
1241 714 1302 770 que
1315 707 1358 759 est
1373 697 1425 753 sita
1438 712 1521 768 super
1534 695 1656 767 ilrooam
1670 693 1803 756 lluvium,

172 793 342 859 nevolentiae,
357 795 490 865 ipsorum,
507 794 588 850 idest
608 794 713 851 domiui
736 794 853 850 senioris
865 791 959 848 bado·
1009 801 1096 849 totum
1113 801 1142 848 et
1163 791 1197 846 ad
1219 790 1356 860 integrum
1374 787 1508 861 quidquid
1524 788 1559 843 de
1581 785 1669 842 ildino
1690 784 1803 840 vasallo

171 883 226 938 vici
239 884 365 954 Augusti,
378 882 471 939 luditb
488 885 607 940 domiue
623 894 651 941 et
673 884 784 957 reginam
805 883 895 940 Caroli
911 884 958 939 lilii
1009 881 1149 937 dominico
1163 877 1389 950 conquisivimus,
1404 886 1432 933 et
1443 876 1575 948 quidquid
1590 876 1624 931 ad
1644 875 1732 944 ipsam
1756 875 1803 944 pi·

172 972 296 1041 ipsorum
313 972 438 1028 sirniliter
453 974 556 1030 domiai
570 984 598 1030 et
615 975 733 1032 senioris
744 976 791 1046 qui
816 962 894 1032 nunc¹
909 991 952 1032 su·
1009 972 1154 1030 sectoriam
1168 972 1276 1042 aspicit,
1290 970 1317 1025 in
1337 969 1463 1025 omnibus
1480 969 1624 1031 tlttttlaxal,
1645 966 1672 1020 in
1694 966 1803 1037 quibus

172 1071 264 1132 perest
290 1079 418 1135 regnans.
445 1063 496 1119 Sed
511 1074 539 1120 et
556 1064 665 1136 dignam
686 1066 865 1136 rependentes
880 1067 959 1138 peni·
1010 1064 1110 1120 ibidem
1126 1072 1220 1119 nostra
1247 1061 1357 1117 videtur
1382 1060 1544 1124 dominatio,
1560 1059 1601 1114 vel
1621 1072 1683 1113 esse
1709 1057 1803 1112 scitur

173 1152 279 1209 toribus
303 1162 385 1223 atque
405 1155 566 1225 parentibus
591 1156 840 1224 honorificentiam,
862 1157 957 1222 idest,
1009 1169 1144 1232 potestas:
1161 1168 1188 1216 et
1208 1158 1342 1231 quidquid
1356 1157 1389 1212 ad
1403 1155 1450 1225 jus
1464 1161 1589 1208 nostrum
1601 1149 1629 1204 iu
1651 1164 1719 1213 paen
1733 1146 1801 1201 Tri·

172 1239 332 1308 leuthardi,
347 1252 374 1299 et
388 1243 545 1320 Grimildis,
562 1258 644 1318 atque
664 1247 882 1318 gratissimorum
902 1246 958 1304 llu-
1008 1251 1117 1308 cassino
1129 1251 1256 1322 pertinet.

172 1333 251 1401 genis
264 1340 292 1388 et
308 1331 396 1401 Bavae,
411 1337 628 1409 amabilibusque
647 1339 709 1394 liliis
725 1347 752 1395 et
766 1338 875 1395 liliabus
886 1340 958 1410 ipso·
1045 1340 1188 1396 Fundetur
1210 1336 1397 1393 rnoacsterium
1425 1331 1602 1388 vezeliacense
1628 1328 1798 1386 martialium.

172 1437 245 1488 rum,
260 1423 317 1480 sive
331 1425 377 1495 qui
395 1426 452 1496 jam
467 1427 638 1485 dormierunt
649 1431 677 1485 in
693 1430 819 1498 Domino,
835 1431 893 1486 sive
909 1431 957 1501 qui
1008 1432 1069 1489 Pari
1091 1432 1173 1488 etiam
1194 1431 1290 1486 ordine
1313 1426 1488 1483 fundavimus
1508 1422 1581 1479 aliud
1597 1422 1799 1478 monasterinm

172 1513 263 1570 adbuc
273 1516 378 1583 vivont,
394 1521 642 1590 consanguinitate,
657 1522 786 1578 affinitate
806 1530 833 1577 et
847 1525 956 1594 propio·
972 1505 1103 1583 Beodem
1119 1524 1220 1588 studio,
1234 1521 1383 1591 eademque
1395 1515 1549 1581 devotione,
1564 1522 1593 1569 ut
1609 1514 1799 1569 babitaculum

173 1604 277 1673 qaitate
290 1608 372 1662 ctiam
384 1609 462 1665 nobis
471 1611 584 1679 junctis,
602 1612 628 1666 irl
642 1623 693 1680 est,
708 1613 833 1676 Lenlreoi
846 1609 958 1670 et'aoa·
1007 1616 1169 1675 ancillarum
1175 1597 1802 1679 Deisubdistrictionereqularr',etinstitutione

173 1693 244 1750 lardi
257 1699 388 1753 comitum
406 1703 690 1771 praeclarissimorum,
705 1714 736 1760 ιιι
750 1720 799 1776 pro
812 1681 860 1762 'eis
874 1706 959 1761 imer-
1009 1705 1079 1760 beati
1090 1702 1226 1760 Benedicti
1233 1700 1392 1766 viventium,
1401 1696 1501 1754 ibidem
1511 1696 1735 1752 lleretinbonore
1746 1677 1804 1749 od

173 1786 263 1841 cessio
279 1799 306 1842 et
326 1788 437 1845 assidua
462 1791 618 1862 deprecatio
633 1796 719 1862 lieret,
734 1806 763 1852 et
783 1806 958 1868 peccatorum
1009 1795 1075 1851 mini
1091 1793 1179 1850 nostri
1191 1790 1387 1859 iesu-Christi,
1400 1790 1427 1844 iu
1441 1790 1502 1844 loco
1524 1789 1566 1845 vel
1578 1804 1642 1861 agro
1652 1788 1701 1859 qui
1725 1787 1797 1842 dici·

173 1890 270 1930 earum
296 1879 485 1948 acquireretur
514 1884 681 1954 propitiatio,
702 1895 729 1941 et
749 1886 777 1940 in
804 1888 864 1942 loco
888 1887 958 1957 ipso,
1010 1895 1055 1942 tur
1072 1884 1234 1952 vizeliacus,
1254 1885 1281 1939 in
1296 1880 1513 1955 pignoratensi
1529 1881 1557 1937 iu
1573 1896 1655 1953 tegito
1672 1879 1801 1952 Burgurr-

173 1979 256 2034 qoem
271 1966 385 2035 juvante
401 1960 511 2028 Christo
525 1972 713 2042 iunrlareutas,
731 1976 953 2035 succedentibus·
1009 1976 1074 2044 diae3
1086 1976 1132 2032 ubi
1148 1985 1175 2032 et
1193 1975 1361 2032 contulimus
1382 1973 1461 2029 villas
1472 1973 1521 2028 bas
1535 1989 1543 2025 :
1556 1970 1680 2027 eamdem
1704 1970 1797 2041 ipsam

175 2072 231 2126 que
264 2062 431 2130 temporibus
462 2073 537 2122 esset
559 2081 655 2123 eorum
680 2082 842 2137 permanens
867 2084 960 2125 recor·

172 2147 258 2205 datio.
282 2150 375 2222 ltaque
402 2164 429 2210 et
451 2155 559 2212 illorum
587 2174 697 2230 quoque
723 2160 958 2231 propinquorum,

172 2241 273 2309 quibus
295 2253 321 2299 et
348 2244 518 2304 haereditario
538 2249 601 2319 jure
620 2251 722 2307 eisdem
747 2254 774 2308 in
800 2254 881 2309 rebus
894 2269 958 2309 suc-

1009 2068 1037 2122 in
1059 2082 1114 2138 iqua
1134 2067 1216 2123 situm
1241 2081 1349 2122 sacrum
1373 2073 1401 2120 et
1421 2061 1576 2120 venerabile
1598 2061 1800 2117 monasterium

1010 2155 1186 2221 vizeliacum,
1203 2172 1287 2226 quam
1309 2153 1539 2212 commutavimus
1558 2166 1624 2208 cum
1642 2150 1754 2207 domina
1772 2161 1799 2206 et

1009 2250 1129 2322 gloriosa
1154 2248 1249 2305 loditb
1264 2248 1369 2319 regina,
1385 2254 1482 2319 agente
1495 2255 1523 2301 et
1540 2244 1702 2315 impetrante
1723 2245 1797 2313 apud

174 2330 322 2397 cessimus,
343 2350 449 2389 necnon
469 2346 496 2391 et
517 2337 684 2407 reliquorum
707 2342 841 2410 omnium,
862 2344 909 2399 scd
932 2352 960 2399 et
1009 2339 1139 2410 piissimae
1152 2338 1291 2394 memorie
1310 2336 1452 2392 dominum
1468 2342 1495 2389 et
1516 2333 1652 2390 senriorem
1671 2341 1797 2388 nostrum

173 2422 326 2477 amicorum
343 2434 502 2480 nostrorum
518 2428 710 2484 universorum
731 2439 758 2486 et
776 2431 895 2488 bdelium
910 2450 959 2505 ge·
1010 2430 1181 2488 Ludovicum
1204 2430 1406 2501 imperatorem,
1429 2426 1561 2498 quidquid
1582 2425 1653 2482 idem
1676 2425 1797 2481 clemen·

173 2512 302 2568 neraliter
325 2514 446 2569 omnium
475 2519 641 2588 perpetualis
662 2521 775 2577 duraret
802 2524 958 2590 anemoria,
1010 2523 1133 2579 tissimus
1154 2524 1303 2593 imperator
1331 2520 1364 2575 ad
1389 2518 1512 2575 eamdem
1538 2518 1629 2573 villam
1645 2516 1797 2588 respiciens

174 2601 267 2672 ibique
290 2619 339 2674 per
365 2621 453 2661 aevum
477 2623 528 2679 pro
553 2610 682 2667 omnibus
709 2613 786 2668 iteret
805 2615 959 2671 communis

172 2693 271 2749 oratio.

1010 2611 1061 2667 sub
1074 2611 1200 2682 precepti
1221 2611 1262 2667 sui
1285 2608 1490 2666 confirmatione
1503 2606 1678 2669 condonarit,
1700 2607 1796 2662 nobis·

1008 2714 1063 2772 que
1090 2699 1215 2768 qontulit,
1229 2715 1291 2772 quae
1315 2699 1470 2769 ubicunqne
1492 2696 1644 2767 respiciunt
1664 2697 1698 2752 ad
1716 2713 1794 2752 eam-

210 2781 353 2841 Furtdutur
368 2794 556 2846 monasterium
582 2792 744 2849 Puiteriertse
762 2796 957 2853 ntonuclrorum.
1010 2790 1072 2845 dem
1091 2789 1183 2847 villam
1204 2791 1381 2861 pertinentia,
1395 2787 1525 2859 predicto
1541 2789 1708 2844 saronaslerio
1728 2803 1797 2844 con·

173 2871 232 2943 Ego
245 2874 328 2945 igitur
340 2877 500 2948 ‚Gerardus
515 2889 542 2937 ct
564 2883 665 2953 conjux
686 2886 769 2940 simul
791 2886 958 2956 gratissima,

173 2963 218 3033 pia
230 2973 256 3018 et
270 2964 342 3021 fldcli
356 2967 499 3025 devotione
511 2973 705 3029 constituimus
720 2984 803 3046 atque
818 2978 959 3032 construi·

173 3054 267 3113 ximus
284 3061 481 3115 monasterium
497 3069 524 3116 ct
538 3062 723 3119 babitaculum
749 3080 891 3120 servorum
912 3066 958 3122 Dei

173 3155 239 3213 apto
263 3151 481 3220 competentique
503 3152 573 3220 loco,
602 3164 630 3209 et
654 3170 688 3209 ex
715 3155 858 3225 largitione
878 3163 960 3224 atque

173 3237 313 3294 oblatione
329 3239 468 3297 facultatis
481 3250 509 3296 et
523 3258 614 3298 rorum
629 3253 798 3311 nostrarum,
814 3246 869 3300 illie
879 3245 960 3315 quid·

173 3325 240 3394 quid
260 3327 295 3383 ad
320 3331 547 3386 sustentationem
568 3334 726 3389 eorumdem
747 3334 802 3391 Deo
822 3334 959 3391 famulan-

169 3415 254 3483 tium,
268 3418 401 3491 quidquid
422 3422 455 3476 ad
482 3423 623 3493 religionis
645 3427 748 3481 arritum
773 3429 958 3484 necessarium

175 3516 274 3575 exstat,
289 3507 332 3579 pia
351 3524 383 3565 ac
400 3512 493 3568 solerti
514 3515 680 3584 procidentia
702 3516 781 3587 irrata
801 3518 872 3574 vires
889 3535 959 3590 quas

174 3595 246 3653 Deus
264 3598 370 3666 tribuit,
387 3604 606 3673 procuravimus,
629 3616 773 3678 menteque
788 3612 959 3680 promptissi-

174 3703 218 3743 ma
232 3690 328 3745 eadem
353 3692 411 3762 ipsa
434 3710 496 3764 quac
512 3696 545 3752 tle
565 3712 648 3752 manu
673 3699 760 3768 ipsias
786 3702 957 3770 accepimus,

173 3777 276 3848 gratias
294 3780 432 3838 benefieiis
447 3784 520 3840 illius
535 3784 692 3856 relerentes,
709 3790 867 3845 obtulimus.
882 3790 902 3843 F
905 3806 959 3844 on-

173 3868 254 3925 datus
268 3870 350 3942 igitur
364 3883 446 3943 atquc
460 3876 586 3933 conditus
599 3886 641 3934 est
657 3879 733 3934 loeus
746 3880 895 3937 devotionis
908 3896 960 3936 no-

173 3968 237 4016 strae
251 3960 277 4016 in
293 3962 398 4020 bonore
413 3964 521 4020 llorniui
534 3968 621 4024 nostri
632 3967 696 4025 lesu
712 3970 825 4040 Cbristi,
840 3984 867 4027 ct
877 3989 959 4029 vene-

1011 2879 1191 2951 slpnavimus.
1214 2877 1312 2933 villam
1334 2877 1451 2947 denique
1475 2875 1682 2943 llornieiaeum,
1701 2874 1795 2929 villam

1009 2966 1159 3034 Cisternas,
1171 2965 1319 3032 Fontaaas,
1334 2975 1416 3035 atque
1429 2963 1587 3030 llulnitum;
1604 2964 1645 3018 vel
1657 2963 1795 3035 quidquid

1011 3058 1039 3114 ia
1055 3059 1197 3113 nominato
1208 3073 1278 3129 pago
1291 3056 1419 3112 Avalcusi
1432 3057 1473 3111 vel
1488 3054 1689 3112 Turnodorcusi
1703 3057 1798 3126 aequi·

1010 3147 1137 3214 sivimus,
1153 3162 1215 3202 eum
1241 3146 1378 3203 universis
1388 3146 1557 3217 appendiciis
1574 3146 1795 3218 supradictarum

1010 3236 1145 3303 villarum,
1165 3237 1321 3309 ubicunque
1338 3238 1381 3293 vel
1401 3237 1428 3292 in
1449 3252 1614 3310 quocunque
1642 3253 1712 3310 pago
1734 3237 1796 3293 ine·

1010 3326 1074 3383 rint.

1044 3416 1143 3472 'lotum
1159 3433 1225 3492 ergo
1238 3435 1271 3475 es
1291 3419 1398 3490 integro
1417 3417 1547 3490 quidquid
1570 3418 1597 3474 iu
1618 3421 1795 3490 supremas

1010 3512 1083 3568 natis
1102 3511 1172 3569 villis
1186 3514 1228 3568 rel
1239 3512 1312 3583 agris
1326 3512 1524 3582 acquisivimus
1542 3521 1569 3569 et
1582 3513 1727 3582 acquirere
1745 3529 1795 3583 po·

1010 3603 1123 3672 ruimus,
1138 3605 1333 3661 sacratissimis
1345 3604 1414 3660 locis
1430 3613 1457 3661 et
1472 3604 1644 3660 monasteriis
1657 3604 1794 3660 coaduna-

1009 3695 1111 3762 vimus,
1130 3703 1157 3749 et
1170 3695 1343 3750 unanimitati
1357 3703 1440 3765 atquc
1453 3694 1560 3750 utilitati
1572 3709 1667 3749 eorum
1692 3694 1738 3764 qui
1757 3694 1794 3748 ibi

1011 3787 1066 3843 Deo
1092 3787 1238 3844 servierint
1255 3788 1282 3843 io
1308 3795 1439 3860 perpetuo
1454 3787 1671 3853 connexuimus;
1687 3795 1792 3841 tautum

1009 3880 1098 3946 nobis,
1113 3879 1177 3936 dum
1199 3896 1345 3936 nrarremus
1361 3880 1388 3934 in
1403 3879 1457 3933 vita
1474 3878 1574 3944 carnis,
1587 3876 1792 3933 usufructuario

1009 3980 1163 4039 reservato;
1189 3973 1331 4027 tuitionem
1347 3962 1466 4041 quoquc
1500 3979 1581 4038 atque
1607 3968 1791 4024 defensionem

173 4053 279 4110 ratione
299 4055 519 4112 beatissimorum
535 4061 722 4130 apostolorum
744 4061 817 4119 Petri
839 4075 865 4122 et
879 4063 958 4121 Pauli
1012 4062 1203 4133 praedictorum
1220 4061 1447 4117 rarorrastcriorum
1473 4060 1523 4116 sub
1544 4067 1639 4115 nostra
1658 4076 1723 4115 cura
1745 4061 1792 4114 ba·

173 4159 256 4215 super
267 4160 376 4202 amnem
403 4148 537 4220 Sequanae
554 4154 771 4221 praeterfluentis,
788 4155 814 4210 in
827 4172 894 4228 agro
908 4171 954 4211 re·
975 4152 1113 4223 poeotes.
1129 4152 1221 4223 ltaque
1243 4151 1373 4223 quidquid
1396 4150 1509 4222 praelato
1525 4151 1692 4207 monasterio
1717 4151 1791 4207 viru-

172 4235 454 4307 spicleuteadvillam,
465 4257 547 4311 quam
558 4245 711 4314 esarrtiquo
722 4242 857 4301 Pullarias
867 4245 958 4300 tronti·
1010 4260 1070 4300 ruru
1086 4253 1180 4301 nostra
1200 4244 1327 4314 religiosa
1351 4243 1488 4299 oblatione
1502 4243 1630 4298 collatum
1645 4253 1697 4308 est,
1711 4242 1791 4313 quisl-

172 4339 250 4395 uaot,
264 4329 292 4385 iu
308 4346 377 4402 pago
392 4330 529 4388 Latieeusi
543 4333 571 4387 in
587 4349 670 4404 reguo
687 4334 860 4405 burgundiae,
874 4344 904 4389 ut
917 4336 955 4390 ibi
1009 4333 1074 4405 quid
1093 4334 1120 4388 in
1136 4334 1217 4389 rebus
1230 4332 1288 4388 sive
1302 4332 1431 4399 servitiis,
1446 4332 1488 4386 vel
1501 4333 1720 4402 quibuscumque
1731 4346 1790 4400 spe·

172 4422 326 4476 venerabile
347 4423 479 4478 orationis
494 4424 662 4479 domicilium
677 4425 749 4478 votis
773 4441 806 4480 ac
820 4425 959 4494 supplica·
1009 4425 1114 4492 clebus,
1127 4424 1183 4480 oco
1194 4425 1344 4495 inspirante
1357 4423 1538 4480 contraditum
1549 4422 1727 4492 additumque
1736 4420 1791 4475 lue·

172 4512 294 4566 tionibus
309 4512 429 4568 bdelium
444 4513 641 4585 frequentetur,
656 4517 881 4586 conversatioque
897 4533 957 4571 ιω·
1009 4514 1055 4582 rit,
1070 4522 1144 4569 anta
1167 4514 1375 4584 quibuscunque
1390 4513 1524 4579 fidelibus,
1538 4511 1660 4583 quolibet
1671 4525 1789 4581 unquam

171 4601 246 4656 lestis
261 4602 314 4656 sub
326 4603 443 4673 regulari
457 4605 638 4672 districtione,
653 4615 681 4661 et
701 4604 871 4661 institutione
883 4606 958 4661 beati
1010 4614 1133 4675 tempore
1156 4605 1277 4659 oblatum
1293 4604 1397 4675 absque
1430 4603 1493 4659 allis
1515 4603 1697 4660 exterioribus
1710 4602 1790 4657 obse·

173 4690 313 4748 Benedicti
337 4693 499 4762 viventium,
513 4696 587 4752 omni
602 4696 737 4752 desiderio
751 4707 779 4753 et
798 4698 896 4753 ardore
913 4698 957 4752 in·
1008 4697 1093 4766 quiis,
1106 4705 1132 4750 et
1146 4696 1338 4765 obsequiorum
1352 4694 1552 4760 exactionibus,
1564 4693 1631 4750 solis
1640 4708 1736 4748 eorum
1747 4691 1791 4747 sti·

171 4786 239 4840 timo
261 4785 437 4854 perquiratur
459 4795 487 4841 et
504 4798 655 4857 expetatur.
679 4787 773 4859 lbique
788 4791 959 4847 consulimus
1008 4786 1116 4860 peudiis
1130 4796 1157 4842 ct
1181 4786 1345 4842 necessariis
1358 4786 1522 4856 sumptibus,
1544 4786 1591 4858 qui
1608 4785 1663 4840 illic
1677 4783 1792 4839 llomiue

171 4875 250 4931 villas
273 4876 324 4931 lras
349 4893 356 4929 a
384 4876 471 4946 ipsam
490 4880 681 4950 carnalemque,
693 4881 739 4936 ubi
757 4881 876 4937 ericino
890 4896 957 4937 mo·
1008 4878 1210 4951 serviunt,jugi
1222 4878 1363 4948 praesentis
1386 4879 1473 4933 nostri
1493 4878 1650 4935 testamenti
1663 4876 1791 4931 firmitate

169 4969 320 5024 naslerium
335 4970 417 5026 situm
428 4979 481 5037 est,
496 4968 647 5038 Pultarias;
663 4972 794 5042 quidquid
807 4973 886 5029 ibiex
899 4973 957 5029 bae·
1008 4979 1165 5041 permaneat
1177 4968 1532 5038 illibatuu13esceptoquotl
1545 4984 1594 5038 pru
1604 4966 1792 5022 benedictione

171 5058 297 5122 reditatc,
318 5059 451 5130 quidquid
466 5062 591 5131 precepti
613 5062 656 5116 sui
679 5066 841 5120 auctoritate
862 5067 957 5122 semor
1007 5061 1087 5117 annis
1101 5062 1214 5133 singulis
1229 5060 1262 5115 ad
1276 5059 1524 5115 reverentissimam
1538 5059 1630 5115 sedern
1647 5058 1790 5112 beatorum

170 5159 264 5206 noster
277 5150 393 5208 Carolus
406 5167 454 5207 rex
469 5152 548 5208 nobis
562 5151 597 5208 ibi
610 5153 736 5220 contulit,
750 5153 885 5225 quidquid
902 5155 957 5210 aliu
1008 5154 1204 5225 apostulorum,
1218 5151 1262 5207 cni
1288 5150 1350 5207 loca
1370 5150 1464 5206 eadem
1488 5149 1675 5214 sulnlidimus,
1696 5146 1792 5202 llam

170 5242 294 5312 legitimo
307 5255 387 5315 pacto
403 5245 439 5300 ibi
453 5246 536 5301 rebus
559 5246 661 5302 nostris
677 5247 804 5314 accessit,
816 5264 882 5303 cum
898 5247 958 5305 uni·
1008 5246 1156 5302 oderantur
1181 5244 1261 5299 beato
1277 5240 1398 5313 pontilici
1414 5239 1493 5296 Urbis
1507 5241 1582 5295 librae
1597 5238 1702 5309 asperati
1717 5238 1790 5299 daras,

163 5331 257 5386 'versis
271 5334 439 5402 appendiciis
450 5335 519 5403 suis,
534 5347 562 5390 ct
583 5352 644 5407 quae
659 5337 815 5408 ubicunque
837 5338 870 5393 ad
898 5323 956 5407 ipsa
1007 5345 1036 5392 ct
1054 5352 1115 5406 quae
1133 5335 1257 5390 ultronea
1271 5333 1410 5389 voluntate
1424 5331 1566 5388 eharitatis
1587 5341 1669 5401 atque
1689 5329 1789 5383 bonm-

173 5422 344 5493 rcspicicntia
373 5434 447 5482 sunt.
465 5425 494 5483 ln
518 5443 589 5500 papo
611 5443 674 5484 vcro
689 5427 824 5486 Sertouico
844 5430 956 5486 Scitam
1009 5429 1102 5487 nitatis
1116 5426 1203 5484 oilteio
1223 5425 1385 5499 quotidiana
1397 5425 1524 5482 ocococia
1546 5426 1645 5480 dotem
1659 5435 1790 5479 eserucu·

198 5843 1913 6017 n—
