<?xml version="1.0" encoding="UTF-8"?>
<!DOCTYPE html PUBLIC "-//W3C//DTD XHTML 1.0 Transitional//EN"
    "http://www.w3.org/TR/xhtml1/DTD/xhtml1-transitional.dtd">
<html xmlns="http://www.w3.org/1999/xhtml" xml:lang="en" lang="en">
 <head>
  <title>
</title>
<meta http-equiv="Content-Type" content="text/html;charset=utf-8" />
  <meta name='ocr-system' content='tesseract 3.04.00' />
  <meta name='ocr-capabilities' content='ocr_page ocr_carea ocr_par ocr_line ocrx_word'/>
</head>
<body>
  <div class='ocr_page' id='page_1' title='image "./lta-11000/patrologiaecurs03berngoog/patrologiaecurs03berngoog_0685.png"; bbox 0 0 3892 6067; ppageno 0'>
   <div class='ocr_carea' id='block_1_1' title="bbox 177 235 248 294">
    <p class='ocr_par' dir='ltr' id='par_1_1' title="bbox 177 235 248 294">
     <span class='ocr_line' id='line_1_1' title="bbox 177 235 248 294; baseline 0.028 -2"><span class='ocrx_word' id='word_1_1' title='bbox 177 235 248 294; x_wconf 70' lang='lat'>¹275</span> 
     </span>
    </p>
   </div>
   <div class='ocr_carea' id='block_1_2' title="bbox 661 218 1316 286">
    <p class='ocr_par' dir='ltr' id='par_1_2' title="bbox 661 218 1316 286">
     <span class='ocr_line' id='line_1_2' title="bbox 661 218 1316 286; baseline -0.017 0"><span class='ocrx_word' id='word_1_2' title='bbox 661 228 813 286; x_wconf 73' lang='lat' dir='ltr'>Gnullbttt</span> <span class='ocrx_word' id='word_1_3' title='bbox 831 223 1027 282; x_wconf 79' lang='lat' dir='ltr'>PRAEPOSlTl</span> <span class='ocrx_word' id='word_1_4' title='bbox 1045 218 1316 279; x_wconf 73' lang='lat' dir='ltr'>anteususeuuc.</span> 
     </span>
    </p>
   </div>
   <div class='ocr_carea' id='block_1_3' title="bbox 1731 207 1802 261">
    <p class='ocr_par' dir='ltr' id='par_1_3' title="bbox 1731 207 1802 261">
     <span class='ocr_line' id='line_1_3' title="bbox 1731 207 1802 261; baseline 0 0"><span class='ocrx_word' id='word_1_5' title='bbox 1731 207 1802 261; x_wconf 61' lang='lat' dir='ltr'>ltro</span> 
     </span>
    </p>
   </div>
   <div class='ocr_carea' id='block_1_4' title="bbox 176 327 1804 421">
    <p class='ocr_par' dir='ltr' id='par_1_4' title="bbox 176 327 1804 421">
     <span class='ocr_line' id='line_1_4' title="bbox 176 327 1804 421; baseline -0.02 -10"><span class='ocrx_word' id='word_1_6' title='bbox 176 355 262 411; x_wconf 85' lang='lat' dir='ltr'>motin</span> <span class='ocrx_word' id='word_1_7' title='bbox 284 352 416 410; x_wconf 68' lang='lat' dir='ltr'>saeculare</span> <span class='ocrx_word' id='word_1_8' title='bbox 430 349 571 421; x_wconf 79' lang='lat' dir='ltr'><strong>negotium</strong></span> <span class='ocrx_word' id='word_1_9' title='bbox 588 346 725 418; x_wconf 72' lang='lat' dir='ltr'>transigit,</span> <span class='ocrx_word' id='word_1_10' title='bbox 738 346 818 418; x_wconf 83' lang='lat' dir='ltr'>juxta</span> <span class='ocrx_word' id='word_1_11' title='bbox 846 361 907 417; x_wconf 87' lang='lat' dir='ltr'>cap.</span> <span class='ocrx_word' id='word_1_12' title='bbox 931 343 965 398; x_wconf 79' lang='lat' dir='ltr'>tl</span> <span class='ocrx_word' id='word_1_13' title='bbox 980 348 1004 404; x_wconf 76' lang='grc' dir='ltr'><strong>Α</strong></span> <span class='ocrx_word' id='word_1_14' title='bbox 1017 341 1065 412; x_wconf 95' lang='lat' dir='ltr'>qui</span> <span class='ocrx_word' id='word_1_15' title='bbox 1078 341 1117 396; x_wconf 87' lang='lat' dir='ltr'>sie</span> <span class='ocrx_word' id='word_1_16' title='bbox 1141 338 1265 394; x_wconf 89' lang='lat' dir='ltr'>absolute</span> <span class='ocrx_word' id='word_1_17' title='bbox 1287 330 1475 388; x_wconf 88' lang='lat' dir='ltr'>ordinatorum</span> <span class='ocrx_word' id='word_1_18' title='bbox 1498 327 1598 382; x_wconf 88' lang='lat' dir='ltr'>missas</span> <span class='ocrx_word' id='word_1_19' title='bbox 1621 331 1740 380; x_wconf 77' lang='lat' dir='ltr'>serentes</span> <span class='ocrx_word' id='word_1_20' title='bbox 1753 339 1804 378; x_wconf 87' lang='lat' dir='ltr'>au-</span> 
     </span>
    </p>
   </div>
   <div class='ocr_carea' id='block_1_5' title="bbox 176 434 970 600">
    <p class='ocr_par' dir='ltr' id='par_1_5' title="bbox 176 434 970 600">
     <span class='ocr_line' id='line_1_5' title="bbox 176 434 968 512; baseline -0.013 -14"><span class='ocrx_word' id='word_1_21' title='bbox 176 442 293 500; x_wconf 76' lang='lat' dir='ltr'>NIcaeun</span> <span class='ocrx_word' id='word_1_22' title='bbox 306 439 402 512; x_wconf 78' lang='lat' dir='ltr'>synodi</span> <span class='ocrx_word' id='word_1_23' title='bbox 416 435 586 509; x_wconf 85' lang='lat' dir='ltr'>dejiciendus</span> <span class='ocrx_word' id='word_1_24' title='bbox 596 443 638 492; x_wconf 89' lang='lat' dir='ltr'>est</span> <span class='ocrx_word' id='word_1_25' title='bbox 658 451 674 491; x_wconf 91' lang='lat' dir='ltr'>a</span> <span class='ocrx_word' id='word_1_26' title='bbox 693 434 778 504; x_wconf 85' lang='lat' dir='ltr'>clero,</span> <span class='ocrx_word' id='word_1_27' title='bbox 793 443 822 491; x_wconf 85' lang='lat' dir='ltr'>et</span> <span class='ocrx_word' id='word_1_28' title='bbox 843 434 968 490; x_wconf 86' lang='lat' dir='ltr'>alienau-</span> 
     </span>
     <span class='ocr_line' id='line_1_6' title="bbox 176 530 970 600; baseline -0.019 -10"><span class='ocrx_word' id='word_1_29' title='bbox 176 533 229 590; x_wconf 85' lang='lat' dir='ltr'>das</span> <span class='ocrx_word' id='word_1_30' title='bbox 247 546 263 586; x_wconf 88' lang='lat' dir='ltr'>a</span> <span class='ocrx_word' id='word_1_31' title='bbox 279 530 385 600; x_wconf 88' lang='lat' dir='ltr'>regula.</span> <span class='ocrx_word' id='word_1_32' title='bbox 967 535 970 540; x_wconf 61' lang='lat'>‘</span> 
     </span>
    </p>
   </div>
   <div class='ocr_carea' id='block_1_6' title="bbox 449 659 684 722">
    <p class='ocr_par' dir='ltr' id='par_1_6' title="bbox 449 659 684 722">
     <span class='ocr_line' id='line_1_7' title="bbox 449 659 684 722; baseline -0.03 -1"><span class='ocrx_word' id='word_1_33' title='bbox 449 659 566 722; x_wconf 73' lang='lat' dir='ltr'>CAPUT</span> <span class='ocrx_word' id='word_1_34' title='bbox 585 659 684 715; x_wconf 77' lang='lat' dir='ltr'>xxxi.</span> 
     </span>
    </p>
   </div>
   <div class='ocr_carea' id='block_1_7' title="bbox 178 794 969 937">
    <p class='ocr_par' dir='ltr' id='par_1_7' title="bbox 178 794 969 937">
     <span class='ocr_line' id='line_1_8' title="bbox 178 794 969 867; baseline -0.005 -16"><span class='ocrx_word' id='word_1_35' title='bbox 178 794 267 862; x_wconf 81' lang='lat' dir='ltr'>Quare</span> <span class='ocrx_word' id='word_1_36' title='bbox 299 806 407 852; x_wconf 84' lang='lat' dir='ltr'>sanstus</span> <span class='ocrx_word' id='word_1_37' title='bbox 448 794 591 866; x_wconf 82' lang='lat' dir='ltr'>Gregorius</span> <span class='ocrx_word' id='word_1_38' title='bbox 629 794 742 867; x_wconf 75' lang='lat' dir='ltr'>Magnes</span> <span class='ocrx_word' id='word_1_39' title='bbox 768 794 871 850; x_wconf 86' lang='lat' dir='ltr'>clericis</span> <span class='ocrx_word' id='word_1_40' title='bbox 891 803 969 848; x_wconf 78' lang='lat' dir='ltr'>estro</span> 
     </span>
     <span class='ocr_line' id='line_1_9' title="bbox 213 865 932 937; baseline -0.003 -17"><span class='ocrx_word' id='word_1_41' title='bbox 213 883 303 921; x_wconf 84' lang='lat' dir='ltr'>saeros</span> <span class='ocrx_word' id='word_1_42' title='bbox 317 868 422 922; x_wconf 79' lang='lat' dir='ltr'>ordines</span> <span class='ocrx_word' id='word_1_43' title='bbox 446 867 597 922; x_wconf 86' lang='lat' dir='ltr'>constitutis</span> <span class='ocrx_word' id='word_1_44' title='bbox 618 867 754 937; x_wconf 81' lang='lat' dir='ltr'>proprium</span> <span class='ocrx_word' id='word_1_45' title='bbox 774 865 932 935; x_wconf 84' lang='lat' dir='ltr'>permiserit.</span> 
     </span>
    </p>
   </div>
   <div class='ocr_carea' id='block_1_8' title="bbox 179 971 971 1422">
    <p class='ocr_par' dir='ltr' id='par_1_8' title="bbox 179 971 971 1422">
     <span class='ocr_line' id='line_1_10' title="bbox 214 971 969 1044; baseline -0.009 -14"><span class='ocrx_word' id='word_1_46' title='bbox 214 973 263 1031; x_wconf 89' lang='lat' dir='ltr'>llis</span> <span class='ocrx_word' id='word_1_47' title='bbox 281 975 503 1040; x_wconf 87' lang='lat' dir='ltr'>auctoritatibus,</span> <span class='ocrx_word' id='word_1_48' title='bbox 517 976 610 1043; x_wconf 91' lang='lat' dir='ltr'>eredo,</span> <span class='ocrx_word' id='word_1_49' title='bbox 626 974 699 1044; x_wconf 89' lang='lat' dir='ltr'>quod</span> <span class='ocrx_word' id='word_1_50' title='bbox 712 973 808 1029; x_wconf 88' lang='lat' dir='ltr'>beatus</span> <span class='ocrx_word' id='word_1_51' title='bbox 821 971 969 1041; x_wconf 72' lang='lat' dir='ltr'><strong>Gregorius</strong></span> 
     </span>
     <span class='ocr_line' id='line_1_11' title="bbox 179 1062 969 1139; baseline -0.006 -18"><span class='ocrx_word' id='word_1_52' title='bbox 179 1067 347 1123; x_wconf 75' lang='lat' dir='ltr'>innitebatur</span> <span class='ocrx_word' id='word_1_53' title='bbox 360 1086 368 1136; x_wconf 90' lang='lat'><strong>;</strong></span> <span class='ocrx_word' id='word_1_54' title='bbox 382 1068 492 1139; x_wconf 89' lang='lat' dir='ltr'>quando</span> <span class='ocrx_word' id='word_1_55' title='bbox 508 1066 662 1138; x_wconf 76' lang='lat' dir='ltr'>Augustino</span> <span class='ocrx_word' id='word_1_56' title='bbox 682 1064 833 1136; x_wconf 78' lang='lat' dir='ltr'>Anglotum</span> <span class='ocrx_word' id='word_1_57' title='bbox 844 1062 969 1120; x_wconf 85' lang='lat' dir='ltr'>scribens</span> 
     </span>
     <span class='ocr_line' id='line_1_12' title="bbox 180 1153 970 1226; baseline -0.009 -12"><span class='ocrx_word' id='word_1_58' title='bbox 180 1157 415 1214; x_wconf 85' lang='lat' dir='ltr'>solummodoeos</span> <span class='ocrx_word' id='word_1_59' title='bbox 437 1157 579 1214; x_wconf 89' lang='lat' dir='ltr'>consortio</span> <span class='ocrx_word' id='word_1_60' title='bbox 597 1156 717 1226; x_wconf 83' lang='lat' dir='ltr'>episcopi</span> <span class='ocrx_word' id='word_1_61' title='bbox 741 1156 840 1225; x_wconf 89' lang='lat' dir='ltr'>dignos</span> <span class='ocrx_word' id='word_1_62' title='bbox 863 1153 970 1223; x_wconf 83' lang='lat' dir='ltr'>judica·</span> 
     </span>
     <span class='ocr_line' id='line_1_13' title="bbox 179 1241 970 1317; baseline -0.006 -17"><span class='ocrx_word' id='word_1_63' title='bbox 179 1247 230 1314; x_wconf 84' lang='lat' dir='ltr'>rit,</span> <span class='ocrx_word' id='word_1_64' title='bbox 251 1247 517 1317; x_wconf 87' lang='lat' dir='ltr'>illumqueseorsum</span> <span class='ocrx_word' id='word_1_65' title='bbox 530 1245 565 1314; x_wconf 83' lang='lat' dir='ltr'>ab</span> <span class='ocrx_word' id='word_1_66' title='bbox 579 1244 620 1299; x_wconf 87' lang='lat' dir='ltr'>eis</span> <span class='ocrx_word' id='word_1_67' title='bbox 643 1243 734 1298; x_wconf 82' lang='lat' dir='ltr'>uiuere</span> <span class='ocrx_word' id='word_1_68' title='bbox 758 1242 909 1313; x_wconf 89' lang='lat' dir='ltr'>prohibuit,</span> <span class='ocrx_word' id='word_1_69' title='bbox 923 1241 970 1312; x_wconf 95' lang='lat' dir='ltr'>qui</span> 
     </span>
     <span class='ocr_line' id='line_1_14' title="bbox 181 1332 971 1422; baseline -0.004 -28"><span class='ocrx_word' id='word_1_70' title='bbox 181 1337 233 1394; x_wconf 91' lang='lat' dir='ltr'>sub</span> <span class='ocrx_word' id='word_1_71' title='bbox 246 1338 431 1422; x_wconf 81' lang='lat' dir='ltr'>apostolorum</span> <span class='ocrx_word' id='word_1_72' title='bbox 440 1335 533 1407; x_wconf 88' lang='lat' dir='ltr'>regula</span> <span class='ocrx_word' id='word_1_73' title='bbox 547 1332 729 1394; x_wconf 88' lang='lat' dir='ltr'>communiter</span> <span class='ocrx_word' id='word_1_74' title='bbox 743 1335 868 1402; x_wconf 89' lang='lat' dir='ltr'>rireudo,</span> <span class='ocrx_word' id='word_1_75' title='bbox 884 1335 971 1391; x_wconf 83' lang='lat' dir='ltr'>sacris</span> 
     </span>
    </p>
   </div>
   <div class='ocr_carea' id='block_1_9' title="bbox 85 1426 970 1501">
    <p class='ocr_par' dir='ltr' id='par_1_9' title="bbox 85 1426 970 1501">
     <span class='ocr_line' id='line_1_15' title="bbox 85 1426 970 1501; baseline -0.002 -17"><span class='ocrx_word' id='word_1_76' title='bbox 85 1461 94 1484; x_wconf 74' lang='lat' dir='ltr'>t</span> <span class='ocrx_word' id='word_1_77' title='bbox 181 1429 326 1486; x_wconf 81' lang='lat' dir='ltr'>ordinibus</span> <span class='ocrx_word' id='word_1_78' title='bbox 342 1428 545 1501; x_wconf 81' lang='lat' dir='ltr'>iungebantur3</span> <span class='ocrx_word' id='word_1_79' title='bbox 561 1428 662 1499; x_wconf 91' lang='lat' dir='ltr'>quihus</span> <span class='ocrx_word' id='word_1_80' title='bbox 676 1427 742 1483; x_wconf 91' lang='lat' dir='ltr'>nulli</span> <span class='ocrx_word' id='word_1_81' title='bbox 756 1437 832 1483; x_wconf 86' lang='lat' dir='ltr'>extra</span> <span class='ocrx_word' id='word_1_82' title='bbox 849 1426 970 1498; x_wconf 84' lang='lat' dir='ltr'>regulam</span> 
     </span>
    </p>
   </div>
   <div class='ocr_carea' id='block_1_10' title="bbox 181 1518 973 1588">
    <p class='ocr_par' dir='ltr' id='par_1_10' title="bbox 181 1518 973 1588">
     <span class='ocr_line' id='line_1_16' title="bbox 181 1518 973 1588; baseline -0.005 -12"><span class='ocrx_word' id='word_1_83' title='bbox 181 1519 323 1577; x_wconf 91' lang='lat' dir='ltr'>constituti</span> <span class='ocrx_word' id='word_1_84' title='bbox 335 1519 559 1576; x_wconf 87' lang='lat' dir='ltr'>admittebantur.</span> <span class='ocrx_word' id='word_1_85' title='bbox 575 1518 675 1575; x_wconf 85' lang='lat' dir='ltr'>Sancta</span> <span class='ocrx_word' id='word_1_86' title='bbox 691 1518 763 1575; x_wconf 88' lang='lat' dir='ltr'>euim</span> <span class='ocrx_word' id='word_1_87' title='bbox 790 1519 856 1574; x_wconf 91' lang='lat' dir='ltr'>ista·</span> <span class='ocrx_word' id='word_1_88' title='bbox 869 1519 973 1588; x_wconf 90' lang='lat' dir='ltr'>priuci-</span> 
     </span>
    </p>
   </div>
   <div class='ocr_carea' id='block_1_11' title="bbox 1020 416 1819 1590">
    <p class='ocr_par' dir='ltr' id='par_1_11' title="bbox 1020 416 1808 959">
     <span class='ocr_line' id='line_1_17' title="bbox 1020 416 1803 498; baseline -0.02 -12"><span class='ocrx_word' id='word_1_89' title='bbox 1020 433 1108 498; x_wconf 89' lang='lat' dir='ltr'>diunt,</span> <span class='ocrx_word' id='word_1_90' title='bbox 1135 438 1183 486; x_wconf 91' lang='lat' dir='ltr'>aut</span> <span class='ocrx_word' id='word_1_91' title='bbox 1200 427 1316 484; x_wconf 89' lang='lat' dir='ltr'>credunt</span> <span class='ocrx_word' id='word_1_92' title='bbox 1342 437 1390 478; x_wconf 90' lang='lat' dir='ltr'>cos</span> <span class='ocrx_word' id='word_1_93' title='bbox 1412 436 1493 493; x_wconf 88' lang='lat' dir='ltr'>posse</span> <span class='ocrx_word' id='word_1_94' title='bbox 1513 418 1615 474; x_wconf 86' lang='lat' dir='ltr'>alieubi</span> <span class='ocrx_word' id='word_1_95' title='bbox 1636 416 1803 482; x_wconf 80' lang='lat' dir='ltr'>ministrare,</span> 
     </span>
     <span class='ocr_line' id='line_1_18' title="bbox 1020 511 1805 596; baseline -0.023 -16"><span class='ocrx_word' id='word_1_96' title='bbox 1020 540 1092 596; x_wconf 90' lang='lat' dir='ltr'>quos</span> <span class='ocrx_word' id='word_1_97' title='bbox 1106 523 1144 578; x_wconf 90' lang='lat' dir='ltr'>illi</span> <span class='ocrx_word' id='word_1_98' title='bbox 1159 519 1280 578; x_wconf 80' lang='lat' dir='ltr'>sexcenti</span> <span class='ocrx_word' id='word_1_99' title='bbox 1291 516 1403 587; x_wconf 81' lang='lat' dir='ltr'>triginta</span> <span class='ocrx_word' id='word_1_100' title='bbox 1415 524 1506 586; x_wconf 87' lang='lat' dir='ltr'>patres</span> <span class='ocrx_word' id='word_1_101' title='bbox 1520 511 1655 567; x_wconf 84' lang='lat' dir='ltr'>affirmant</span> <span class='ocrx_word' id='word_1_102' title='bbox 1668 523 1805 588; x_wconf 87' lang='lat' dir='ltr'>nusquam</span> 
     </span>
     <span class='ocr_line' id='line_1_19' title="bbox 1021 599 1808 687; baseline -0.025 -15"><span class='ocrx_word' id='word_1_103' title='bbox 1021 612 1279 687; x_wconf 85' lang='lat' dir='ltr'>posseministrare.</span> <span class='ocrx_word' id='word_1_104' title='bbox 1291 607 1478 675; x_wconf 73' lang='lat' dir='ltr'>presumptor</span> <span class='ocrx_word' id='word_1_105' title='bbox 1489 611 1541 669; x_wconf 88' lang='lat' dir='ltr'>est,</span> <span class='ocrx_word' id='word_1_106' title='bbox 1565 610 1590 656; x_wconf 92' lang='lat' dir='ltr'>et</span> <span class='ocrx_word' id='word_1_107' title='bbox 1612 599 1726 670; x_wconf 86' lang='lat' dir='ltr'>Spiritui</span> <span class='ocrx_word' id='word_1_108' title='bbox 1741 614 1808 654; x_wconf 87' lang='lat' dir='ltr'>sau·</span> 
     </span>
     <span class='ocr_line' id='line_1_20' title="bbox 1021 691 1806 777; baseline -0.024 -14"><span class='ocrx_word' id='word_1_109' title='bbox 1021 713 1076 774; x_wconf 91' lang='lat' dir='ltr'>clo,</span> <span class='ocrx_word' id='word_1_110' title='bbox 1094 704 1141 777; x_wconf 90' lang='lat' dir='ltr'>qui</span> <span class='ocrx_word' id='word_1_111' title='bbox 1156 719 1204 774; x_wconf 87' lang='lat' dir='ltr'>per</span> <span class='ocrx_word' id='word_1_112' title='bbox 1212 716 1307 758; x_wconf 90' lang='lat' dir='ltr'>corum</span> <span class='ocrx_word' id='word_1_113' title='bbox 1319 715 1351 754; x_wconf 89' lang='lat' dir='ltr'>os</span> <span class='ocrx_word' id='word_1_114' title='bbox 1367 696 1539 768; x_wconf 75' lang='lat' dir='ltr'>loquebatur,</span> <span class='ocrx_word' id='word_1_115' title='bbox 1555 692 1741 749; x_wconf 88' lang='lat' dir='ltr'>contradicit:</span> <span class='ocrx_word' id='word_1_116' title='bbox 1758 691 1806 761; x_wconf 91' lang='lat' dir='ltr'>qui</span> 
     </span>
     <span class='ocr_line' id='line_1_21' title="bbox 1021 783 1808 876; baseline -0.02 -23"><span class='ocrx_word' id='word_1_117' title='bbox 1021 795 1202 853; x_wconf 89' lang='lat' dir='ltr'>hocahirmat</span> <span class='ocrx_word' id='word_1_118' title='bbox 1217 791 1275 847; x_wconf 86' lang='lat' dir='ltr'>lieri</span> <span class='ocrx_word' id='word_1_119' title='bbox 1290 805 1381 861; x_wconf 89' lang='lat' dir='ltr'>posse,</span> <span class='ocrx_word' id='word_1_120' title='bbox 1395 787 1469 859; x_wconf 87' lang='lat' dir='ltr'>quod</span> <span class='ocrx_word' id='word_1_121' title='bbox 1488 786 1527 841; x_wconf 88' lang='lat' dir='ltr'>illi</span> <span class='ocrx_word' id='word_1_122' title='bbox 1549 785 1646 841; x_wconf 89' lang='lat' dir='ltr'>dieunt</span> <span class='ocrx_word' id='word_1_123' title='bbox 1673 783 1731 876; x_wconf 75' lang='lat' dir='ltr'>lieri</span> <span class='ocrx_word' id='word_1_124' title='bbox 1751 798 1808 838; x_wconf 88' lang='lat' dir='ltr'>non</span> 
     </span>
     <span class='ocr_line' id='line_1_22' title="bbox 1020 869 1667 959; baseline -0.023 -14"><span class='ocrx_word' id='word_1_125' title='bbox 1020 903 1101 959; x_wconf 90' lang='lat' dir='ltr'>posse</span> <span class='ocrx_word' id='word_1_126' title='bbox 1117 885 1202 958; x_wconf 83' lang='lat' dir='ltr'>(rto).</span> <span class='ocrx_word' id='word_1_127' title='bbox 1665 869 1667 874; x_wconf 70' lang='grc'>’</span> 
     </span>
    </p>

    <p class='ocr_par' dir='ltr' id='par_1_12' title="bbox 1021 966 1819 1590">
     <span class='ocr_line' id='line_1_23' title="bbox 1056 966 1811 1049; baseline -0.017 -16"><span class='ocrx_word' id='word_1_128' title='bbox 1056 979 1152 1048; x_wconf 81' lang='lat' dir='ltr'>hlagna</span> <span class='ocrx_word' id='word_1_129' title='bbox 1168 977 1260 1046; x_wconf 85' lang='lat' dir='ltr'>itaque</span> <span class='ocrx_word' id='word_1_130' title='bbox 1274 972 1407 1031; x_wconf 87' lang='lat' dir='ltr'>incumbit</span> <span class='ocrx_word' id='word_1_131' title='bbox 1423 969 1572 1026; x_wconf 82' lang='lat' dir='ltr'>necessitas</span> <span class='ocrx_word' id='word_1_132' title='bbox 1585 966 1727 1049; x_wconf 82' lang='lat' dir='ltr'>catholicis</span> <span class='ocrx_word' id='word_1_133' title='bbox 1747 966 1811 1037; x_wconf 89' lang='lat' dir='ltr'>cpi-</span> 
     </span>
     <span class='ocr_line' id='line_1_24' title="bbox 1021 1059 1812 1141; baseline -0.018 -14"><span class='ocrx_word' id='word_1_134' title='bbox 1021 1071 1123 1141; x_wconf 88' lang='lat' dir='ltr'>scopis,</span> <span class='ocrx_word' id='word_1_135' title='bbox 1141 1079 1171 1124; x_wconf 90' lang='lat' dir='ltr'>ut</span> <span class='ocrx_word' id='word_1_136' title='bbox 1185 1068 1274 1124; x_wconf 90' lang='lat' dir='ltr'>taliter</span> <span class='ocrx_word' id='word_1_137' title='bbox 1290 1066 1430 1122; x_wconf 88' lang='lat' dir='ltr'>ordinatos</span> <span class='ocrx_word' id='word_1_138' title='bbox 1448 1078 1502 1118; x_wconf 90' lang='lat' dir='ltr'>non</span> <span class='ocrx_word' id='word_1_139' title='bbox 1527 1060 1686 1140; x_wconf 87' lang='lat' dir='ltr'>permittant</span> <span class='ocrx_word' id='word_1_140' title='bbox 1706 1060 1732 1113; x_wconf 91' lang='lat' dir='ltr'>in</span> <span class='ocrx_word' id='word_1_141' title='bbox 1749 1059 1812 1114; x_wconf 85' lang='lat' dir='ltr'>suis</span> 
     </span>
     <span class='ocr_line' id='line_1_25' title="bbox 1023 1151 1814 1224; baseline -0.015 -6"><span class='ocrx_word' id='word_1_142' title='bbox 1023 1162 1146 1218; x_wconf 90' lang='lat' dir='ltr'>terminis</span> <span class='ocrx_word' id='word_1_143' title='bbox 1161 1161 1331 1224; x_wconf 81' lang='lat' dir='ltr'>ministrare3</span> <span class='ocrx_word' id='word_1_144' title='bbox 1343 1173 1377 1213; x_wconf 88' lang='lat' dir='ltr'>ne</span> <span class='ocrx_word' id='word_1_145' title='bbox 1388 1153 1559 1211; x_wconf 82' lang='lat' dir='ltr'>inveniantur</span> <span class='ocrx_word' id='word_1_146' title='bbox 1570 1154 1596 1208; x_wconf 93' lang='lat' dir='ltr'>iu</span> <span class='ocrx_word' id='word_1_147' title='bbox 1612 1151 1814 1224; x_wconf 87' lang='lat' dir='ltr'>principalibus</span> 
     </span>
     <span class='ocr_line' id='line_1_26' title="bbox 1021 1243 1814 1319; baseline -0.02 -8"><span class='ocrx_word' id='word_1_148' title='bbox 1021 1253 1145 1312; x_wconf 90' lang='lat' dir='ltr'>conciliis</span> <span class='ocrx_word' id='word_1_149' title='bbox 1159 1250 1305 1317; x_wconf 87' lang='lat' dir='ltr'>obviando,</span> <span class='ocrx_word' id='word_1_150' title='bbox 1328 1249 1489 1319; x_wconf 84' lang='lat' dir='ltr'>semetipsos</span> <span class='ocrx_word' id='word_1_151' title='bbox 1508 1246 1679 1302; x_wconf 86' lang='lat' dir='ltr'>anathemate</span> <span class='ocrx_word' id='word_1_152' title='bbox 1704 1243 1814 1315; x_wconf 88' lang='lat' dir='ltr'>obliga-</span> 
     </span>
     <span class='ocr_line' id='line_1_27' title="bbox 1022 1336 1809 1410; baseline -0.019 -8"><span class='ocrx_word' id='word_1_153' title='bbox 1022 1363 1062 1402; x_wconf 89' lang='lat' dir='ltr'>re.</span> <span class='ocrx_word' id='word_1_154' title='bbox 1079 1343 1137 1401; x_wconf 90' lang='lat' dir='ltr'>lloc</span> <span class='ocrx_word' id='word_1_155' title='bbox 1154 1344 1238 1408; x_wconf 89' lang='lat' dir='ltr'>enirn,</span> <span class='ocrx_word' id='word_1_156' title='bbox 1249 1341 1301 1398; x_wconf 85' lang='lat' dir='ltr'>etsi</span> <span class='ocrx_word' id='word_1_157' title='bbox 1315 1355 1387 1396; x_wconf 87' lang='lat' dir='ltr'>nunc</span> <span class='ocrx_word' id='word_1_158' title='bbox 1400 1354 1449 1410; x_wconf 91' lang='lat' dir='ltr'>pro</span> <span class='ocrx_word' id='word_1_159' title='bbox 1460 1338 1544 1394; x_wconf 89' lang='lat' dir='ltr'>multa</span> <span class='ocrx_word' id='word_1_160' title='bbox 1565 1336 1738 1392; x_wconf 86' lang='lat' dir='ltr'>multitudine</span> <span class='ocrx_word' id='word_1_161' title='bbox 1748 1350 1809 1389; x_wconf 85' lang='lat' dir='ltr'>acc.-</span> 
     </span>
     <span class='ocr_line' id='line_1_28' title="bbox 1022 1428 1819 1510; baseline -0.018 -16"><span class='ocrx_word' id='word_1_162' title='bbox 1022 1437 1166 1510; x_wconf 84' lang='lat' dir='ltr'>phalorum</span> <span class='ocrx_word' id='word_1_163' title='bbox 1178 1444 1207 1491; x_wconf 89' lang='lat' dir='ltr'>et</span> <span class='ocrx_word' id='word_1_164' title='bbox 1217 1435 1366 1490; x_wconf 75' lang='lat' dir='ltr'>inveterata</span> <span class='ocrx_word' id='word_1_165' title='bbox 1378 1430 1575 1488; x_wconf 87' lang='lat' dir='ltr'>cousuetudine</span> <span class='ocrx_word' id='word_1_166' title='bbox 1586 1428 1750 1484; x_wconf 83' lang='lat' dir='ltr'>abusionum</span> <span class='ocrx_word' id='word_1_167' title='bbox 1760 1441 1819 1497; x_wconf 90' lang='lat' dir='ltr'>pro</span> 
     </span>
     <span class='ocr_line' id='line_1_29' title="bbox 1023 1518 1811 1590; baseline -0.018 -6"><span class='ocrx_word' id='word_1_168' title='bbox 1023 1528 1110 1584; x_wconf 92' lang='lat' dir='ltr'>nihilo</span> <span class='ocrx_word' id='word_1_169' title='bbox 1120 1528 1245 1590; x_wconf 88' lang='lat' dir='ltr'>ducatur,</span> <span class='ocrx_word' id='word_1_170' title='bbox 1257 1534 1348 1579; x_wconf 87' lang='lat' dir='ltr'>tamen</span> <span class='ocrx_word' id='word_1_171' title='bbox 1363 1537 1455 1578; x_wconf 90' lang='lat' dir='ltr'>coram</span> <span class='ocrx_word' id='word_1_172' title='bbox 1468 1521 1522 1576; x_wconf 88' lang='lat' dir='ltr'>illis</span> <span class='ocrx_word' id='word_1_173' title='bbox 1535 1520 1563 1575; x_wconf 89' lang='lat' dir='ltr'>iu</span> <span class='ocrx_word' id='word_1_174' title='bbox 1578 1519 1674 1574; x_wconf 91' lang='lat' dir='ltr'>ultimo</span> <span class='ocrx_word' id='word_1_175' title='bbox 1684 1518 1735 1573; x_wconf 85' lang='lat' dir='ltr'>erit</span> <span class='ocrx_word' id='word_1_176' title='bbox 1748 1533 1811 1571; x_wconf 83' lang='lat' dir='ltr'>cra·</span> 
     </span>
    </p>
   </div>
   <div class='ocr_carea' id='block_1_12' title="bbox 181 1608 1839 2778">
    <p class='ocr_par' dir='ltr' id='par_1_13' title="bbox 181 1608 1839 2778">
     <span class='ocr_line' id='line_1_30' title="bbox 181 1608 1816 1685; baseline -0.013 -1"><span class='ocrx_word' id='word_1_177' title='bbox 181 1613 254 1684; x_wconf 89' lang='lat' dir='ltr'>palia</span> <span class='ocrx_word' id='word_1_178' title='bbox 278 1612 404 1679; x_wconf 66' lang='lat' dir='ltr'>⁰⁰¹¹S&#39;11322</span> <span class='ocrx_word' id='word_1_179' title='bbox 434 1612 506 1668; x_wconf 66' lang='lat' dir='ltr'>⁸50¹st</span> <span class='ocrx_word' id='word_1_180' title='bbox 543 1619 718 1669; x_wconf 68' lang='lat' dir='ltr'>⁵³⁰l⁰⁵³¹¹0¹²</span> <span class='ocrx_word' id='word_1_181' title='bbox 746 1609 903 1681; x_wconf 63' lang='lat' dir='ltr'>EV³¹¹80¹ias</span> <span class='ocrx_word' id='word_1_182' title='bbox 931 1610 973 1664; x_wconf 67' lang='lat' dir='ltr'>lit·</span> <span class='ocrx_word' id='word_1_183' title='bbox 1024 1619 1098 1674; x_wconf 93' lang='lat' dir='ltr'>mine</span> <span class='ocrx_word' id='word_1_184' title='bbox 1107 1616 1307 1681; x_wconf 86' lang='lat' dir='ltr'>retrtilandum;</span> <span class='ocrx_word' id='word_1_185' title='bbox 1327 1616 1373 1685; x_wconf 93' lang='lat' dir='ltr'>qui</span> <span class='ocrx_word' id='word_1_186' title='bbox 1389 1613 1540 1670; x_wconf 89' lang='lat' dir='ltr'>carrtissimi</span> <span class='ocrx_word' id='word_1_187' title='bbox 1552 1611 1741 1667; x_wconf 79' lang='lat' dir='ltr'>observatores</span> <span class='ocrx_word' id='word_1_188' title='bbox 1753 1608 1816 1663; x_wconf 85' lang='lat' dir='ltr'>lue·</span> 
     </span>
     <span class='ocr_line' id='line_1_31' title="bbox 182 1679 1816 1769; baseline -0.009 -2"><span class='ocrx_word' id='word_1_189' title='bbox 182 1704 280 1762; x_wconf 64' lang='lat' dir='ltr'>beatus</span> <span class='ocrx_word' id='word_1_190' title='bbox 292 1704 472 1761; x_wconf 70' lang='lat' dir='ltr'>custodienda</span> <span class='ocrx_word' id='word_1_191' title='bbox 490 1705 608 1760; x_wconf 76' lang='lat' dir='ltr'>censuit·</span> <span class='ocrx_word' id='word_1_192' title='bbox 989 1679 1092 1764; x_wconf 83' lang='lat' dir='ltr'>Bruut</span> <span class='ocrx_word' id='word_1_193' title='bbox 1116 1708 1232 1764; x_wconf 88' lang='lat' dir='ltr'>istorum</span> <span class='ocrx_word' id='word_1_194' title='bbox 1259 1704 1448 1762; x_wconf 90' lang='lat' dir='ltr'>conciliorum.</span> <span class='ocrx_word' id='word_1_195' title='bbox 1474 1701 1597 1769; x_wconf 83' lang='lat' dir='ltr'>Quorum</span> <span class='ocrx_word' id='word_1_196' title='bbox 1621 1714 1694 1754; x_wconf 87' lang='lat' dir='ltr'>unus</span> <span class='ocrx_word' id='word_1_197' title='bbox 1716 1699 1816 1753; x_wconf 78' lang='lat' dir='ltr'>heatus</span> 
     </span>
     <span class='ocr_line' id='line_1_32' title="bbox 220 1787 1818 1868; baseline -0.004 -17"><span class='ocrx_word' id='word_1_198' title='bbox 220 1794 292 1852; x_wconf 80' lang='lat' dir='ltr'>Sunt</span> <span class='ocrx_word' id='word_1_199' title='bbox 302 1810 368 1867; x_wconf 88' lang='lat' dir='ltr'>ergo</span> <span class='ocrx_word' id='word_1_200' title='bbox 383 1796 441 1851; x_wconf 82' lang='lat' dir='ltr'>lucc</span> <span class='ocrx_word' id='word_1_201' title='bbox 453 1795 531 1850; x_wconf 89' lang='lat' dir='ltr'>ratde</span> <span class='ocrx_word' id='word_1_202' title='bbox 541 1794 696 1851; x_wconf 87' lang='lat' dir='ltr'>necessaria</span> <span class='ocrx_word' id='word_1_203' title='bbox 714 1793 794 1850; x_wconf 88' lang='lat' dir='ltr'>uobis</span> <span class='ocrx_word' id='word_1_204' title='bbox 805 1794 838 1849; x_wconf 90' lang='lat' dir='ltr'>ad</span> <span class='ocrx_word' id='word_1_205' title='bbox 853 1794 907 1847; x_wconf 87' lang='lat' dir='ltr'>hoe.</span> <span class='ocrx_word' id='word_1_206' title='bbox 922 1807 973 1847; x_wconf 90' lang='lat' dir='ltr'>no·</span> <span class='ocrx_word' id='word_1_207' title='bbox 1026 1796 1196 1868; x_wconf 76' lang='lat' dir='ltr'>Augustinus</span> <span class='ocrx_word' id='word_1_208' title='bbox 1219 1793 1280 1862; x_wconf 84' lang='lat' dir='ltr'>luit,</span> <span class='ocrx_word' id='word_1_209' title='bbox 1303 1794 1349 1864; x_wconf 92' lang='lat' dir='ltr'>qui</span> <span class='ocrx_word' id='word_1_210' title='bbox 1365 1792 1503 1848; x_wconf 85' lang='lat' dir='ltr'>neminem</span> <span class='ocrx_word' id='word_1_211' title='bbox 1521 1791 1549 1846; x_wconf 89' lang='lat' dir='ltr'>in</span> <span class='ocrx_word' id='word_1_212' title='bbox 1563 1790 1650 1846; x_wconf 88' lang='lat' dir='ltr'>sacris</span> <span class='ocrx_word' id='word_1_213' title='bbox 1669 1787 1818 1845; x_wconf 87' lang='lat' dir='ltr'>ordinibus</span> 
     </span>
     <span class='ocr_line' id='line_1_33' title="bbox 187 1882 1839 1957; baseline -0.005 -14"><span class='ocrx_word' id='word_1_214' title='bbox 187 1897 275 1944; x_wconf 89' lang='lat' dir='ltr'>strum</span> <span class='ocrx_word' id='word_1_215' title='bbox 301 1901 421 1957; x_wconf 76' lang='lat' dir='ltr'>praesens</span> <span class='ocrx_word' id='word_1_216' title='bbox 435 1885 592 1954; x_wconf 84' lang='lat' dir='ltr'>ecdiiicium,</span> <span class='ocrx_word' id='word_1_217' title='bbox 615 1886 691 1957; x_wconf 88' lang='lat' dir='ltr'>quia,</span> <span class='ocrx_word' id='word_1_218' title='bbox 713 1885 854 1956; x_wconf 82' lang='lat' dir='ltr'>judicante</span> <span class='ocrx_word' id='word_1_219' title='bbox 881 1892 976 1941; x_wconf 86' lang='lat' dir='ltr'>satrcto</span> <span class='ocrx_word' id='word_1_220' title='bbox 1026 1888 1098 1943; x_wconf 84' lang='lat' dir='ltr'>inira</span> <span class='ocrx_word' id='word_1_221' title='bbox 1114 1902 1181 1943; x_wconf 88' lang='lat' dir='ltr'>suos</span> <span class='ocrx_word' id='word_1_222' title='bbox 1198 1885 1330 1941; x_wconf 88' lang='lat' dir='ltr'>terminos</span> <span class='ocrx_word' id='word_1_223' title='bbox 1353 1884 1511 1941; x_wconf 88' lang='lat' dir='ltr'>ministrare</span> <span class='ocrx_word' id='word_1_224' title='bbox 1532 1882 1670 1954; x_wconf 85' lang='lat' dir='ltr'>permisit;</span> <span class='ocrx_word' id='word_1_225' title='bbox 1691 1896 1774 1951; x_wconf 89' lang='lat' dir='ltr'>quem</span> <span class='ocrx_word' id='word_1_226' title='bbox 1801 1895 1839 1941; x_wconf 69' lang='lat' dir='ltr'>a,</span> 
     </span>
     <span class='ocr_line' id='line_1_34' title="bbox 184 1971 1820 2046; baseline -0.005 -14"><span class='ocrx_word' id='word_1_227' title='bbox 184 1975 325 2046; x_wconf 80' lang='lat' dir='ltr'>Gregorio,</span> <span class='ocrx_word' id='word_1_228' title='bbox 340 1974 448 2030; x_wconf 87' lang='lat' dir='ltr'>etiamsi</span> <span class='ocrx_word' id='word_1_229' title='bbox 467 1974 572 2045; x_wconf 88' lang='lat' dir='ltr'>lapides</span> <span class='ocrx_word' id='word_1_230' title='bbox 585 1990 646 2031; x_wconf 90' lang='lat' dir='ltr'>csse</span> <span class='ocrx_word' id='word_1_231' title='bbox 672 1975 827 2039; x_wconf 84' lang='lat' dir='ltr'>uideantur,</span> <span class='ocrx_word' id='word_1_232' title='bbox 841 1974 875 2029; x_wconf 90' lang='lat' dir='ltr'>ad</span> <span class='ocrx_word' id='word_1_233' title='bbox 889 1976 978 2030; x_wconf 86' lang='lat' dir='ltr'>ecclc·</span> <span class='ocrx_word' id='word_1_234' title='bbox 1026 1986 1121 2034; x_wconf 87' lang='lat' dir='ltr'>sancto</span> <span class='ocrx_word' id='word_1_235' title='bbox 1147 1974 1304 2046; x_wconf 75' lang='lat' dir='ltr'>apostolice</span> <span class='ocrx_word' id='word_1_236' title='bbox 1318 1973 1419 2046; x_wconf 88' lang='lat' dir='ltr'>reguhe</span> <span class='ocrx_word' id='word_1_237' title='bbox 1440 1973 1581 2044; x_wconf 88' lang='lat' dir='ltr'>proposito</span> <span class='ocrx_word' id='word_1_238' title='bbox 1606 1971 1756 2027; x_wconf 88' lang='lat' dir='ltr'>alienatum</span> <span class='ocrx_word' id='word_1_239' title='bbox 1768 1986 1820 2026; x_wconf 87' lang='lat' dir='ltr'>co·</span> 
     </span>
     <span class='ocr_line' id='line_1_35' title="bbox 187 2062 1821 2142; baseline -0.003 -21"><span class='ocrx_word' id='word_1_240' title='bbox 187 2066 307 2122; x_wconf 83' lang='lat' dir='ltr'>siasticae</span> <span class='ocrx_word' id='word_1_241' title='bbox 319 2074 466 2121; x_wconf 75' lang='lat' dir='ltr'>structure</span> <span class='ocrx_word' id='word_1_242' title='bbox 484 2079 539 2136; x_wconf 83' lang='lat' dir='ltr'>nou</span> <span class='ocrx_word' id='word_1_243' title='bbox 552 2066 690 2136; x_wconf 90' lang='lat' dir='ltr'>pertinent</span> <span class='ocrx_word' id='word_1_244' title='bbox 717 2064 861 2121; x_wconf 82' lang='lat' dir='ltr'>aediircium</span> <span class='ocrx_word' id='word_1_245' title='bbox 889 2065 977 2121; x_wconf 82' lang='lat' dir='ltr'>uiola·</span> <span class='ocrx_word' id='word_1_246' title='bbox 1026 2069 1121 2142; x_wconf 85' lang='lat' dir='ltr'>gnouit</span> <span class='ocrx_word' id='word_1_247' title='bbox 1135 2085 1142 2122; x_wconf 78' lang='lat' dir='ltr'>s</span> <span class='ocrx_word' id='word_1_248' title='bbox 1158 2082 1209 2123; x_wconf 91' lang='lat' dir='ltr'>uec</span> <span class='ocrx_word' id='word_1_249' title='bbox 1221 2066 1309 2136; x_wconf 91' lang='lat' dir='ltr'>potuit</span> <span class='ocrx_word' id='word_1_250' title='bbox 1331 2065 1407 2121; x_wconf 88' lang='lat' dir='ltr'>illum</span> <span class='ocrx_word' id='word_1_251' title='bbox 1423 2065 1458 2120; x_wconf 92' lang='lat' dir='ltr'>ab</span> <span class='ocrx_word' id='word_1_252' title='bbox 1472 2065 1524 2120; x_wconf 89' lang='lat' dir='ltr'>hac</span> <span class='ocrx_word' id='word_1_253' title='bbox 1538 2062 1690 2119; x_wconf 88' lang='lat' dir='ltr'>constantia</span> <span class='ocrx_word' id='word_1_254' title='bbox 1705 2077 1821 2116; x_wconf 85' lang='lat' dir='ltr'>morere</span> 
     </span>
     <span class='ocr_line' id='line_1_36' title="bbox 186 2154 1824 2229; baseline -0.001 -20"><span class='ocrx_word' id='word_1_255' title='bbox 186 2165 261 2211; x_wconf 91' lang='lat' dir='ltr'>tores</span> <span class='ocrx_word' id='word_1_256' title='bbox 273 2163 392 2227; x_wconf 86' lang='lat' dir='ltr'>quatuor</span> <span class='ocrx_word' id='word_1_257' title='bbox 404 2154 595 2226; x_wconf 82' lang='lat' dir='ltr'>principalium</span> <span class='ocrx_word' id='word_1_258' title='bbox 611 2156 805 2212; x_wconf 88' lang='lat' dir='ltr'>conciliorum.</span> <span class='ocrx_word' id='word_1_259' title='bbox 834 2156 911 2213; x_wconf 90' lang='lat' dir='ltr'>Unde</span> <span class='ocrx_word' id='word_1_260' title='bbox 926 2174 977 2215; x_wconf 87' lang='lat' dir='ltr'>trec</span> <span class='ocrx_word' id='word_1_261' title='bbox 1026 2157 1444 2229; x_wconf 88' lang='lat' dir='ltr'>multitudoproprietariorum.</span> <span class='ocrx_word' id='word_1_262' title='bbox 1459 2154 1534 2222; x_wconf 83' lang='lat' dir='ltr'>Quos</span> <span class='ocrx_word' id='word_1_263' title='bbox 1559 2156 1616 2225; x_wconf 87' lang='lat' dir='ltr'>ipse</span> <span class='ocrx_word' id='word_1_264' title='bbox 1633 2154 1662 2209; x_wconf 92' lang='lat' dir='ltr'>in</span> <span class='ocrx_word' id='word_1_265' title='bbox 1687 2168 1824 2209; x_wconf 85' lang='lat' dir='ltr'>sermone</span> 
     </span>
     <span class='ocr_line' id='line_1_37' title="bbox 184 2243 1821 2322; baseline -0.002 -20"><span class='ocrx_word' id='word_1_266' title='bbox 184 2243 255 2304; x_wconf 86' lang='lat' dir='ltr'>idem</span> <span class='ocrx_word' id='word_1_267' title='bbox 269 2246 481 2303; x_wconf 88' lang='lat' dir='ltr'>beatusclericis</span> <span class='ocrx_word' id='word_1_268' title='bbox 493 2254 570 2302; x_wconf 84' lang='lat' dir='ltr'>extra</span> <span class='ocrx_word' id='word_1_269' title='bbox 581 2261 677 2305; x_wconf 89' lang='lat' dir='ltr'>sacros</span> <span class='ocrx_word' id='word_1_270' title='bbox 688 2248 800 2304; x_wconf 89' lang='lat' dir='ltr'>ordines</span> <span class='ocrx_word' id='word_1_271' title='bbox 812 2249 969 2306; x_wconf 90' lang='lat' dir='ltr'>constitutis</span> <span class='ocrx_word' id='word_1_272' title='bbox 1027 2252 1060 2308; x_wconf 89' lang='lat' dir='ltr'>ad</span> <span class='ocrx_word' id='word_1_273' title='bbox 1086 2250 1217 2322; x_wconf 88' lang='lat' dir='ltr'>populum</span> <span class='ocrx_word' id='word_1_274' title='bbox 1241 2249 1419 2320; x_wconf 85' lang='lat' dir='ltr'>conqueritur</span> <span class='ocrx_word' id='word_1_275' title='bbox 1443 2248 1601 2303; x_wconf 79' lang='lat' dir='ltr'>defensores</span> <span class='ocrx_word' id='word_1_276' title='bbox 1625 2255 1821 2317; x_wconf 84' lang='lat' dir='ltr'>transgresso·</span> 
     </span>
     <span class='ocr_line' id='line_1_38' title="bbox 185 2335 1824 2414; baseline -0.002 -20"><span class='ocrx_word' id='word_1_277' title='bbox 185 2338 367 2412; x_wconf 83' lang='lat' dir='ltr'>proprietates</span> <span class='ocrx_word' id='word_1_278' title='bbox 402 2338 582 2410; x_wconf 84' lang='lat' dir='ltr'>permisisset,</span> <span class='ocrx_word' id='word_1_279' title='bbox 607 2340 631 2396; x_wconf 88' lang='lat' dir='ltr'>si</span> <span class='ocrx_word' id='word_1_280' title='bbox 654 2355 708 2396; x_wconf 91' lang='lat' dir='ltr'>uon</span> <span class='ocrx_word' id='word_1_281' title='bbox 730 2340 782 2395; x_wconf 91' lang='lat' dir='ltr'>hoe</span> <span class='ocrx_word' id='word_1_282' title='bbox 807 2341 835 2395; x_wconf 91' lang='lat' dir='ltr'>iu</span> <span class='ocrx_word' id='word_1_283' title='bbox 868 2341 976 2414; x_wconf 82' lang='lat' dir='ltr'>synodo</span> <span class='ocrx_word' id='word_1_284' title='bbox 1028 2358 1101 2408; x_wconf 89' lang='lat' dir='ltr'>rum,</span> <span class='ocrx_word' id='word_1_285' title='bbox 1120 2342 1167 2412; x_wconf 93' lang='lat' dir='ltr'>qui</span> <span class='ocrx_word' id='word_1_286' title='bbox 1182 2340 1379 2398; x_wconf 87' lang='lat' dir='ltr'>districtionem</span> <span class='ocrx_word' id='word_1_287' title='bbox 1393 2338 1480 2409; x_wconf 87' lang='lat' dir='ltr'>ipsius</span> <span class='ocrx_word' id='word_1_288' title='bbox 1500 2337 1571 2392; x_wconf 91' lang='lat' dir='ltr'>beati</span> <span class='ocrx_word' id='word_1_289' title='bbox 1583 2335 1673 2392; x_wconf 85' lang='lat' dir='ltr'>Patris</span> <span class='ocrx_word' id='word_1_290' title='bbox 1685 2336 1824 2408; x_wconf 76' lang='lat' dir='ltr'>rugiendo</span> 
     </span>
     <span class='ocr_line' id='line_1_39' title="bbox 186 2428 1822 2505; baseline -0.002 -18"><span class='ocrx_word' id='word_1_291' title='bbox 186 2429 403 2488; x_wconf 79' lang='lat' dir='ltr'>chalcedonensi</span> <span class='ocrx_word' id='word_1_292' title='bbox 428 2432 593 2502; x_wconf 90' lang='lat' dir='ltr'>permissum</span> <span class='ocrx_word' id='word_1_293' title='bbox 609 2433 767 2492; x_wconf 81' lang='lat' dir='ltr'>invenisset.</span> <span class='ocrx_word' id='word_1_294' title='bbox 782 2434 821 2490; x_wconf 90' lang='lat' dir='ltr'>lbi</span> <span class='ocrx_word' id='word_1_295' title='bbox 835 2443 918 2505; x_wconf 88' lang='lat' dir='ltr'>caprtt</span> <span class='ocrx_word' id='word_1_296' title='bbox 931 2436 977 2501; x_wconf 84' lang='lat' dir='ltr'>rt,</span> <span class='ocrx_word' id='word_1_297' title='bbox 1028 2449 1044 2490; x_wconf 92' lang='lat' dir='ltr'>a</span> <span class='ocrx_word' id='word_1_298' title='bbox 1056 2432 1166 2503; x_wconf 76' lang='lat' dir='ltr'>{legulae</span> <span class='ocrx_word' id='word_1_299' title='bbox 1177 2431 1349 2489; x_wconf 84' lang='lat' dir='ltr'>observantia</span> <span class='ocrx_word' id='word_1_300' title='bbox 1362 2437 1531 2487; x_wconf 87' lang='lat' dir='ltr'>recesserant</span> <span class='ocrx_word' id='word_1_301' title='bbox 1542 2447 1549 2494; x_wconf 94' lang='lat'>;</span> <span class='ocrx_word' id='word_1_302' title='bbox 1561 2437 1689 2484; x_wconf 89' lang='lat' dir='ltr'>ettamen</span> <span class='ocrx_word' id='word_1_303' title='bbox 1702 2428 1822 2484; x_wconf 87' lang='lat' dir='ltr'>libenter</span> 
     </span>
     <span class='ocr_line' id='line_1_40' title="bbox 187 2519 1821 2595; baseline -0.002 -16"><span class='ocrx_word' id='word_1_304' title='bbox 187 2524 339 2579; x_wconf 89' lang='lat' dir='ltr'>lectoribus</span> <span class='ocrx_word' id='word_1_305' title='bbox 351 2523 539 2593; x_wconf 87' lang='lat' dir='ltr'>etpsalmistis</span> <span class='ocrx_word' id='word_1_306' title='bbox 567 2525 736 2594; x_wconf 88' lang='lat' dir='ltr'>permittitur</span> <span class='ocrx_word' id='word_1_307' title='bbox 768 2527 851 2582; x_wconf 89' lang='lat' dir='ltr'>etiam</span> <span class='ocrx_word' id='word_1_308' title='bbox 877 2542 978 2585; x_wconf 83' lang='lat' dir='ltr'>trxores</span> <span class='ocrx_word' id='word_1_309' title='bbox 1028 2524 1214 2581; x_wconf 90' lang='lat' dir='ltr'>multitudinis</span> <span class='ocrx_word' id='word_1_310' title='bbox 1237 2522 1390 2595; x_wconf 89' lang='lat' dir='ltr'>patrocinio</span> <span class='ocrx_word' id='word_1_311' title='bbox 1412 2521 1569 2594; x_wconf 86' lang='lat' dir='ltr'>clericatum</span> <span class='ocrx_word' id='word_1_312' title='bbox 1593 2519 1662 2576; x_wconf 84' lang='lat' dir='ltr'>loris</span> <span class='ocrx_word' id='word_1_313' title='bbox 1686 2535 1821 2577; x_wconf 81' lang='lat' dir='ltr'>exercere</span> 
     </span>
     <span class='ocr_line' id='line_1_41' title="bbox 186 2613 1619 2685; baseline 0.002 -15"><span class='ocrx_word' id='word_1_314' title='bbox 186 2617 298 2681; x_wconf 81' lang='lat' dir='ltr'>ducere,</span> <span class='ocrx_word' id='word_1_315' title='bbox 315 2615 976 2685; x_wconf 81' lang='lat' dir='ltr'>quodramenconcessumrtonesrunirersate.</span> <span class='ocrx_word' id='word_1_316' title='bbox 1028 2613 1166 2669; x_wconf 72' lang='lat' dir='ltr'>volebant·</span> <span class='ocrx_word' id='word_1_317' title='bbox 1475 2619 1476 2624; x_wconf 75' lang='grc'>’</span> <span class='ocrx_word' id='word_1_318' title='bbox 1616 2617 1619 2621; x_wconf 71' lang='grc'><strong><em>’</em></strong></span> 
     </span>
     <span class='ocr_line' id='line_1_42' title="bbox 190 2702 1820 2778; baseline -0.001 -18"><span class='ocrx_word' id='word_1_319' title='bbox 190 2706 237 2761; x_wconf 87' lang='lat' dir='ltr'>Sic</span> <span class='ocrx_word' id='word_1_320' title='bbox 252 2706 326 2761; x_wconf 87' lang='lat' dir='ltr'>enim</span> <span class='ocrx_word' id='word_1_321' title='bbox 341 2705 436 2761; x_wconf 89' lang='lat' dir='ltr'>dicunt</span> <span class='ocrx_word' id='word_1_322' title='bbox 448 2705 544 2763; x_wconf 86' lang='lat' dir='ltr'>Patres</span> <span class='ocrx_word' id='word_1_323' title='bbox 558 2708 680 2778; x_wconf 82' lang='lat' dir='ltr'>ejusdem</span> <span class='ocrx_word' id='word_1_324' title='bbox 695 2709 802 2766; x_wconf 90' lang='lat' dir='ltr'>concilii</span> <span class='ocrx_word' id='word_1_325' title='bbox 819 2727 825 2766; x_wconf 92' lang='lat'>:</span> <span class='ocrx_word' id='word_1_326' title='bbox 847 2710 979 2775; x_wconf 81' lang='lat' dir='ltr'>Quorrtnrn</span> <span class='ocrx_word' id='word_1_327' title='bbox 1063 2707 1164 2763; x_wconf 87' lang='lat' dir='ltr'>Contra</span> <span class='ocrx_word' id='word_1_328' title='bbox 1177 2719 1259 2775; x_wconf 89' lang='lat' dir='ltr'>quos,</span> <span class='ocrx_word' id='word_1_329' title='bbox 1275 2713 1306 2759; x_wconf 91' lang='lat' dir='ltr'>ut</span> <span class='ocrx_word' id='word_1_330' title='bbox 1326 2718 1409 2774; x_wconf 90' lang='lat' dir='ltr'>supra</span> <span class='ocrx_word' id='word_1_331' title='bbox 1425 2702 1590 2769; x_wconf 80' lang='lat' dir='ltr'>notavimus,</span> <span class='ocrx_word' id='word_1_332' title='bbox 1606 2702 1655 2758; x_wconf 84' lang='lat' dir='ltr'>ille</span> <span class='ocrx_word' id='word_1_333' title='bbox 1667 2702 1764 2759; x_wconf 85' lang='lat' dir='ltr'>beatus</span> <span class='ocrx_word' id='word_1_334' title='bbox 1779 2704 1820 2758; x_wconf 82' lang='lat' dir='ltr'>ita</span> 
     </span>
    </p>
   </div>
   <div class='ocr_carea' id='block_1_13' title="bbox 187 2794 1822 3074">
    <p class='ocr_par' dir='ltr' id='par_1_14' title="bbox 187 2794 1822 3074">
     <span class='ocr_line' id='line_1_43' title="bbox 187 2794 1822 2867; baseline 0 -16"><span class='ocrx_word' id='word_1_335' title='bbox 187 2797 217 2851; x_wconf 82' lang='lat' dir='ltr'>r&#39;n</span> <span class='ocrx_word' id='word_1_336' title='bbox 230 2796 389 2867; x_wconf 83' lang='lat' dir='ltr'>quibusdam</span> <span class='ocrx_word' id='word_1_337' title='bbox 399 2799 543 2867; x_wconf 82' lang='lat' dir='ltr'>prouinciis</span> <span class='ocrx_word' id='word_1_338' title='bbox 562 2815 714 2855; x_wconf 83' lang='lat' dir='ltr'>concessum</span> <span class='ocrx_word' id='word_1_339' title='bbox 738 2810 778 2856; x_wconf 84' lang='lat' dir='ltr'>est</span> <span class='ocrx_word' id='word_1_340' title='bbox 799 2801 941 2856; x_wconf 83' lang='lat' dir='ltr'>lectoribus</span> <span class='ocrx_word' id='word_1_341' title='bbox 954 2810 979 2856; x_wconf 88' lang='lat' dir='ltr'>et</span> <span class='ocrx_word' id='word_1_342' title='bbox 1030 2814 1059 2854; x_wconf 91' lang='lat' dir='ltr'>sc</span> <span class='ocrx_word' id='word_1_343' title='bbox 1073 2795 1212 2863; x_wconf 85' lang='lat' dir='ltr'>astrinxit,</span> <span class='ocrx_word' id='word_1_344' title='bbox 1224 2803 1263 2862; x_wconf 94' lang='lat' dir='ltr'>ut,</span> <span class='ocrx_word' id='word_1_345' title='bbox 1279 2795 1325 2850; x_wconf 93' lang='lat' dir='ltr'>ubi</span> <span class='ocrx_word' id='word_1_346' title='bbox 1340 2796 1397 2866; x_wconf 91' lang='lat' dir='ltr'>ipse</span> <span class='ocrx_word' id='word_1_347' title='bbox 1411 2803 1485 2851; x_wconf 88' lang='lat' dir='ltr'>esset</span> <span class='ocrx_word' id='word_1_348' title='bbox 1502 2794 1658 2865; x_wconf 87' lang='lat' dir='ltr'>episcopus,</span> <span class='ocrx_word' id='word_1_349' title='bbox 1672 2794 1710 2850; x_wconf 87' lang='lat' dir='ltr'>ibi</span> <span class='ocrx_word' id='word_1_350' title='bbox 1723 2795 1822 2851; x_wconf 86' lang='lat' dir='ltr'>nullus</span> 
     </span>
     <span class='ocr_line' id='line_1_44' title="bbox 188 2884 1821 2962; baseline 0.001 -22"><span class='ocrx_word' id='word_1_351' title='bbox 188 2884 338 2957; x_wconf 78' lang='lat' dir='ltr'>psalmistis</span> <span class='ocrx_word' id='word_1_352' title='bbox 355 2887 564 2956; x_wconf 83' lang='lat' dir='ltr'>nsoresducere,</span> <span class='ocrx_word' id='word_1_353' title='bbox 584 2898 637 2946; x_wconf 92' lang='lat' dir='ltr'>etc.</span> <span class='ocrx_word' id='word_1_354' title='bbox 651 2887 729 2956; x_wconf 85' lang='lat' dir='ltr'>Quod</span> <span class='ocrx_word' id='word_1_355' title='bbox 740 2904 805 2962; x_wconf 90' lang='lat' dir='ltr'>ergo</span> <span class='ocrx_word' id='word_1_356' title='bbox 817 2904 979 2946; x_wconf 89' lang='lat' dir='ltr'>concessum</span> <span class='ocrx_word' id='word_1_357' title='bbox 1030 2905 1126 2944; x_wconf 87' lang='lat' dir='ltr'>eorum</span> <span class='ocrx_word' id='word_1_358' title='bbox 1138 2895 1211 2944; x_wconf 89' lang='lat' dir='ltr'>esset</span> <span class='ocrx_word' id='word_1_359' title='bbox 1224 2886 1349 2942; x_wconf 86' lang='lat' dir='ltr'>clericus.</span> <span class='ocrx_word' id='word_1_360' title='bbox 1367 2886 1441 2943; x_wconf 77' lang='lat' dir='ltr'>illias</span> <span class='ocrx_word' id='word_1_361' title='bbox 1459 2885 1559 2958; x_wconf 88' lang='lat' dir='ltr'>quippe</span> <span class='ocrx_word' id='word_1_362' title='bbox 1573 2901 1629 2941; x_wconf 90' lang='lat' dir='ltr'>non</span> <span class='ocrx_word' id='word_1_363' title='bbox 1640 2895 1749 2958; x_wconf 76' lang='lat' dir='ltr'>poterat</span> <span class='ocrx_word' id='word_1_364' title='bbox 1766 2902 1821 2942; x_wconf 84' lang='lat' dir='ltr'>ecs</span> 
     </span>
     <span class='ocr_line' id='line_1_45' title="bbox 189 2977 1822 3074; baseline 0 -41"><span class='ocrx_word' id='word_1_365' title='bbox 189 2985 233 3035; x_wconf 84' lang='lat' dir='ltr'>est</span> <span class='ocrx_word' id='word_1_366' title='bbox 243 2978 271 3033; x_wconf 93' lang='lat' dir='ltr'>in</span> <span class='ocrx_word' id='word_1_367' title='bbox 282 2977 447 3050; x_wconf 89' lang='lat' dir='ltr'>quibusdam</span> <span class='ocrx_word' id='word_1_368' title='bbox 463 2977 623 3049; x_wconf 84' lang='lat' dir='ltr'>provinciis,</span> <span class='ocrx_word' id='word_1_369' title='bbox 636 2995 690 3036; x_wconf 90' lang='lat' dir='ltr'>non</span> <span class='ocrx_word' id='word_1_370' title='bbox 705 2989 747 3036; x_wconf 90' lang='lat' dir='ltr'>est</span> <span class='ocrx_word' id='word_1_371' title='bbox 758 2982 979 3051; x_wconf 71' lang='lat' dir='ltr'>presumendum</span> <span class='ocrx_word' id='word_1_372' title='bbox 994 3019 1014 3074; x_wconf 76' lang='lat' dir='ltr'>C</span> <span class='ocrx_word' id='word_1_373' title='bbox 1031 2982 1170 3054; x_wconf 84' lang='lat' dir='ltr'>persequi,</span> <span class='ocrx_word' id='word_1_374' title='bbox 1194 2979 1259 3050; x_wconf 90' lang='lat' dir='ltr'>quia</span> <span class='ocrx_word' id='word_1_375' title='bbox 1281 2978 1439 3037; x_wconf 75' lang='lat' dir='ltr'>decessores</span> <span class='ocrx_word' id='word_1_376' title='bbox 1451 2994 1546 3036; x_wconf 91' lang='lat' dir='ltr'>eorum</span> <span class='ocrx_word' id='word_1_377' title='bbox 1569 2987 1648 3033; x_wconf 87' lang='lat' dir='ltr'>erant</span> <span class='ocrx_word' id='word_1_378' title='bbox 1666 2979 1822 3049; x_wconf 86' lang='lat' dir='ltr'>proprieta-</span> 
     </span>
    </p>
   </div>
   <div class='ocr_carea' id='block_1_14' title="bbox 191 3067 1822 3145">
    <p class='ocr_par' dir='ltr' id='par_1_15' title="bbox 191 3067 1822 3145">
     <span class='ocr_line' id='line_1_46' title="bbox 191 3067 1822 3145; baseline 0.002 -24"><span class='ocrx_word' id='word_1_379' title='bbox 191 3067 365 3124; x_wconf 90' lang='lat' dir='ltr'>inomnibus</span> <span class='ocrx_word' id='word_1_380' title='bbox 393 3068 553 3138; x_wconf 85' lang='lat' dir='ltr'>prouinciis.</span> <span class='ocrx_word' id='word_1_381' title='bbox 577 3068 642 3124; x_wconf 90' lang='lat' dir='ltr'>ideo</span> <span class='ocrx_word' id='word_1_382' title='bbox 665 3077 692 3125; x_wconf 89' lang='lat' dir='ltr'>et</span> <span class='ocrx_word' id='word_1_383' title='bbox 711 3070 809 3127; x_wconf 84' lang='lat' dir='ltr'>beatus</span> <span class='ocrx_word' id='word_1_384' title='bbox 831 3070 981 3144; x_wconf 87' lang='lat' dir='ltr'>Gregorius</span> <span class='ocrx_word' id='word_1_385' title='bbox 1031 3075 1078 3143; x_wconf 89' lang='lat' dir='ltr'>rii,</span> <span class='ocrx_word' id='word_1_386' title='bbox 1093 3084 1120 3131; x_wconf 89' lang='lat' dir='ltr'>ct</span> <span class='ocrx_word' id='word_1_387' title='bbox 1134 3075 1198 3145; x_wconf 90' lang='lat' dir='ltr'>quia</span> <span class='ocrx_word' id='word_1_388' title='bbox 1212 3083 1289 3130; x_wconf 86' lang='lat' dir='ltr'>extra</span> <span class='ocrx_word' id='word_1_389' title='bbox 1306 3072 1514 3128; x_wconf 88' lang='lat' dir='ltr'>terminossuos</span> <span class='ocrx_word' id='word_1_390' title='bbox 1527 3079 1774 3127; x_wconf 80' lang='lat' dir='ltr'>manentescoutta</span> <span class='ocrx_word' id='word_1_391' title='bbox 1786 3072 1822 3126; x_wconf 89' lang='lat' dir='ltr'>il·</span> 
     </span>
    </p>
   </div>
   <div class='ocr_carea' id='block_1_15' title="bbox 191 3157 984 4327">
    <p class='ocr_par' dir='ltr' id='par_1_16' title="bbox 191 3157 983 3871">
     <span class='ocr_line' id='line_1_47' title="bbox 192 3157 982 3229; baseline 0.009 -17"><span class='ocrx_word' id='word_1_392' title='bbox 192 3172 246 3213; x_wconf 89' lang='lat' dir='ltr'>non</span> <span class='ocrx_word' id='word_1_393' title='bbox 259 3158 383 3213; x_wconf 90' lang='lat' dir='ltr'>omnium</span> <span class='ocrx_word' id='word_1_394' title='bbox 397 3157 613 3229; x_wconf 82' lang='lat' dir='ltr'>provinciarum,</span> <span class='ocrx_word' id='word_1_395' title='bbox 625 3160 673 3216; x_wconf 89' lang='lat' dir='ltr'>scd</span> <span class='ocrx_word' id='word_1_396' title='bbox 688 3162 878 3219; x_wconf 89' lang='lat' dir='ltr'>tantummodo</span> <span class='ocrx_word' id='word_1_397' title='bbox 902 3164 982 3219; x_wconf 85' lang='lat' dir='ltr'>cluri-</span> 
     </span>
     <span class='ocr_line' id='line_1_48' title="bbox 191 3246 980 3323; baseline 0.009 -20"><span class='ocrx_word' id='word_1_398' title='bbox 191 3248 232 3304; x_wconf 88' lang='lat' dir='ltr'>cis</span> <span class='ocrx_word' id='word_1_399' title='bbox 248 3246 399 3319; x_wconf 76' lang='lat' dir='ltr'>huglorurn</span> <span class='ocrx_word' id='word_1_400' title='bbox 414 3264 448 3304; x_wconf 83' lang='lat' dir='ltr'>ex</span> <span class='ocrx_word' id='word_1_401' title='bbox 462 3248 515 3304; x_wconf 87' lang='lat' dir='ltr'>isto</span> <span class='ocrx_word' id='word_1_402' title='bbox 536 3264 670 3306; x_wconf 90' lang='lat' dir='ltr'>concesso</span> <span class='ocrx_word' id='word_1_403' title='bbox 684 3250 881 3323; x_wconf 88' lang='lat' dir='ltr'>indulgentiam</span> <span class='ocrx_word' id='word_1_404' title='bbox 905 3253 980 3322; x_wconf 88' lang='lat' dir='ltr'>lecit,</span> 
     </span>
     <span class='ocr_line' id='line_1_49' title="bbox 192 3337 981 3409; baseline 0.011 -17"><span class='ocrx_word' id='word_1_405' title='bbox 192 3339 258 3408; x_wconf 89' lang='lat' dir='ltr'>quia</span> <span class='ocrx_word' id='word_1_406' title='bbox 272 3337 325 3393; x_wconf 93' lang='lat' dir='ltr'>hoc</span> <span class='ocrx_word' id='word_1_407' title='bbox 334 3339 423 3395; x_wconf 87' lang='lat' dir='ltr'>sacris</span> <span class='ocrx_word' id='word_1_408' title='bbox 433 3352 437 3358; x_wconf 81' lang='grc'><strong>’</strong></span> <span class='ocrx_word' id='word_1_409' title='bbox 446 3348 566 3409; x_wconf 92' lang='lat' dir='ltr'>quatuor</span> <span class='ocrx_word' id='word_1_410' title='bbox 581 3339 708 3397; x_wconf 89' lang='lat' dir='ltr'>conciliis</span> <span class='ocrx_word' id='word_1_411' title='bbox 721 3357 776 3396; x_wconf 91' lang='lat' dir='ltr'>non</span> <span class='ocrx_word' id='word_1_412' title='bbox 795 3358 856 3400; x_wconf 89' lang='lat' dir='ltr'>esse</span> <span class='ocrx_word' id='word_1_413' title='bbox 870 3354 981 3401; x_wconf 88' lang='lat' dir='ltr'>contra-</span> 
     </span>
     <span class='ocr_line' id='line_1_50' title="bbox 192 3422 982 3505; baseline 0.006 -21"><span class='ocrx_word' id='word_1_414' title='bbox 192 3429 265 3484; x_wconf 86' lang='lat' dir='ltr'>rium</span> <span class='ocrx_word' id='word_1_415' title='bbox 276 3427 425 3498; x_wconf 84' lang='lat' dir='ltr'>perspexit.</span> <span class='ocrx_word' id='word_1_416' title='bbox 440 3422 558 3483; x_wconf 80' lang='lat' dir='ltr'>Eosdem</span> <span class='ocrx_word' id='word_1_417' title='bbox 570 3444 637 3484; x_wconf 81' lang='lat' dir='ltr'>vcro</span> <span class='ocrx_word' id='word_1_418' title='bbox 653 3429 769 3485; x_wconf 87' lang='lat' dir='ltr'>clericos</span> <span class='ocrx_word' id='word_1_419' title='bbox 782 3431 982 3505; x_wconf 89' lang='lat' dir='ltr'>haciudulgen-</span> 
     </span>
     <span class='ocr_line' id='line_1_51' title="bbox 192 3520 983 3592; baseline 0.006 -16"><span class='ocrx_word' id='word_1_420' title='bbox 192 3520 230 3576; x_wconf 88' lang='lat' dir='ltr'>tia</span> <span class='ocrx_word' id='word_1_421' title='bbox 242 3528 349 3577; x_wconf 71' lang='lat' dir='ltr'>uterum</span> <span class='ocrx_word' id='word_1_422' title='bbox 359 3530 386 3577; x_wconf 86' lang='lat' dir='ltr'>et</span> <span class='ocrx_word' id='word_1_423' title='bbox 400 3529 478 3577; x_wconf 81' lang='lat' dir='ltr'>extra</span> <span class='ocrx_word' id='word_1_424' title='bbox 491 3520 615 3592; x_wconf 87' lang='lat' dir='ltr'>regulam</span> <span class='ocrx_word' id='word_1_425' title='bbox 629 3520 751 3579; x_wconf 81' lang='lat' dir='ltr'>virentes</span> <span class='ocrx_word' id='word_1_426' title='bbox 767 3523 802 3580; x_wconf 88' lang='lat' dir='ltr'>ad</span> <span class='ocrx_word' id='word_1_427' title='bbox 827 3539 922 3582; x_wconf 89' lang='lat' dir='ltr'>sacros</span> <span class='ocrx_word' id='word_1_428' title='bbox 937 3541 983 3581; x_wconf 92' lang='lat' dir='ltr'>or·</span> 
     </span>
     <span class='ocr_line' id='line_1_52' title="bbox 193 3611 983 3686; baseline 0.008 -17"><span class='ocrx_word' id='word_1_429' title='bbox 193 3613 271 3670; x_wconf 88' lang='lat' dir='ltr'>dines</span> <span class='ocrx_word' id='word_1_430' title='bbox 283 3611 372 3668; x_wconf 91' lang='lat' dir='ltr'>noluit</span> <span class='ocrx_word' id='word_1_431' title='bbox 385 3613 540 3682; x_wconf 73' lang='lat' dir='ltr'>admittere,</span> <span class='ocrx_word' id='word_1_432' title='bbox 559 3614 624 3686; x_wconf 90' lang='lat' dir='ltr'>quia</span> <span class='ocrx_word' id='word_1_433' title='bbox 636 3615 690 3671; x_wconf 91' lang='lat' dir='ltr'>hoc</span> <span class='ocrx_word' id='word_1_434' title='bbox 700 3613 770 3671; x_wconf 85' lang='lat' dir='ltr'>uidit</span> <span class='ocrx_word' id='word_1_435' title='bbox 792 3617 894 3674; x_wconf 86' lang='lat' dir='ltr'>eisdem</span> <span class='ocrx_word' id='word_1_436' title='bbox 915 3634 983 3674; x_wconf 90' lang='lat' dir='ltr'>eou-</span> 
     </span>
     <span class='ocr_line' id='line_1_53' title="bbox 193 3704 983 3783; baseline 0.008 -22"><span class='ocrx_word' id='word_1_437' title='bbox 193 3705 265 3762; x_wconf 93' lang='lat' dir='ltr'>ciliis</span> <span class='ocrx_word' id='word_1_438' title='bbox 278 3704 447 3761; x_wconf 88' lang='lat' dir='ltr'>contrarium</span> <span class='ocrx_word' id='word_1_439' title='bbox 468 3720 550 3773; x_wconf 87' lang='lat' dir='ltr'>esse;</span> <span class='ocrx_word' id='word_1_440' title='bbox 572 3721 691 3777; x_wconf 89' lang='lat' dir='ltr'>quorum</span> <span class='ocrx_word' id='word_1_441' title='bbox 717 3707 898 3766; x_wconf 81' lang='lat' dir='ltr'>uiolatoribus</span> <span class='ocrx_word' id='word_1_442' title='bbox 923 3711 983 3783; x_wconf 87' lang='lat' dir='ltr'>ipse</span> 
     </span>
     <span class='ocr_line' id='line_1_54' title="bbox 193 3797 840 3871; baseline 0.006 -18"><span class='ocrx_word' id='word_1_443' title='bbox 193 3797 286 3869; x_wconf 90' lang='lat' dir='ltr'>posuit</span> <span class='ocrx_word' id='word_1_444' title='bbox 301 3797 446 3853; x_wconf 87' lang='lat' dir='ltr'>arrathema</span> <span class='ocrx_word' id='word_1_445' title='bbox 460 3798 489 3853; x_wconf 92' lang='lat' dir='ltr'>in</span> <span class='ocrx_word' id='word_1_446' title='bbox 505 3797 620 3868; x_wconf 89' lang='lat' dir='ltr'>epistola</span> <span class='ocrx_word' id='word_1_447' title='bbox 632 3814 682 3854; x_wconf 89' lang='lat' dir='ltr'>sua</span> <span class='ocrx_word' id='word_1_448' title='bbox 701 3800 840 3871; x_wconf 79' lang='lat' dir='ltr'>synodica.</span> 
     </span>
    </p>

    <p class='ocr_par' dir='ltr' id='par_1_17' title="bbox 193 3885 984 4327">
     <span class='ocr_line' id='line_1_55' title="bbox 226 3885 983 3961; baseline 0.009 -19"><span class='ocrx_word' id='word_1_449' title='bbox 226 3885 286 3943; x_wconf 92' lang='lat' dir='ltr'>lloc</span> <span class='ocrx_word' id='word_1_450' title='bbox 300 3889 446 3944; x_wconf 86' lang='lat' dir='ltr'>anathema</span> <span class='ocrx_word' id='word_1_451' title='bbox 458 3903 514 3943; x_wconf 93' lang='lat' dir='ltr'>non</span> <span class='ocrx_word' id='word_1_452' title='bbox 534 3888 603 3944; x_wconf 91' lang='lat' dir='ltr'>beue</span> <span class='ocrx_word' id='word_1_453' title='bbox 618 3898 717 3945; x_wconf 86' lang='lat' dir='ltr'>carent</span> <span class='ocrx_word' id='word_1_454' title='bbox 728 3890 859 3961; x_wconf 89' lang='lat' dir='ltr'>episcopi,</span> <span class='ocrx_word' id='word_1_455' title='bbox 871 3890 917 3961; x_wconf 91' lang='lat' dir='ltr'>qui</span> <span class='ocrx_word' id='word_1_456' title='bbox 934 3907 983 3949; x_wconf 91' lang='lat' dir='ltr'>eos</span> 
     </span>
     <span class='ocr_line' id='line_1_56' title="bbox 194 3978 982 4053; baseline 0.004 -18"><span class='ocrx_word' id='word_1_457' title='bbox 194 3979 227 4036; x_wconf 83' lang='lat' dir='ltr'>ad</span> <span class='ocrx_word' id='word_1_458' title='bbox 241 3994 338 4036; x_wconf 88' lang='lat' dir='ltr'>sacros</span> <span class='ocrx_word' id='word_1_459' title='bbox 360 3978 473 4036; x_wconf 90' lang='lat' dir='ltr'>ordines</span> <span class='ocrx_word' id='word_1_460' title='bbox 500 3978 648 4050; x_wconf 90' lang='lat' dir='ltr'>recipiunt,</span> <span class='ocrx_word' id='word_1_461' title='bbox 671 3995 742 4051; x_wconf 90' lang='lat' dir='ltr'>quos</span> <span class='ocrx_word' id='word_1_462' title='bbox 759 3989 837 4038; x_wconf 87' lang='lat' dir='ltr'>extra</span> <span class='ocrx_word' id='word_1_463' title='bbox 859 3982 982 4053; x_wconf 88' lang='lat' dir='ltr'>regulam</span> 
     </span>
     <span class='ocr_line' id='line_1_57' title="bbox 193 4071 983 4146; baseline -0.001 -17"><span class='ocrx_word' id='word_1_464' title='bbox 193 4072 315 4129; x_wconf 82' lang='lat' dir='ltr'>virentes</span> <span class='ocrx_word' id='word_1_465' title='bbox 329 4081 356 4128; x_wconf 90' lang='lat' dir='ltr'>et</span> <span class='ocrx_word' id='word_1_466' title='bbox 368 4071 545 4129; x_wconf 77' lang='lat' dir='ltr'>secularibus</span> <span class='ocrx_word' id='word_1_467' title='bbox 559 4074 677 4144; x_wconf 90' lang='lat' dir='ltr'>negotiis</span> <span class='ocrx_word' id='word_1_468' title='bbox 694 4072 801 4130; x_wconf 86' lang='lat' dir='ltr'>deditos</span> <span class='ocrx_word' id='word_1_469' title='bbox 811 4075 903 4130; x_wconf 88' lang='lat' dir='ltr'>sciunt</span> <span class='ocrx_word' id='word_1_470' title='bbox 914 4094 922 4143; x_wconf 90' lang='lat'>;</span> <span class='ocrx_word' id='word_1_471' title='bbox 935 4075 983 4146; x_wconf 93' lang='lat' dir='ltr'>qui</span> 
     </span>
     <span class='ocr_line' id='line_1_58' title="bbox 193 4165 984 4239; baseline 0.001 -17"><span class='ocrx_word' id='word_1_472' title='bbox 193 4165 277 4222; x_wconf 86' lang='lat' dir='ltr'>etiarn</span> <span class='ocrx_word' id='word_1_473' title='bbox 304 4165 466 4237; x_wconf 87' lang='lat' dir='ltr'>plerumque</span> <span class='ocrx_word' id='word_1_474' title='bbox 483 4165 613 4220; x_wconf 90' lang='lat' dir='ltr'>ordinant</span> <span class='ocrx_word' id='word_1_475' title='bbox 640 4165 798 4237; x_wconf 89' lang='lat' dir='ltr'>acephalos,</span> <span class='ocrx_word' id='word_1_476' title='bbox 821 4183 913 4239; x_wconf 87' lang='lat' dir='ltr'>uagos,</span> <span class='ocrx_word' id='word_1_477' title='bbox 931 4183 984 4224; x_wconf 86' lang='lat' dir='ltr'>nec</span> 
     </span>
     <span class='ocr_line' id='line_1_59' title="bbox 194 4254 982 4327; baseline 0.001 -15"><span class='ocrx_word' id='word_1_478' title='bbox 194 4255 289 4327; x_wconf 86' lang='lat' dir='ltr'>regula</span> <span class='ocrx_word' id='word_1_479' title='bbox 297 4254 443 4326; x_wconf 88' lang='lat' dir='ltr'>obligatos,</span> <span class='ocrx_word' id='word_1_480' title='bbox 453 4269 504 4311; x_wconf 87' lang='lat' dir='ltr'>nee</span> <span class='ocrx_word' id='word_1_481' title='bbox 518 4256 579 4311; x_wconf 89' lang='lat' dir='ltr'>loco</span> <span class='ocrx_word' id='word_1_482' title='bbox 592 4254 720 4313; x_wconf 77' lang='lat' dir='ltr'>fundatos</span> <span class='ocrx_word' id='word_1_483' title='bbox 732 4267 826 4314; x_wconf 90' lang='lat' dir='ltr'>contra</span> <span class='ocrx_word' id='word_1_484' title='bbox 837 4257 932 4314; x_wconf 86' lang='lat' dir='ltr'>Patres</span> <span class='ocrx_word' id='word_1_485' title='bbox 953 4258 982 4313; x_wconf 91' lang='lat' dir='ltr'>in</span> 
     </span>
    </p>
   </div>
   <div class='ocr_carea' id='block_1_16' title="bbox 1031 3164 1826 3418">
    <p class='ocr_par' dir='ltr' id='par_1_18' title="bbox 1031 3164 1826 3418">
     <span class='ocr_line' id='line_1_60' title="bbox 1031 3164 1822 3233; baseline -0.001 -13"><span class='ocrx_word' id='word_1_486' title='bbox 1031 3166 1087 3223; x_wconf 90' lang='lat' dir='ltr'>lum</span> <span class='ocrx_word' id='word_1_487' title='bbox 1114 3173 1365 3231; x_wconf 83' lang='lat' dir='ltr'>murmuraverunt,</span> <span class='ocrx_word' id='word_1_488' title='bbox 1384 3164 1554 3233; x_wconf 90' lang='lat' dir='ltr'>nimiumque</span> <span class='ocrx_word' id='word_1_489' title='bbox 1575 3172 1715 3220; x_wconf 77' lang='lat' dir='ltr'>austeram</span> <span class='ocrx_word' id='word_1_490' title='bbox 1733 3165 1822 3219; x_wconf 85' lang='lat' dir='ltr'>ritarn</span> 
     </span>
     <span class='ocr_line' id='line_1_61' title="bbox 1032 3253 1824 3327; baseline -0.003 -14"><span class='ocrx_word' id='word_1_491' title='bbox 1032 3260 1106 3315; x_wconf 89' lang='lat' dir='ltr'>illius</span> <span class='ocrx_word' id='word_1_492' title='bbox 1126 3259 1264 3317; x_wconf 80' lang='lat' dir='ltr'>dixerunt.</span> <span class='ocrx_word' id='word_1_493' title='bbox 1290 3258 1325 3312; x_wconf 87' lang='lat' dir='ltr'>tlt</span> <span class='ocrx_word' id='word_1_494' title='bbox 1339 3256 1408 3327; x_wconf 88' lang='lat' dir='ltr'>ipse,</span> <span class='ocrx_word' id='word_1_495' title='bbox 1422 3256 1551 3326; x_wconf 90' lang='lat' dir='ltr'>quoniam</span> <span class='ocrx_word' id='word_1_496' title='bbox 1566 3253 1717 3311; x_wconf 86' lang='lat' dir='ltr'>Ecclesiam</span> <span class='ocrx_word' id='word_1_497' title='bbox 1736 3255 1824 3311; x_wconf 82' lang='lat' dir='ltr'>talem</span> 
     </span>
     <span class='ocr_line' id='line_1_62' title="bbox 1031 3344 1826 3418; baseline -0.003 -13"><span class='ocrx_word' id='word_1_498' title='bbox 1031 3350 1108 3406; x_wconf 87' lang='lat' dir='ltr'>norit</span> <span class='ocrx_word' id='word_1_499' title='bbox 1120 3347 1231 3405; x_wconf 83' lang='lat' dir='ltr'>Christo</span> <span class='ocrx_word' id='word_1_500' title='bbox 1243 3348 1436 3414; x_wconf 81' lang='lat' dir='ltr'>exhibendam,</span> <span class='ocrx_word' id='word_1_501' title='bbox 1454 3347 1562 3418; x_wconf 85' lang='lat' dir='ltr'>qualem</span> <span class='ocrx_word' id='word_1_502' title='bbox 1578 3354 1687 3403; x_wconf 90' lang='lat' dir='ltr'>constat</span> <span class='ocrx_word' id='word_1_503' title='bbox 1704 3363 1720 3402; x_wconf 91' lang='lat' dir='ltr'>a</span> <span class='ocrx_word' id='word_1_504' title='bbox 1739 3344 1826 3404; x_wconf 86' lang='lat' dir='ltr'>Chri·</span> 
     </span>
    </p>
   </div>
   <div class='ocr_carea' id='block_1_17' title="bbox 1032 3435 1925 3509">
    <p class='ocr_par' dir='ltr' id='par_1_19' title="bbox 1032 3435 1925 3509">
     <span class='ocr_line' id='line_1_63' title="bbox 1032 3435 1925 3509; baseline -0.006 -12"><span class='ocrx_word' id='word_1_505' title='bbox 1032 3449 1076 3498; x_wconf 92' lang='lat' dir='ltr'>sto</span> <span class='ocrx_word' id='word_1_506' title='bbox 1096 3439 1249 3506; x_wconf 77' lang='lat' dir='ltr'>fundatam,</span> <span class='ocrx_word' id='word_1_507' title='bbox 1274 3440 1309 3494; x_wconf 85' lang='lat' dir='ltr'>ab</span> <span class='ocrx_word' id='word_1_508' title='bbox 1334 3437 1464 3509; x_wconf 89' lang='lat' dir='ltr'>apostolis</span> <span class='ocrx_word' id='word_1_509' title='bbox 1484 3438 1646 3509; x_wconf 90' lang='lat' dir='ltr'>plantatam,</span> <span class='ocrx_word' id='word_1_510' title='bbox 1667 3447 1824 3509; x_wconf 74' lang='lat' dir='ltr'>martyrum</span> <span class='ocrx_word' id='word_1_511' title='bbox 1924 3435 1925 3454; x_wconf 66' lang='lat'>¹</span> 
     </span>
    </p>
   </div>
   <div class='ocr_carea' id='block_1_18' title="bbox 1032 3527 1826 3861">
    <p class='ocr_par' dir='ltr' id='par_1_20' title="bbox 1032 3527 1826 3861">
     <span class='ocr_line' id='line_1_64' title="bbox 1032 3527 1826 3601; baseline -0.006 -15"><span class='ocrx_word' id='word_1_512' title='bbox 1032 3530 1164 3601; x_wconf 88' lang='lat' dir='ltr'>sauguine</span> <span class='ocrx_word' id='word_1_513' title='bbox 1193 3529 1332 3601; x_wconf 85' lang='lat' dir='ltr'>rigatam;</span> <span class='ocrx_word' id='word_1_514' title='bbox 1369 3527 1494 3598; x_wconf 89' lang='lat' dir='ltr'>despecta</span> <span class='ocrx_word' id='word_1_515' title='bbox 1527 3541 1674 3597; x_wconf 86' lang='lat' dir='ltr'>pratorum</span> <span class='ocrx_word' id='word_1_516' title='bbox 1704 3541 1826 3583; x_wconf 86' lang='lat' dir='ltr'>consuc-</span> 
     </span>
     <span class='ocr_line' id='line_1_65' title="bbox 1034 3616 1826 3687; baseline -0.005 -9"><span class='ocrx_word' id='word_1_517' title='bbox 1034 3622 1126 3678; x_wconf 90' lang='lat' dir='ltr'>tudiue</span> <span class='ocrx_word' id='word_1_518' title='bbox 1154 3636 1189 3677; x_wconf 85' lang='lat' dir='ltr'>ac</span> <span class='ocrx_word' id='word_1_519' title='bbox 1225 3618 1416 3685; x_wconf 90' lang='lat' dir='ltr'>multitudine,</span> <span class='ocrx_word' id='word_1_520' title='bbox 1449 3616 1596 3687; x_wconf 87' lang='lat' dir='ltr'>apostolica</span> <span class='ocrx_word' id='word_1_521' title='bbox 1628 3618 1826 3674; x_wconf 87' lang='lat' dir='ltr'>tantummodo</span> 
     </span>
     <span class='ocr_line' id='line_1_66' title="bbox 1032 3707 1826 3783; baseline -0.005 -14"><span class='ocrx_word' id='word_1_522' title='bbox 1032 3711 1156 3783; x_wconf 77' lang='lat' dir='ltr'>exempla</span> <span class='ocrx_word' id='word_1_523' title='bbox 1171 3710 1346 3782; x_wconf 89' lang='lat' dir='ltr'>sequebatur,</span> <span class='ocrx_word' id='word_1_524' title='bbox 1360 3708 1489 3781; x_wconf 90' lang='lat' dir='ltr'>aquibus</span> <span class='ocrx_word' id='word_1_525' title='bbox 1503 3707 1594 3763; x_wconf 84' lang='lat' dir='ltr'>diuelli</span> <span class='ocrx_word' id='word_1_526' title='bbox 1614 3724 1644 3764; x_wconf 90' lang='lat' dir='ltr'>se</span> <span class='ocrx_word' id='word_1_527' title='bbox 1663 3723 1719 3764; x_wconf 91' lang='lat' dir='ltr'>non</span> <span class='ocrx_word' id='word_1_528' title='bbox 1734 3709 1826 3779; x_wconf 82' lang='lat' dir='ltr'>patic-</span> 
     </span>
     <span class='ocr_line' id='line_1_67' title="bbox 1032 3805 1122 3861; baseline 0 0"><span class='ocrx_word' id='word_1_529' title='bbox 1032 3805 1122 3861; x_wconf 90' lang='lat' dir='ltr'>batur.</span> 
     </span>
    </p>
   </div>
   <div class='ocr_carea' id='block_1_19' title="bbox 1300 3911 1554 3969">
    <p class='ocr_par' dir='ltr' id='par_1_21' title="bbox 1300 3911 1554 3969">
     <span class='ocr_line' id='line_1_68' title="bbox 1300 3911 1554 3969; baseline -0.004 -1"><span class='ocrx_word' id='word_1_530' title='bbox 1300 3911 1415 3969; x_wconf 76' lang='lat' dir='ltr'>CAPUT</span> <span class='ocrx_word' id='word_1_531' title='bbox 1445 3911 1554 3967; x_wconf 77' lang='lat' dir='ltr'>xxxtt.</span> 
     </span>
    </p>
   </div>
   <div class='ocr_carea' id='block_1_20' title="bbox 1034 4003 1825 4148">
    <p class='ocr_par' dir='ltr' id='par_1_22' title="bbox 1034 4003 1825 4148">
     <span class='ocr_line' id='line_1_69' title="bbox 1034 4003 1825 4079; baseline -0.011 -14"><span class='ocrx_word' id='word_1_532' title='bbox 1034 4008 1146 4065; x_wconf 84' lang='lat' dir='ltr'>Sanetus</span> <span class='ocrx_word' id='word_1_533' title='bbox 1156 4008 1320 4079; x_wconf 77' lang='lat' dir='ltr'>Augustinus</span> <span class='ocrx_word' id='word_1_534' title='bbox 1330 4006 1447 4061; x_wconf 83' lang='lat' dir='ltr'>diuersas</span> <span class='ocrx_word' id='word_1_535' title='bbox 1456 4003 1560 4075; x_wconf 81' lang='lat' dir='ltr'>regulas</span> <span class='ocrx_word' id='word_1_536' title='bbox 1571 4004 1701 4069; x_wconf 86' lang='lat' dir='ltr'>condidit,</span> <span class='ocrx_word' id='word_1_537' title='bbox 1709 4004 1745 4057; x_wconf 85' lang='lat' dir='ltr'>ud</span> <span class='ocrx_word' id='word_1_538' title='bbox 1753 4019 1825 4075; x_wconf 77' lang='lat' dir='ltr'>qsns</span> 
     </span>
     <span class='ocr_line' id='line_1_70' title="bbox 1068 4074 1825 4148; baseline -0.005 -16"><span class='ocrx_word' id='word_1_539' title='bbox 1068 4096 1151 4135; x_wconf 83' lang='lat' dir='ltr'>mores</span> <span class='ocrx_word' id='word_1_540' title='bbox 1165 4094 1227 4133; x_wconf 86' lang='lat' dir='ltr'>snos</span> <span class='ocrx_word' id='word_1_541' title='bbox 1237 4077 1343 4148; x_wconf 76' lang='lat' dir='ltr'>exigoru</span> <span class='ocrx_word' id='word_1_542' title='bbox 1358 4085 1413 4129; x_wconf 87' lang='lat' dir='ltr'>torn</span> <span class='ocrx_word' id='word_1_543' title='bbox 1427 4075 1515 4128; x_wconf 84' lang='lat' dir='ltr'>clerici</span> <span class='ocrx_word' id='word_1_544' title='bbox 1531 4089 1610 4146; x_wconf 86' lang='lat' dir='ltr'>quant</span> <span class='ocrx_word' id='word_1_545' title='bbox 1622 4074 1754 4140; x_wconf 80' lang='lat' dir='ltr'>nauarchi,</span> <span class='ocrx_word' id='word_1_546' title='bbox 1765 4086 1825 4128; x_wconf 75' lang='lat' dir='ltr'>tarn</span> 
     </span>
    </p>
   </div>
   <div class='ocr_carea' id='block_1_21' title="bbox 1068 4146 1825 4333">
    <p class='ocr_par' dir='ltr' id='par_1_23' title="bbox 1068 4146 1825 4333">
     <span class='ocr_line' id='line_1_71' title="bbox 1068 4146 1458 4221; baseline -0.015 -17"><span class='ocrx_word' id='word_1_547' title='bbox 1068 4150 1274 4221; x_wconf 81' lang='lat' dir='ltr'>uirginesqnonr</span> <span class='ocrx_word' id='word_1_548' title='bbox 1293 4146 1389 4212; x_wconf 71' lang='lat' dir='ltr'>saduc,</span> <span class='ocrx_word' id='word_1_549' title='bbox 1405 4153 1458 4200; x_wconf 87' lang='lat' dir='ltr'>etc.</span> 
     </span>
     <span class='ocr_line' id='line_1_72' title="bbox 1068 4256 1825 4333; baseline -0.011 -11"><span class='ocrx_word' id='word_1_550' title='bbox 1068 4266 1137 4321; x_wconf 90' lang='lat' dir='ltr'>Cum</span> <span class='ocrx_word' id='word_1_551' title='bbox 1149 4264 1222 4321; x_wconf 88' lang='lat' dir='ltr'>enim</span> <span class='ocrx_word' id='word_1_552' title='bbox 1240 4261 1368 4333; x_wconf 85' lang='lat' dir='ltr'>superius</span> <span class='ocrx_word' id='word_1_553' title='bbox 1381 4260 1452 4315; x_wconf 91' lang='lat' dir='ltr'>inter</span> <span class='ocrx_word' id='word_1_554' title='bbox 1472 4257 1608 4329; x_wconf 85' lang='lat' dir='ltr'>periectos</span> <span class='ocrx_word' id='word_1_555' title='bbox 1627 4256 1785 4329; x_wconf 75' lang='lat' dir='ltr'>apostolicos</span> <span class='ocrx_word' id='word_1_556' title='bbox 1796 4269 1825 4314; x_wconf 87' lang='lat' dir='ltr'>ct</span> 
     </span>
    </p>
   </div>
   <div class='ocr_carea' id='block_1_22' title="bbox 195 4344 1826 4429">
    <p class='ocr_par' dir='ltr' id='par_1_24' title="bbox 195 4344 1826 4429">
     <span class='ocr_line' id='line_1_73' title="bbox 195 4344 1826 4429; baseline -0.002 -19"><span class='ocrx_word' id='word_1_557' title='bbox 195 4344 415 4404; x_wconf 82' lang='lat' dir='ltr'>chalcedonensi</span> <span class='ocrx_word' id='word_1_558' title='bbox 427 4347 546 4403; x_wconf 71' lang='lat' dir='ltr'><strong>00⁰0ffi0</strong></span> <span class='ocrx_word' id='word_1_559' title='bbox 557 4357 746 4420; x_wconf 68' lang='lat' dir='ltr'>‹20nt3tcsstl08-</span> <span class='ocrx_word' id='word_1_560' title='bbox 760 4349 813 4416; x_wconf 72' lang='lat' dir='ltr'>Qui</span> <span class='ocrx_word' id='word_1_561' title='bbox 829 4350 910 4405; x_wconf 63' lang='lat' dir='ltr'>talem</span> <span class='ocrx_word' id='word_1_562' title='bbox 922 4360 982 4405; x_wconf 86' lang='lat' dir='ltr'>ma·</span> <span class='ocrx_word' id='word_1_563' title='bbox 998 4348 1020 4403; x_wconf 82' lang='grc' dir='ltr'>Ι)</span> <span class='ocrx_word' id='word_1_564' title='bbox 1034 4356 1178 4429; x_wconf 80' lang='lat' dir='ltr'>primitivae</span> <span class='ocrx_word' id='word_1_565' title='bbox 1203 4353 1332 4410; x_wconf 71' lang='lat' dir='ltr'>Ecclesiae</span> <span class='ocrx_word' id='word_1_566' title='bbox 1357 4350 1439 4416; x_wconf 82' lang='lat' dir='ltr'>filios,</span> <span class='ocrx_word' id='word_1_567' title='bbox 1462 4359 1519 4408; x_wconf 85' lang='lat' dir='ltr'>tres</span> <span class='ocrx_word' id='word_1_568' title='bbox 1533 4349 1643 4405; x_wconf 89' lang='lat' dir='ltr'>ordines</span> <span class='ocrx_word' id='word_1_569' title='bbox 1661 4349 1826 4406; x_wconf 80' lang='lat' dir='ltr'>distinxeri-</span> 
     </span>
    </p>
   </div>
   <div class='ocr_carea' id='block_1_23' title="bbox 196 4438 984 5003">
    <p class='ocr_par' dir='ltr' id='par_1_25' title="bbox 196 4438 984 4878">
     <span class='ocr_line' id='line_1_74' title="bbox 196 4438 984 4511; baseline 0.005 -17"><span class='ocrx_word' id='word_1_570' title='bbox 196 4453 249 4495; x_wconf 90' lang='lat' dir='ltr'>nus</span> <span class='ocrx_word' id='word_1_571' title='bbox 261 4438 464 4511; x_wconf 86' lang='lat' dir='ltr'>impositionem</span> <span class='ocrx_word' id='word_1_572' title='bbox 480 4447 592 4498; x_wconf 89' lang='lat' dir='ltr'>censent</span> <span class='ocrx_word' id='word_1_573' title='bbox 607 4440 714 4498; x_wconf 87' lang='lat' dir='ltr'>irritam</span> <span class='ocrx_word' id='word_1_574' title='bbox 729 4456 801 4508; x_wconf 87' lang='lat' dir='ltr'>esse,</span> <span class='ocrx_word' id='word_1_575' title='bbox 813 4443 894 4499; x_wconf 89' lang='lat' dir='ltr'>acsic</span> <span class='ocrx_word' id='word_1_576' title='bbox 908 4443 984 4500; x_wconf 88' lang='lat' dir='ltr'>ordi·</span> 
     </span>
     <span class='ocr_line' id='line_1_75' title="bbox 196 4532 982 4604; baseline 0.008 -17"><span class='ocrx_word' id='word_1_577' title='bbox 196 4542 276 4589; x_wconf 87' lang='lat' dir='ltr'>natos</span> <span class='ocrx_word' id='word_1_578' title='bbox 288 4547 424 4604; x_wconf 87' lang='lat' dir='ltr'>nusquam</span> <span class='ocrx_word' id='word_1_579' title='bbox 440 4534 597 4590; x_wconf 89' lang='lat' dir='ltr'>ministrare</span> <span class='ocrx_word' id='word_1_580' title='bbox 612 4532 721 4590; x_wconf 85' lang='lat' dir='ltr'>debere.</span> <span class='ocrx_word' id='word_1_581' title='bbox 736 4532 814 4591; x_wconf 85' lang='lat' dir='ltr'>Unde</span> <span class='ocrx_word' id='word_1_582' title='bbox 825 4549 881 4591; x_wconf 92' lang='lat' dir='ltr'>non</span> <span class='ocrx_word' id='word_1_583' title='bbox 893 4536 982 4593; x_wconf 90' lang='lat' dir='ltr'>solum</span> 
     </span>
     <span class='ocr_line' id='line_1_76' title="bbox 196 4622 984 4696; baseline 0.004 -17"><span class='ocrx_word' id='word_1_584' title='bbox 196 4622 317 4693; x_wconf 89' lang='lat' dir='ltr'>episcopi</span> <span class='ocrx_word' id='word_1_585' title='bbox 334 4634 428 4679; x_wconf 87' lang='lat' dir='ltr'>contra</span> <span class='ocrx_word' id='word_1_586' title='bbox 444 4639 565 4680; x_wconf 89' lang='lat' dir='ltr'>canones</span> <span class='ocrx_word' id='word_1_587' title='bbox 577 4640 593 4681; x_wconf 93' lang='lat' dir='ltr'>a</span> <span class='ocrx_word' id='word_1_588' title='bbox 606 4623 687 4680; x_wconf 90' lang='lat' dir='ltr'>beato</span> <span class='ocrx_word' id='word_1_589' title='bbox 698 4624 832 4696; x_wconf 87' lang='lat' dir='ltr'>Gregorio</span> <span class='ocrx_word' id='word_1_590' title='bbox 845 4626 897 4681; x_wconf 89' lang='lat' dir='ltr'>sub</span> <span class='ocrx_word' id='word_1_591' title='bbox 915 4642 984 4682; x_wconf 87' lang='lat' dir='ltr'>ana·</span> 
     </span>
     <span class='ocr_line' id='line_1_77' title="bbox 197 4712 982 4786; baseline 0.003 -20"><span class='ocrx_word' id='word_1_592' title='bbox 197 4712 316 4766; x_wconf 87' lang='lat' dir='ltr'>themate</span> <span class='ocrx_word' id='word_1_593' title='bbox 326 4712 516 4781; x_wconf 78' lang='lat' dir='ltr'>confirmatos,</span> <span class='ocrx_word' id='word_1_594' title='bbox 531 4716 694 4786; x_wconf 57' lang='lat' dir='ltr'>etssquatnor</span> <span class='ocrx_word' id='word_1_595' title='bbox 715 4712 871 4785; x_wconf 84' lang='lat' dir='ltr'>Euangeliis</span> <span class='ocrx_word' id='word_1_596' title='bbox 888 4713 982 4785; x_wconf 89' lang='lat' dir='ltr'>parih-</span> 
     </span>
     <span class='ocr_line' id='line_1_78' title="bbox 196 4799 982 4878; baseline 0.003 -18"><span class='ocrx_word' id='word_1_597' title='bbox 196 4813 274 4861; x_wconf 86' lang='lat' dir='ltr'>catos</span> <span class='ocrx_word' id='word_1_598' title='bbox 285 4799 602 4878; x_wconf 79' lang='lat' dir='ltr'>presumeudograttrer</span> <span class='ocrx_word' id='word_1_599' title='bbox 618 4807 781 4877; x_wconf 88' lang='lat' dir='ltr'>delinquunt</span> <span class='ocrx_word' id='word_1_600' title='bbox 796 4824 804 4872; x_wconf 87' lang='lat'>;</span> <span class='ocrx_word' id='word_1_601' title='bbox 828 4805 877 4862; x_wconf 88' lang='lat' dir='ltr'>sed</span> <span class='ocrx_word' id='word_1_602' title='bbox 899 4815 927 4862; x_wconf 89' lang='lat' dir='ltr'>et</span> <span class='ocrx_word' id='word_1_603' title='bbox 942 4805 982 4874; x_wconf 93' lang='lat' dir='ltr'>hi,</span> 
     </span>
    </p>

    <p class='ocr_par' dir='ltr' id='par_1_26' title="bbox 235 4916 984 5003">
     <span class='ocr_line' id='line_1_79' title="bbox 235 4916 984 5003; baseline 0.007 -31"><span class='ocrx_word' id='word_1_604' title='bbox 235 4917 309 5003; x_wconf 70' lang='lat' dir='ltr'>(rto)</span> <span class='ocrx_word' id='word_1_605' title='bbox 333 4916 446 4982; x_wconf 81' lang='lat' dir='ltr'>Decreta</span> <span class='ocrx_word' id='word_1_606' title='bbox 461 4918 585 4991; x_wconf 87' lang='lat' dir='ltr'>Gregorii</span> <span class='ocrx_word' id='word_1_607' title='bbox 609 4919 705 4988; x_wconf 83' lang='lat' dir='ltr'>llll,ct</span> <span class='ocrx_word' id='word_1_608' title='bbox 724 4918 825 4974; x_wconf 88' lang='lat' dir='ltr'>Urbani</span> <span class='ocrx_word' id='word_1_609' title='bbox 848 4935 925 4990; x_wconf 84' lang='lat' dir='ltr'>papte</span> <span class='ocrx_word' id='word_1_610' title='bbox 949 4920 984 4976; x_wconf 89' lang='lat' dir='ltr'>de</span> 
     </span>
    </p>
   </div>
   <div class='ocr_carea' id='block_1_24' title="bbox 198 4989 983 5127">
    <p class='ocr_par' dir='ltr' id='par_1_27' title="bbox 198 4989 983 5127">
     <span class='ocr_line' id='line_1_80' title="bbox 198 4989 983 5061; baseline -0.001 -15"><span class='ocrx_word' id='word_1_611' title='bbox 198 4989 471 5046; x_wconf 84' lang='lat' dir='ltr'>iilirssaccrdotum:</span> <span class='ocrx_word' id='word_1_612' title='bbox 496 5008 505 5042; x_wconf 91' lang='lat' dir='ltr'>t</span> <span class='ocrx_word' id='word_1_613' title='bbox 535 4990 756 5061; x_wconf 85' lang='lat' dir='ltr'>Presbyterorum</span> <span class='ocrx_word' id='word_1_614' title='bbox 779 4990 885 5046; x_wconf 87' lang='lat' dir='ltr'>liliosa</span> <span class='ocrx_word' id='word_1_615' title='bbox 911 4991 983 5046; x_wconf 89' lang='lat' dir='ltr'>sacri</span> 
     </span>
     <span class='ocr_line' id='line_1_81' title="bbox 198 5058 983 5127; baseline 0.001 -12"><span class='ocrx_word' id='word_1_616' title='bbox 198 5060 294 5116; x_wconf 90' lang='lat' dir='ltr'>aitaris</span> <span class='ocrx_word' id='word_1_617' title='bbox 308 5058 467 5116; x_wconf 90' lang='lat' dir='ltr'>ministeriis</span> <span class='ocrx_word' id='word_1_618' title='bbox 479 5061 658 5120; x_wconf 78' lang='lat' dir='ltr'>removendos</span> <span class='ocrx_word' id='word_1_619' title='bbox 674 5061 857 5127; x_wconf 89' lang='lat' dir='ltr'>decernimus,</span> <span class='ocrx_word' id='word_1_620' title='bbox 870 5060 922 5115; x_wconf 91' lang='lat' dir='ltr'>uisi</span> <span class='ocrx_word' id='word_1_621' title='bbox 934 5069 983 5116; x_wconf 91' lang='lat' dir='ltr'>aut</span> 
     </span>
    </p>
   </div>
   <div class='ocr_carea' id='block_1_25' title="bbox 1033 4440 1828 4993">
    <p class='ocr_par' dir='ltr' id='par_1_28' title="bbox 1033 4440 1828 4993">
     <span class='ocr_line' id='line_1_82' title="bbox 1034 4440 1828 4515; baseline -0.011 -10"><span class='ocrx_word' id='word_1_622' title='bbox 1034 4464 1113 4515; x_wconf 91' lang='lat' dir='ltr'>mus;</span> <span class='ocrx_word' id='word_1_623' title='bbox 1135 4446 1182 4502; x_wconf 91' lang='lat' dir='ltr'>ubi</span> <span class='ocrx_word' id='word_1_624' title='bbox 1205 4446 1275 4502; x_wconf 87' lang='lat' dir='ltr'>alios</span> <span class='ocrx_word' id='word_1_625' title='bbox 1296 4459 1358 4500; x_wconf 88' lang='lat' dir='ltr'>curu</span> <span class='ocrx_word' id='word_1_626' title='bbox 1374 4441 1454 4498; x_wconf 86' lang='lat' dir='ltr'>Petro</span> <span class='ocrx_word' id='word_1_627' title='bbox 1471 4450 1499 4497; x_wconf 88' lang='lat' dir='ltr'>et</span> <span class='ocrx_word' id='word_1_628' title='bbox 1516 4440 1647 4512; x_wconf 89' lang='lat' dir='ltr'>apostolis</span> <span class='ocrx_word' id='word_1_629' title='bbox 1667 4440 1751 4496; x_wconf 90' lang='lat' dir='ltr'>rcrho</span> <span class='ocrx_word' id='word_1_630' title='bbox 1772 4458 1828 4496; x_wconf 77' lang='lat' dir='ltr'>ra·</span> 
     </span>
     <span class='ocr_line' id='line_1_83' title="bbox 1034 4531 1822 4605; baseline -0.009 -10"><span class='ocrx_word' id='word_1_631' title='bbox 1034 4553 1126 4605; x_wconf 81' lang='lat' dir='ltr'>easse3</span> <span class='ocrx_word' id='word_1_632' title='bbox 1148 4537 1217 4592; x_wconf 89' lang='lat' dir='ltr'>alios</span> <span class='ocrx_word' id='word_1_633' title='bbox 1231 4549 1293 4591; x_wconf 92' lang='lat' dir='ltr'>euru</span> <span class='ocrx_word' id='word_1_634' title='bbox 1308 4532 1393 4589; x_wconf 90' lang='lat' dir='ltr'>Paulo</span> <span class='ocrx_word' id='word_1_635' title='bbox 1407 4533 1441 4589; x_wconf 88' lang='lat' dir='ltr'>de</span> <span class='ocrx_word' id='word_1_636' title='bbox 1455 4546 1537 4602; x_wconf 86' lang='lat' dir='ltr'>opere</span> <span class='ocrx_word' id='word_1_637' title='bbox 1550 4547 1680 4587; x_wconf 90' lang='lat' dir='ltr'>manuum</span> <span class='ocrx_word' id='word_1_638' title='bbox 1699 4531 1822 4600; x_wconf 82' lang='lat' dir='ltr'>ririssc;</span> 
     </span>
     <span class='ocr_line' id='line_1_84' title="bbox 1033 4622 1824 4695; baseline -0.006 -9"><span class='ocrx_word' id='word_1_639' title='bbox 1033 4630 1177 4686; x_wconf 87' lang='lat' dir='ltr'>alioscum</span> <span class='ocrx_word' id='word_1_640' title='bbox 1199 4625 1316 4682; x_wconf 83' lang='lat' dir='ltr'>Tabitha</span> <span class='ocrx_word' id='word_1_641' title='bbox 1337 4624 1470 4695; x_wconf 88' lang='lat' dir='ltr'>discipula</span> <span class='ocrx_word' id='word_1_642' title='bbox 1496 4622 1663 4694; x_wconf 88' lang='lat' dir='ltr'>pauperibus</span> <span class='ocrx_word' id='word_1_643' title='bbox 1687 4623 1714 4678; x_wconf 92' lang='lat' dir='ltr'>in</span> <span class='ocrx_word' id='word_1_644' title='bbox 1737 4622 1824 4681; x_wconf 92' lang='lat' dir='ltr'>dorno</span> 
     </span>
     <span class='ocr_line' id='line_1_85' title="bbox 1034 4711 1822 4784; baseline -0.013 -6"><span class='ocrx_word' id='word_1_645' title='bbox 1034 4737 1084 4778; x_wconf 87' lang='lat' dir='ltr'>sua</span> <span class='ocrx_word' id='word_1_646' title='bbox 1099 4718 1270 4775; x_wconf 89' lang='lat' dir='ltr'>ministrasse</span> <span class='ocrx_word' id='word_1_647' title='bbox 1281 4716 1446 4781; x_wconf 83' lang='lat' dir='ltr'>notavimus,</span> <span class='ocrx_word' id='word_1_648' title='bbox 1457 4713 1529 4771; x_wconf 91' lang='lat' dir='ltr'>sicut</span> <span class='ocrx_word' id='word_1_649' title='bbox 1542 4711 1607 4768; x_wconf 85' lang='lat' dir='ltr'>lecit</span> <span class='ocrx_word' id='word_1_650' title='bbox 1622 4711 1822 4784; x_wconf 87' lang='lat' dir='ltr'>Onesiphorus,</span> 
     </span>
     <span class='ocr_line' id='line_1_86' title="bbox 1034 4804 1821 4884; baseline -0.009 -15"><span class='ocrx_word' id='word_1_651' title='bbox 1034 4812 1113 4884; x_wconf 83' lang='lat' dir='ltr'>eujus</span> <span class='ocrx_word' id='word_1_652' title='bbox 1133 4825 1216 4883; x_wconf 89' lang='lat' dir='ltr'>opera</span> <span class='ocrx_word' id='word_1_653' title='bbox 1231 4806 1405 4867; x_wconf 88' lang='lat' dir='ltr'>commendat</span> <span class='ocrx_word' id='word_1_654' title='bbox 1424 4805 1527 4861; x_wconf 82' lang='lat' dir='ltr'>Paulus</span> <span class='ocrx_word' id='word_1_655' title='bbox 1541 4804 1682 4876; x_wconf 89' lang='lat' dir='ltr'>apostolus</span> <span class='ocrx_word' id='word_1_656' title='bbox 1698 4823 1705 4860; x_wconf 89' lang='lat'><strong>:</strong></span> <span class='ocrx_word' id='word_1_657' title='bbox 1721 4819 1821 4863; x_wconf 87' lang='lat' dir='ltr'>omnes</span> 
     </span>
     <span class='ocr_line' id='line_1_87' title="bbox 1034 4915 1820 4993; baseline -0.005 -16"><span class='ocrx_word' id='word_1_658' title='bbox 1034 4932 1097 4979; x_wconf 84' lang='lat' dir='ltr'>ante</span> <span class='ocrx_word' id='word_1_659' title='bbox 1106 4919 1300 4993; x_wconf 83' lang='lat' dir='ltr'>experientiam</span> <span class='ocrx_word' id='word_1_660' title='bbox 1315 4917 1387 4973; x_wconf 80' lang='lat' dir='ltr'>titee.</span> <span class='ocrx_word' id='word_1_661' title='bbox 1406 4915 1535 4988; x_wconf 88' lang='lat' dir='ltr'>ideoque,</span> <span class='ocrx_word' id='word_1_662' title='bbox 1551 4932 1585 4972; x_wconf 91' lang='lat' dir='ltr'>ne</span> <span class='ocrx_word' id='word_1_663' title='bbox 1609 4916 1726 4972; x_wconf 87' lang='lat' dir='ltr'>ulterius</span> <span class='ocrx_word' id='word_1_664' title='bbox 1742 4915 1787 4973; x_wconf 81' lang='lat' dir='ltr'>hat</span> <span class='ocrx_word' id='word_1_665' title='bbox 1804 4934 1820 4973; x_wconf 85' lang='lat' dir='ltr'>a</span> 
     </span>
    </p>
   </div>
   <div class='ocr_carea' id='block_1_26' title="bbox 1034 4987 1821 5127">
    <p class='ocr_par' dir='ltr' id='par_1_29' title="bbox 1034 4987 1821 5127">
     <span class='ocr_line' id='line_1_88' title="bbox 1034 4987 1821 5059; baseline -0.01 -11"><span class='ocrx_word' id='word_1_666' title='bbox 1034 4993 1125 5059; x_wconf 90' lang='lat' dir='ltr'>nohis,</span> <span class='ocrx_word' id='word_1_667' title='bbox 1154 5002 1182 5047; x_wconf 91' lang='lat' dir='ltr'>ct</span> <span class='ocrx_word' id='word_1_668' title='bbox 1203 4990 1302 5046; x_wconf 82' lang='lat' dir='ltr'>divinae</span> <span class='ocrx_word' id='word_1_669' title='bbox 1328 4988 1396 5058; x_wconf 87' lang='lat' dir='ltr'>legis</span> <span class='ocrx_word' id='word_1_670' title='bbox 1419 4995 1447 5042; x_wconf 89' lang='lat' dir='ltr'>et</span> <span class='ocrx_word' id='word_1_671' title='bbox 1469 5002 1606 5042; x_wconf 89' lang='lat' dir='ltr'>canonum</span> <span class='ocrx_word' id='word_1_672' title='bbox 1638 4987 1821 5041; x_wconf 88' lang='lat' dir='ltr'>admonemur</span> 
     </span>
     <span class='ocr_line' id='line_1_89' title="bbox 1035 5055 1819 5127; baseline -0.006 -10"><span class='ocrx_word' id='word_1_673' title='bbox 1035 5060 1192 5127; x_wconf 86' lang='lat' dir='ltr'>sententiis;</span> <span class='ocrx_word' id='word_1_674' title='bbox 1209 5059 1257 5116; x_wconf 90' lang='lat' dir='ltr'>sed</span> <span class='ocrx_word' id='word_1_675' title='bbox 1277 5074 1330 5113; x_wconf 83' lang='lat' dir='ltr'>xxv</span> <span class='ocrx_word' id='word_1_676' title='bbox 1342 5072 1477 5112; x_wconf 90' lang='lat' dir='ltr'>annorum</span> <span class='ocrx_word' id='word_1_677' title='bbox 1500 5057 1608 5112; x_wconf 86' lang='lat' dir='ltr'>diaconi</span> <span class='ocrx_word' id='word_1_678' title='bbox 1631 5055 1819 5121; x_wconf 88' lang='lat' dir='ltr'>ordinentur;</span> 
     </span>
    </p>
   </div>
   <div class='ocr_carea' id='block_1_27' title="bbox 199 5123 1820 5692">
    <p class='ocr_par' dir='ltr' id='par_1_30' title="bbox 199 5123 1820 5343">
     <span class='ocr_line' id='line_1_90' title="bbox 199 5123 1820 5208; baseline -0.003 -24"><span class='ocrx_word' id='word_1_679' title='bbox 199 5131 228 5186; x_wconf 91' lang='lat' dir='ltr'>in</span> <span class='ocrx_word' id='word_1_680' title='bbox 241 5129 376 5186; x_wconf 83' lang='lat' dir='ltr'>coertobiis</span> <span class='ocrx_word' id='word_1_681' title='bbox 391 5137 439 5184; x_wconf 91' lang='lat' dir='ltr'>aut</span> <span class='ocrx_word' id='word_1_682' title='bbox 463 5130 490 5185; x_wconf 91' lang='lat' dir='ltr'>&#39;m</span> <span class='ocrx_word' id='word_1_683' title='bbox 513 5131 638 5186; x_wconf 88' lang='lat' dir='ltr'>canoniis</span> <span class='ocrx_word' id='word_1_684' title='bbox 662 5130 833 5202; x_wconf 85' lang='lat' dir='ltr'>regularibus</span> <span class='ocrx_word' id='word_1_685' title='bbox 855 5123 983 5202; x_wconf 83' lang='lat' dir='ltr'>religiose</span> <span class='ocrx_word' id='word_1_686' title='bbox 1034 5134 1112 5187; x_wconf 84' lang='lat' dir='ltr'>itaut</span> <span class='ocrx_word' id='word_1_687' title='bbox 1126 5127 1470 5198; x_wconf 88' lang='lat' dir='ltr'>secuudumapostolicum</span> <span class='ocrx_word' id='word_1_688' title='bbox 1488 5136 1653 5198; x_wconf 58' lang='lat' dir='ltr'>praeceptum</span> <span class='ocrx_word' id='word_1_689' title='bbox 1668 5127 1820 5208; x_wconf 82' lang='lat' dir='ltr'>probentur</span> 
     </span>
     <span class='ocr_line' id='line_1_91' title="bbox 199 5193 1819 5271; baseline -0.002 -16"><span class='ocrx_word' id='word_1_690' title='bbox 199 5193 627 5271; x_wconf 80' lang='lat' dir='ltr'>probatisuerintconversari.s</span> <span class='ocrx_word' id='word_1_691' title='bbox 689 5220 691 5224; x_wconf 48' lang='lat'><em>⁷</em></span> <span class='ocrx_word' id='word_1_692' title='bbox 1054 5203 1165 5268; x_wconf 79' lang='lat' dir='ltr'>simum,</span> <span class='ocrx_word' id='word_1_693' title='bbox 1192 5210 1220 5257; x_wconf 84' lang='lat' dir='ltr'>et</span> <span class='ocrx_word' id='word_1_694' title='bbox 1244 5198 1284 5256; x_wconf 91' lang='lat' dir='ltr'>sic</span> <span class='ocrx_word' id='word_1_695' title='bbox 1310 5197 1476 5264; x_wconf 84' lang='lat' dir='ltr'>nriulstrent,</span> <span class='ocrx_word' id='word_1_696' title='bbox 1504 5197 1609 5253; x_wconf 89' lang='lat' dir='ltr'>nullum</span> <span class='ocrx_word' id='word_1_697' title='bbox 1638 5211 1744 5252; x_wconf 89' lang='lat' dir='ltr'>crrrnen</span> <span class='ocrx_word' id='word_1_698' title='bbox 1770 5196 1819 5252; x_wconf 87' lang='lat' dir='ltr'>hs·</span> 
     </span>
     <span class='ocr_line' id='line_1_92' title="bbox 236 5220 1166 5343; baseline -0.002 -19"><span class='ocrx_word' id='word_1_699' title='bbox 236 5269 274 5325; x_wconf 79' lang='lat' dir='ltr'>Er</span> <span class='ocrx_word' id='word_1_700' title='bbox 290 5269 407 5326; x_wconf 85' lang='lat' dir='ltr'>concilio</span> <span class='ocrx_word' id='word_1_701' title='bbox 418 5269 559 5339; x_wconf 87' lang='lat' dir='ltr'>Toletano,</span> <span class='ocrx_word' id='word_1_702' title='bbox 573 5287 633 5343; x_wconf 83' lang='lat' dir='ltr'>rap.</span> <span class='ocrx_word' id='word_1_703' title='bbox 647 5269 683 5325; x_wconf 77' lang='lat' dir='ltr'>ab</span> <span class='ocrx_word' id='word_1_704' title='bbox 698 5289 705 5324; x_wconf 72' lang='grc' dir='ltr'><strong><em>ε</em></strong></span> <span class='ocrx_word' id='word_1_705' title='bbox 723 5269 866 5326; x_wconf 79' lang='lat' dir='ltr'>‹tnvcten</span> <span class='ocrx_word' id='word_1_706' title='bbox 878 5271 936 5341; x_wconf 86' lang='lat' dir='ltr'>lege</span> <span class='ocrx_word' id='word_1_707' title='bbox 949 5269 984 5325; x_wconf 89' lang='lat' dir='ltr'>ab</span> <span class='ocrx_word' id='word_1_708' title='bbox 1034 5220 1138 5328; x_wconf 51' lang='lat' dir='ltr'>flentes.</span> <span class='ocrx_word' id='word_1_709' title='bbox 1156 5290 1166 5322; x_wconf 81' lang='lat' dir='ltr'>r</span> 
     </span>
    </p>

    <p class='ocr_par' dir='ltr' id='par_1_31' title="bbox 200 5333 1819 5692">
     <span class='ocr_line' id='line_1_93' title="bbox 200 5333 1819 5412; baseline -0.005 -15"><span class='ocrx_word' id='word_1_710' title='bbox 200 5340 414 5397; x_wconf 86' lang='lat' dir='ltr'>aunoricesituo</span> <span class='ocrx_word' id='word_1_711' title='bbox 438 5341 545 5412; x_wconf 83' lang='lat' dir='ltr'>quinto.</span> <span class='ocrx_word' id='word_1_712' title='bbox 567 5341 656 5397; x_wconf 70' lang='lat' dir='ltr'>levitae</span> <span class='ocrx_word' id='word_1_713' title='bbox 676 5340 705 5396; x_wconf 91' lang='lat' dir='ltr'>in</span> <span class='ocrx_word' id='word_1_714' title='bbox 728 5342 907 5398; x_wconf 88' lang='lat' dir='ltr'>tabernaculo</span> <span class='ocrx_word' id='word_1_715' title='bbox 925 5357 984 5395; x_wconf 90' lang='lat' dir='ltr'>ser·</span> <span class='ocrx_word' id='word_1_716' title='bbox 1070 5339 1237 5396; x_wconf 81' lang='lat' dir='ltr'>Esconcilio</span> <span class='ocrx_word' id='word_1_717' title='bbox 1260 5336 1421 5394; x_wconf 77' lang='lat' dir='ltr'>laodicensi</span> <span class='ocrx_word' id='word_1_718' title='bbox 1441 5356 1448 5392; x_wconf 79' lang='lat' dir='ltr'><strong><em>z</em></strong></span> <span class='ocrx_word' id='word_1_719' title='bbox 1471 5353 1481 5387; x_wconf 85' lang='lat' dir='ltr'>r</span> <span class='ocrx_word' id='word_1_720' title='bbox 1503 5333 1668 5406; x_wconf 85' lang='lat' dir='ltr'>Episcopum</span> <span class='ocrx_word' id='word_1_721' title='bbox 1689 5336 1733 5391; x_wconf 87' lang='lat' dir='ltr'>rel</span> <span class='ocrx_word' id='word_1_722' title='bbox 1761 5352 1819 5407; x_wconf 80' lang='lat' dir='ltr'>pm·</span> 
     </span>
     <span class='ocr_line' id='line_1_94' title="bbox 201 5405 1817 5483; baseline -0.004 -17"><span class='ocrx_word' id='word_1_723' title='bbox 201 5411 260 5466; x_wconf 87' lang='lat' dir='ltr'>rire</span> <span class='ocrx_word' id='word_1_724' title='bbox 271 5410 579 5483; x_wconf 66' lang='lat' dir='ltr'>precipianturmujus</span> <span class='ocrx_word' id='word_1_725' title='bbox 591 5413 780 5478; x_wconf 80' lang='lat' dir='ltr'>atteteritatem</span> <span class='ocrx_word' id='word_1_726' title='bbox 812 5413 840 5467; x_wconf 90' lang='lat' dir='ltr'>in</span> <span class='ocrx_word' id='word_1_727' title='bbox 870 5412 985 5466; x_wconf 88' lang='lat' dir='ltr'>canoni-</span> <span class='ocrx_word' id='word_1_728' title='bbox 1034 5405 1746 5483; x_wconf 83' lang='lat' dir='ltr'>sbyterumantexxsannos,relantequamadriri</span> <span class='ocrx_word' id='word_1_729' title='bbox 1757 5420 1817 5476; x_wconf 81' lang='lat' dir='ltr'>per·</span> 
     </span>
     <span class='ocr_line' id='line_1_95' title="bbox 201 5475 1815 5552; baseline -0.004 -17"><span class='ocrx_word' id='word_1_730' title='bbox 201 5481 254 5537; x_wconf 92' lang='lat' dir='ltr'>bus</span> <span class='ocrx_word' id='word_1_731' title='bbox 266 5482 352 5538; x_wconf 89' lang='lat' dir='ltr'>saneti</span> <span class='ocrx_word' id='word_1_732' title='bbox 374 5479 469 5537; x_wconf 84' lang='lat' dir='ltr'>Patres</span> <span class='ocrx_word' id='word_1_733' title='bbox 483 5483 570 5538; x_wconf 84' lang='lat' dir='ltr'>secuti</span> <span class='ocrx_word' id='word_1_734' title='bbox 585 5492 659 5538; x_wconf 89' lang='lat' dir='ltr'>suut.</span> <span class='ocrx_word' id='word_1_735' title='bbox 674 5480 730 5536; x_wconf 88' lang='lat' dir='ltr'>Nos</span> <span class='ocrx_word' id='word_1_736' title='bbox 746 5491 773 5537; x_wconf 89' lang='lat' dir='ltr'>ct</span> <span class='ocrx_word' id='word_1_737' title='bbox 798 5481 898 5538; x_wconf 85' lang='lat' dir='ltr'>dirinae</span> <span class='ocrx_word' id='word_1_738' title='bbox 917 5480 984 5552; x_wconf 88' lang='lat' dir='ltr'>legis</span> <span class='ocrx_word' id='word_1_739' title='bbox 1035 5480 1097 5537; x_wconf 87' lang='lat' dir='ltr'>iccti</span> <span class='ocrx_word' id='word_1_740' title='bbox 1127 5488 1233 5535; x_wconf 71' lang='lat' dir='ltr'>aetaoem</span> <span class='ocrx_word' id='word_1_741' title='bbox 1260 5478 1410 5550; x_wconf 87' lang='lat' dir='ltr'>perueniat,</span> <span class='ocrx_word' id='word_1_742' title='bbox 1434 5475 1525 5533; x_wconf 90' lang='lat' dir='ltr'>nuilus</span> <span class='ocrx_word' id='word_1_743' title='bbox 1546 5476 1815 5546; x_wconf 86' lang='lat' dir='ltr'>metropolitanorum</span> 
     </span>
     <span class='ocr_line' id='line_1_96' title="bbox 201 5545 1819 5622; baseline -0.002 -19"><span class='ocrx_word' id='word_1_744' title='bbox 201 5557 229 5604; x_wconf 84' lang='lat' dir='ltr'>et</span> <span class='ocrx_word' id='word_1_745' title='bbox 242 5550 419 5606; x_wconf 88' lang='lat' dir='ltr'>conciliorum</span> <span class='ocrx_word' id='word_1_746' title='bbox 441 5553 567 5622; x_wconf 70' lang='lat' dir='ltr'>praecepti</span> <span class='ocrx_word' id='word_1_747' title='bbox 592 5554 784 5616; x_wconf 86' lang='lat' dir='ltr'>immemores,</span> <span class='ocrx_word' id='word_1_748' title='bbox 813 5551 930 5607; x_wconf 89' lang='lat' dir='ltr'>irriautcs</span> <span class='ocrx_word' id='word_1_749' title='bbox 957 5560 985 5606; x_wconf 87' lang='lat' dir='ltr'>et</span> <span class='ocrx_word' id='word_1_750' title='bbox 1035 5551 1384 5618; x_wconf 80' lang='lat' dir='ltr'>ordinarepraesumatzne</span> <span class='ocrx_word' id='word_1_751' title='bbox 1395 5563 1443 5617; x_wconf 90' lang='lat' dir='ltr'>per</span> <span class='ocrx_word' id='word_1_752' title='bbox 1455 5545 1819 5618; x_wconf 72' lang='lat' dir='ltr'>susumquooattqssndu</span> 
     </span>
     <span class='ocr_line' id='line_1_97' title="bbox 202 5617 1563 5692; baseline -0.003 -19"><span class='ocrx_word' id='word_1_753' title='bbox 202 5631 304 5687; x_wconf 87' lang='lat' dir='ltr'>pueros</span> <span class='ocrx_word' id='word_1_754' title='bbox 316 5619 411 5674; x_wconf 83' lang='lat' dir='ltr'>leuitas</span> <span class='ocrx_word' id='word_1_755' title='bbox 430 5617 547 5678; x_wconf 81' lang='lat' dir='ltr'>iacimus</span> <span class='ocrx_word' id='word_1_756' title='bbox 571 5631 634 5679; x_wconf 90' lang='lat' dir='ltr'>ante</span> <span class='ocrx_word' id='word_1_757' title='bbox 660 5619 809 5690; x_wconf 84' lang='lat' dir='ltr'>legitimam</span> <span class='ocrx_word' id='word_1_758' title='bbox 829 5631 933 5677; x_wconf 79' lang='lat' dir='ltr'>aetateut</span> <span class='ocrx_word' id='word_1_759' title='bbox 957 5633 985 5676; x_wconf 91' lang='lat' dir='ltr'>et</span> <span class='ocrx_word' id='word_1_760' title='bbox 1036 5624 1135 5688; x_wconf 85' lang='lat' dir='ltr'>creuit,</span> <span class='ocrx_word' id='word_1_761' title='bbox 1150 5621 1242 5692; x_wconf 89' lang='lat' dir='ltr'>aliquo</span> <span class='ocrx_word' id='word_1_762' title='bbox 1260 5618 1535 5675; x_wconf 84' lang='lat' dir='ltr'>nrododctineautur.</span> <span class='ocrx_word' id='word_1_763' title='bbox 1554 5634 1563 5669; x_wconf 84' lang='lat' dir='ltr'>s</span> 
     </span>
    </p>
   </div>
   <div class='ocr_carea' id='block_1_28' title="bbox 0 0 1972 6067">
    <p class='ocr_par' dir='ltr' id='par_1_32' title="bbox 0 0 1972 6067">
     <span class='ocr_line' id='line_1_98' title="bbox 0 0 1972 6067; baseline 0 0"><span class='ocrx_word' id='word_1_764' title='bbox 0 0 1972 6067; x_wconf 95' lang='lat' dir='ltr'> </span> 
     </span>
    </p>
   </div>
  </div>
 </body>
</html>
