3892 6067
187 250 241 310 891

675 235 826 295 (ἶΕΒΗθΙΙΙ
844 232 1039 291 Psarosmt
1056 231 1327 291 netcttettsreuo.

1764 227 1823 284 892

189 368 219 427 in
241 361 387 423 refectorio
411 358 473 415 aliis
497 369 566 428 pene
589 350 720 410 omnibus
740 350 909 421 temporibus
927 366 978 405 va·
992 378 1016 435 A
1029 349 1154 404 voluitct
1168 347 1263 414 valuit,
1278 344 1445 401 ruralestarct.
1463 340 1515 400 Sed
1528 341 1586 399 lraec
1604 343 1664 413 ejus
1677 340 1823 399 infestatio

188 476 252 519 cuo.

223 552 315 622 Cogor
337 546 382 602 hie
403 542 543 600 reminisci
563 538 682 612 propriae
696 537 819 593 stultitiae
836 536 863 590 iu
878 535 979 591 amari·

191 644 286 700 tudine
311 640 409 695 animae
423 652 490 691 meae
505 633 602 689 dolcns
619 640 646 687 et
661 632 807 702 poeuitcns,
833 628 906 698 cuod
923 643 977 683 uon

189 731 274 789 semel
287 730 386 785 talibus
397 726 512 782 insaniis
522 739 577 778 non
588 723 678 777 solum
693 718 820 785 iuteriui;
836 716 977 773 sedetiam

189 820 286 893 praesui
301 827 394 889 utpote
422 815 550 885 Magister
569 811 726 867 scholarum
747 819 775 865 et
791 810 888 863 doctor
899 806 979 877 jure·

191 928 268 977 rrum,
281 911 382 981 quibus
395 907 428 962 ad
442 908 508 961 istas
521 904 655 958 vanitates
669 918 724 957 non
736 899 910 956 solummodo
924 896 980 953 irc·

191 1018 257 1058 nuru
271 1001 371 1066 laxavi,
386 998 434 1054 sed
457 997 539 1051 ctiam
556 993 698 1049 stimulum
717 992 808 1048 addidi
820 1006 870 1063 pro
882 990 978 1046 ad'ectu
1008 1040 1016 1045 .

192 1090 326 1157 stultitiae,
341 1104 396 1159 quo
411 1097 477 1142 tuuc
492 1084 611 1140 iniectus
631 1098 719 1149 cram,
731 1090 758 1138 ct
775 1082 803 1136 in
824 1095 879 1151 quo
896 1095 979 1151 supra

191 1181 294 1237 multos
316 1189 469 1234 coetaneos
488 1193 564 1233 meos
593 1172 775 1245 profeceram.
790 1171 859 1226 Cum
886 1179 978 1225 autem

191 1269 294 1343 placuit
304 1271 340 1336 ei,
354 1270 400 1340 qui
415 1284 458 1323 me
477 1268 629 1338 segregavit
646 1250 680 1320 dc
694 1274 773 1319 utero
788 1263 884 1319 matris
901 1278 978 1330 meae,

191 1361 372 1432 augustensis
399 1358 539 1425 Ecclesiae,
554 1366 581 1414 et
610 1357 717 1411 vocavit
733 1370 776 1410 me
794 1354 828 1409 ad
853 1354 937 1409 altius
953 1361 982 1409 et

191 1454 295 1509 arctius
315 1451 485 1523 propositum
513 1448 670 1504 communis
685 1448 758 1513 vitae,
774 1446 907 1501 coartiuuo
925 1462 980 1501 nou

1030 440 1150 510 mitigata
1163 449 1205 494 est
1215 454 1264 509 per
1277 438 1394 492 domnos
1415 434 1569 491 cardinales
1593 432 1742 490 ilenricum
1757 450 1824 507 pne·

1029 531 1168 602 sbyterum
1182 539 1338 586 sanctorum
1354 526 1432 582 Nerei
1447 534 1474 580 et
1487 525 1613 590 achillei,
1627 535 1655 580 et
1664 524 1824 588 iacinctum

1029 622 1175 677 diaconum
1195 619 1361 677 cardinalem
1378 627 1480 674 sauctae
1494 616 1586 671 llariac
1612 616 1638 670 in
1662 616 1821 673 cosmidin.

1029 713 1092 783 Qui,
1104 714 1240 768 mediante
1261 711 1399 781 simulque
1415 717 1581 779 cooperante
1596 706 1725 763 Welioue
1737 709 1821 773 duce,

1030 806 1278 862 reconciliaverunt
1290 818 1341 859 nos
1353 802 1379 858 in
1396 817 1472 873 pace,
1489 809 1518 855 ut
1528 816 1579 872 ego
1590 808 1760 872 putaveram,
1772 800 1823 855 irr-

1031 898 1165 961 vuissima,
1183 897 1229 953 sed
1246 905 1276 952 ut
1287 905 1381 966 postca
1393 892 1528 966 persensi,
1546 892 1732 949 dolosissima.
1748 892 1820 948 Nam

1030 987 1233 1045 discedentibus
1257 987 1366 1042 domnis
1380 986 1579 1053 cardinalibus,
1604 985 1650 1054 qui
1679 1001 1764 1040 orrum
1788 985 1825 1041 dc

1031 1081 1161 1138 iratribus
1172 1080 1240 1135 meis
1252 1079 1308 1134 illic
1319 1080 1453 1135 decanum
1467 1077 1598 1142 fecerant,
1610 1077 1737 1134 videlicet
1749 1076 1825 1133 Rue·

1030 1172 1166 1246 digerum,
1176 1186 1257 1243 quem
1271 1171 1353 1226 etiam
1366 1171 1468 1226 dorrmo
1482 1170 1612 1240 episcopo
1628 1170 1732 1228 arctius
1745 1186 1827 1226 conr·

1031 1264 1227 1319 mandaverant
1238 1278 1321 1318 marru
1337 1262 1457 1332 episcopi
1472 1262 1523 1316 sibi
1544 1261 1607 1316 data
1633 1262 1706 1316 velut
1722 1262 1750 1316 iu
1777 1277 1826 1315 ar·

1032 1354 1109 1409 rivam
1122 1353 1216 1424 gratiae
1228 1369 1261 1408 ac
1276 1353 1352 1423 pacis
1371 1369 1435 1424 erga
1459 1353 1535 1406 illum
1551 1353 1747 1422 perpetualiter
1762 1368 1826 1408 ser·

1032 1446 1136 1512 randae,
1162 1445 1221 1516 ipsc
1245 1445 1346 1500 oblitus
1362 1460 1410 1515 per
1425 1461 1536 1501 manum
1559 1444 1630 1499 date
1657 1445 1720 1501 tidei
1744 1459 1828 1499 cum·

192 1543 315 1614 acquievi
330 1542 405 1597 carui
421 1556 448 1595 et
460 1540 598 1611 sanguini.
615 1537 685 1593 Nam
701 1535 805 1592 relictis
815 1535 981 1606 corrsaugui·
1031 1539 1094 1595 dem
1106 1538 1244 1595 crudelius
1256 1537 1395 1594 infestavit
1409 1546 1520 1606 reperta
1528 1537 1673 1593 occasione
1684 1551 1721 1592 ex
1733 1535 1828 1594 edicio

139 1638 144 1651 '
192 1636 251 1691 aeis
277 1644 304 1689 ct
324 1632 475 1689 couterinis
502 1631 633 1688 iratribus
658 1629 788 1687 tribusiu
804 1627 915 1695 saecuto,
930 1643 981 1700 ego
1032 1630 1161 1685 decaniae.

192 1725 342 1795 assumptis
365 1724 431 1778 mibi
449 1723 558 1779 drrvrbus
572 1723 599 1778 iu
616 1721 734 1794 regulari
759 1720 812 1774 vita
833 1718 1018 1775 conversa-B
1068 1721 1208 1792 instigavit
1218 1737 1336 1792 namque
1348 1723 1437 1793 ipsum
1453 1719 1565 1777 tratrem
1590 1737 1682 1776 meum
1696 1729 1760 1777 tunc
1774 1721 1827 1777 dc-

190 1814 252 1882 bar,
269 1814 304 1869 ad
325 1828 408 1884 quarn
431 1811 529 1867 tertius
552 1810 663 1867 statera
676 1809 779 1865 sobolis
799 1807 819 1862 F
823 1809 923 1863 turciae
936 1824 982 1862 re·
1034 1828 1143 1879 canum,
1159 1812 1312 1867 utririliter
1324 1820 1416 1885 ageret
1437 1813 1464 1866 in
1484 1811 1640 1866 resecandis
1650 1811 1724 1867 vitiis
1739 1812 1827 1866 inoli-

191 1920 288 1960 versus
298 1919 341 1958 mc
357 1912 468 1958 secutus
484 1902 605 1972 reliquos
617 1901 688 1957 duos
705 1901 732 1956 iu
747 1901 849 1956 saeculo
862 1899 982 1970 reliquit,
1034 1904 1069 1960 tis
1082 1913 1108 1959 et
1120 1902 1276 1974 plantandis
1289 1902 1443 1971 disciplinis
1462 1912 1528 1958 tnnc
1551 1901 1681 1969 insolitis,
1697 1904 1761 1972 quia
1776 1903 1828 1957 dc-

191 1995 316 2050 videlicet
339 1992 523 2065 liuodigerum
546 2003 574 2049 et
602 1993 783 2049 liudericum.
797 1991 872 2061 Quos
887 1991 984 2047 ambos
1034 2004 1180 2051 sueverant
1190 1994 1217 2048 in
1231 1993 1395 2049 dormitorio
1411 1993 1542 2060 dormire,
1558 2009 1591 2049 ac
1604 1994 1715 2065 plurimi
1725 2010 1825 2049 eorum

191 2087 381 2158 augustenses
406 2085 533 2141 canonici
562 2093 743 2156 susceperuut
766 2085 795 2139 iu
812 2085 982 2141 consortium
1033 2084 1147 2141 ludicris
1166 2084 1334 2140 vanitatibus
1348 2084 1474 2155 occupati
1487 2099 1503 2139 a
1517 2083 1644 2151 cboro,a
1662 2085 1827 2155 capitulosc

191 2177 247 2243 sui,
261 2176 462 2248 aliquantulum
477 2176 618 2248 provocati
641 2191 736 2231 aurore
751 2174 814 2244 mei,
829 2175 877 2231 sed
896 2176 983 2247 magis
1034 2176 1208 2231 absentantes
1228 2174 1255 2229 in
1271 2175 1450 2231 saecularibus
1471 2174 1616 2231 desideriis
1642 2185 1825 2231 evanuerunt.

191 2268 299 2322 attracti
316 2283 363 2337 per
375 2267 462 2323 felicis
476 2266 619 2323 memoriae
636 2266 834 2322 lacrimannuru
847 2276 913 2323 tune
930 2267 985 2322 au·
1034 2266 1109 2335 Quos
1124 2282 1185 2322 curn
1207 2265 1372 2337 restringere
1399 2265 1550 2323 studuisset
1571 2267 1629 2334 ipse
1641 2266 1762 2322 decanus
1779 2266 1828 2336 ju·

190 2359 329 2429 guatensis
356 2357 484 2415 Ecclesiae
507 2359 671 2415 antistitem.
689 2358 750 2428 Quo
774 2358 904 2416 defuncto
919 2376 984 2416 suc·
1034 2365 1114 2413 vante
1128 2357 1163 2411 ad
1182 2365 1291 2428 tempus
1312 2358 1452 2428 episcopo,
1464 2356 1610 2427 episcopus
1632 2357 1700 2428 ipse,
1714 2367 1745 2412 ut
1756 2358 1827 2415 vidit

191 2447 275 2504 cessit
287 2448 376 2503 cidem
398 2446 726 2519 Waltlrerusepiscopus,
741 2450 776 2506 ad
791 2450 913 2522 regimen
929 2449 983 2506 Ec·
1034 2448 1134 2506 iratres
1159 2450 1291 2506 adversus
1321 2450 1455 2506 decanum
1491 2450 1612 2523 graviter
1635 2452 1825 2518 exacerbatos,

191 2538 282 2595 clesiae
293 2540 379 2611 piger,
394 2549 487 2610 rrtputc
499 2542 583 2596 iromo
598 2557 682 2598 senex
694 2551 721 2598 et
739 2544 919 2615 grandaevus:
939 2554 983 2599 at·
1031 2541 1123 2613 junxit
1135 2557 1165 2598 se
1179 2542 1233 2599 illis
1248 2551 1344 2597 eontra
1371 2543 1506 2598 decanum
1527 2543 1717 2614 conspellendo
1733 2544 1824 2614 ipsura

191 2632 325 2687 tamenin
347 2632 531 2688 exterioribus
553 2633 688 2705 augendis
713 2634 792 2689 valde
816 2634 901 2701 utilis,
926 2651 983 2690 aron
1032 2636 1222 2707 decanum,ut
1247 2634 1396 2691 dimitteret
1410 2635 1564 2699 decaniam.
1589 2650 1639 2690 nec
1653 2634 1825 2706 praetenden-

191 2721 281 2780 solam
294 2722 418 2794 dispersa
432 2724 600 2796 colligendo,
621 2724 668 2781 sed
685 2725 797 2796 iusuper
810 2726 983 2782 haereditaria
1034 2727 1108 2783 tibus
1127 2742 1178 2782 nec
1198 2728 1368 2819 praetendere
1402 2726 1557 2782 valentibus
1581 2725 1714 2783 tratribus
1740 2726 1824 2782 ullam

191 2813 411 2884 matronaque
430 2816 515 2872 multa
533 2829 621 2884 erant,
634 2817 799 2873 conterendo
810 2817 862 2873 sub
876 2817 982 2874 armis·
1033 2835 1157 2886 causam,
1169 2818 1222 2875 nisi
1243 2819 1412 2875 voluntatem
1433 2834 1523 2887 suam,
1548 2835 1631 2889 quam
1654 2819 1785 2875 dixerunt
1798 2828 1827 2875 et

190 2903 260 2959 sima
285 2913 313 2959 et
333 2904 412 2976 quasi
438 2908 622 2963 testamentali
640 2909 856 2979 corrscriptione,
880 2917 910 2963 ut
922 2909 983 2978 qui·
1031 2911 1224 2982 judicaverunt
1237 2910 1325 2966 solam
1339 2910 1464 2967 sufficere
1481 2910 1515 2966 ad
1540 2913 1721 2967 mutationem
1741 2910 1827 2966 deca-

190 3010 300 3070 cuuque
314 3013 459 3055 successor
478 2998 566 3070 ipsius
585 3001 680 3056 cadem
697 3002 739 3056 vel
755 2999 909 3056 infeudaret
923 3001 982 3056 sive
1034 3003 1098 3071 niae,
1113 3018 1196 3075 quam
1208 3003 1301 3059 nullus
1313 3004 1424 3060 deberet
1440 3003 1507 3074 ipsis
1534 3003 1630 3059 invitis
1646 3014 1748 3059 tenere.
1766 3001 1826 3058 lloc

190 3087 337 3145 aliomodo
347 3090 489 3155 alienarat,
502 3091 553 3147 sub
568 3093 742 3148 anathemate
753 3092 915 3148 maledictus
926 3091 983 3148 [ico
1033 3097 1139 3168 iudicio
1152 3106 1282 3169 gravatus
1295 3096 1380 3150 irater
1395 3111 1484 3162 meus,
1506 3111 1569 3151 curu
1595 3105 1706 3167 propter
1732 3094 1825 3150 immi·

190 3184 218 3232 et
231 3176 360 3234 Ecclesiae
383 3180 542 3237 redditurus
567 3192 641 3237 essct
652 3184 798 3238 rationem.
815 3182 938 3239 accessit
949 3182 984 3238 ad
1034 3205 1104 3246 aeus
1115 3190 1236 3245 schisma
1253 3189 1381 3254 nesciret,
1393 3188 1456 3259 quis
1470 3189 1540 3244 iuter
1550 3187 1621 3244 duos
1635 3204 1719 3259 papas
1734 3186 1826 3243 nomi·

192 3266 468 3337 hujusanatbematis
485 3273 722 3327 corrdrmationem
739 3272 812 3328 sedis
827 3272 984 3344 apostolicae
1034 3288 1114 3335 uatus
1126 3287 1199 3335 esset
1214 3294 1295 3335 verus
1306 3279 1379 3335 Petri
1392 3294 1548 3346 successor,
1563 3278 1688 3350 generale
1702 3278 1826 3349 appella·

191 3360 351 3425 auctoritas,
363 3361 427 3430 quia
444 3369 511 3416 tunc
525 3361 631 3431 legatus
647 3360 888 3432 apostolicaesedis
901 3359 984 3416 Octa-
1034 3371 1073 3426 cic
1089 3370 1248 3434 concilium,
1263 3372 1337 3441 quau
1351 3370 1514 3441 sperabatur
1535 3370 1590 3425 cito
1602 3369 1757 3424 nabendum
1773 3383 1825 3438 pro

190 3449 299 3516 viantis,
312 3452 523 3522 ⁰⁰0i>ef³¹¹llllt¹⁵
539 3451 578 3507 5¹¹1
593 3453 680 3509 [ribus
695 3453 841 3523 elli⁸⁰⁰ill³2
858 3452 983 3509 videliet*
1034 3461 1163 3520 solvenda
1181 3461 1331 3532 quaestione
1342 3460 1428 3531 ipsius
1445 3459 1612 3515 schismatis.
1627 3459 1726 3514 audita
1742 3458 1827 3530 igitur

191 3539 334 3596 Waltbcro
356 3542 539 3614 augustense,
567 3542 667 3600 Ottoue
691 3544 876 3617 Frisiogense,
903 3544 984 3602 Eme·
1035 3553 1087 3608 bac
1099 3551 1282 3622 appellatione
1298 3551 1383 3622 gavisi
1399 3560 1465 3605 sunt
1485 3548 1585 3605 iratres
1607 3558 1737 3620 uuquam
1757 3564 1825 3620 por-

190 3631 279 3688 bardo
294 3673 351 3688 .....
368 3636 497 3706 episcopo
510 3634 632 3691 candelis
653 3637 796 3694 exstinctis
820 3653 982 3695 excommu-

191 3724 294 3780 nicavit
316 3741 495 3782 successuros
519 3729 673 3799 episcopos,
694 3729 795 3800 quide
819 3746 912 3786 mensa
925 3730 979 3802 epi·

190 3818 267 3888 scopi
284 3816 437 3874 alienarent
463 3821 536 3876 bona
555 3837 602 3892 per
612 3821 670 3893 jam
690 3822 793 3877 dictum
810 3821 982 3878 Walrlrcrum

190 3908 348 3979 episcopum
357 3909 486 3967 Ecclesia
498 3913 665 3984 augustensi
677 3913 775 3969 collata
787 3913 829 3968 vel
841 3912 982 3968 abeodem

190 3999 344 4056 recollecta.
360 4001 482 4060 aderaut
500 4013 591 4060 autem
604 4004 707 4060 etbuic
722 4006 864 4062 sentcntiae
879 4006 982 4061 interc-

191 4099 254 4146 raat
268 4106 366 4149 omnes
380 4094 564 4166 augustensis
578 4095 708 4154 Ecclesia
723 4098 840 4169 praelati,
858 4098 981 4164 abbates,

189 4185 340 4256 prepositi,
367 4187 555 4244 arcbidiacoui
576 4198 603 4245 ct
627 4190 661 4246 de
688 4191 751 4248 aliis
776 4190 983 4263 episcopatibus

190 4275 281 4344 multi,
296 4290 414 4347 quorum
429 4295 501 4335 unus
513 4296 564 4352 ego
582 4279 631 4336 lui.

1034 3653 1109 3700 recta
1125 3643 1177 3700 sibi
1193 3643 1339 3698 occasione
1356 3650 1454 3698 centra
1468 3641 1614 3706 decanum,
1631 3656 1680 3712 per
1694 3640 1734 3707 id,
1748 3640 1824 3707 uuud

1034 3737 1061 3792 in
1079 3736 1263 3807 appellatione
1274 3734 1429 3807 specialiter
1442 3749 1497 3789 non
1520 3731 1672 3789 nominavit
1691 3732 1823 3787 victorem

1034 3847 1126 3897 sarona,
1142 3831 1214 3886 sicut
1227 3828 1365 3894 dixerunt,
1395 3843 1505 3900 papam,
1530 3842 1611 3898 quem
1626 3834 1654 3881 ct
1677 3826 1824 3896 episcopas

1033 3933 1184 3997 receperat,
1209 3934 1237 3980 et
1258 3923 1335 3980 iuria
1364 3921 1503 3994 papiensis
1518 3921 1732 3977 collaudaverat.
1748 3917 1825 3974 Cou-

1033 4018 1187 4075 clamabant
1202 4033 1268 4089 crgo
1292 4016 1438 4088 episeopus
1463 4024 1490 4070 ct
1505 4013 1604 4069 iratres
1626 4011 1824 4069 contumeliam

1033 4111 1134 4168 lactan·
1157 4110 1258 4167 Caesari
1286 4119 1314 4166 et
1340 4124 1392 4165 suo
1420 4122 1497 4179 papae
1518 4105 1638 4172 Victori,
1659 4120 1723 4161 cura
1747 4104 1823 4161 salra

1034 4203 1178 4271 utriusque
1199 4200 1285 4271 gratia
1313 4199 1432 4270 potuerit
1457 4198 1516 4254 baec
1543 4195 1689 4268 appellatio
1713 4204 1824 4265 recepta

1034 4293 1130 4360 luisse,
1144 4292 1293 4364 praesertim
1313 4300 1408 4361 parato
1422 4292 1525 4347 decano
1541 4290 1568 4344 in
1587 4290 1661 4344 omni
1683 4288 1823 4360 pretorio,

227 4369 354 4426 smum
367 4374 498 4442 lllaetflcl‘t
512 4376 643 4446 episcopo
664 4375 807 4434 Walllttw
826 4379 981 4435 successis—
996 4386 1221 4458 petiamcoram
1246 4382 1366 4448 Caesare,
1389 4397 1446 4437 sum
1471 4380 1662 4452 appellationis
1686 4381 1823 4435 rationem

190 4458 430 4518 setCiruonradus
446 4466 603 4535 episcopus,
631 4468 669 4520 ita
694 4469 786 4522 omnia
814 4469 980 4539 episcopalia

189 4548 262 4607 bona
274 4552 418 4624 dissipavit
428 4556 527 4625 partim
541 4556 719 4625 inleudaodo,
732 4558 830 4628 partim
845 4558 981 4631 impigno-

189 4644 287 4707 rando,
302 4652 332 4698 ut
346 4645 418 4702 sicut
431 4647 567 4718 bodicque
588 4656 714 4718 apparet,
735 4664 830 4704 mensa
859 4650 980 4720 episcopi

190 4733 309 4789 antelmo
318 4737 458 4805 opulenta,
474 4754 548 4794 nunc
564 4740 600 4795 sit
626 4754 695 4810 pcuc
717 4741 826 4810 penitus
849 4741 980 4797 destituta

190 4824 324 4879 reditibus
338 4828 551 4899 episcopalibus.
568 4831 632 4888 llaec
648 4829 782 4888 destilatio
797 4848 859 4887 cum
875 4833 980 4888 littera-

190 4927 254 4968 rum.
266 4929 390 4970 mearum
408 4921 566 4977 testimonio
589 4939 637 4992 per
656 4924 845 4996 augustenses
867 4926 982 4981 carroni-

189 5019 248 5076 eos,
265 5009 385 5065 maxime
407 5022 498 5067 autem
516 5030 564 5084 per
582 5016 694 5072 tratrem
723 5033 815 5073 meum
843 5018 981 5074 uterinum

187 5100 362 5171 jamdictum
392 5101 577 5176 liuodigcrunr
591 5108 681 5163 delata
701 5117 744 5164 est
765 5110 800 5165 ad
825 5109 981 5166 Romanum

189 5195 346 5265 pontificem
375 5197 537 5254 Adriauum.
569 5199 629 5267 Quo
658 5201 800 5271 iudicante
824 5203 982 5275 ipselrater

190 5304 269 5344 meus
284 5293 563 5364 caeteriquccanooici
573 5311 685 5351 causam
696 5296 799 5367 justam
813 5314 982 5369 prosequen-

189 5387 231 5435 tes
246 5380 349 5438 addicti
366 5394 431 5440 sunt
444 5386 534 5455 poeuis
553 5395 581 5442 et
597 5387 745 5458 episcopus
762 5389 926 5460 dilapidator
938 5389 982 5445 dt-

189 5470 293 5527 missus
308 5483 350 5529 cst
363 5491 425 5531 cum
448 5479 563 5536 bonore.
582 5479 635 5546 Qui
661 5480 696 5536 ad
722 5497 771 5537 sua
791 5496 918 5537 reversus
943 5482 982 5536 ita

189 5559 338 5615 excanduit
352 5563 378 5618 in
396 5580 440 5620 me
453 5582 485 5623 ao
502 5568 600 5625 iratres
615 5585 693 5627 meos
710 5572 843 5637 uterinos,
858 5580 889 5626 ut
906 5571 981 5627 omni

192 5647 281 5702 brilrva
296 5651 413 5709 ferocior
424 5657 478 5714 illis
493 5662 632 5729 existeret,
645 5677 743 5734 mcqrre
766 5663 792 5718 in
812 5663 888 5733 ipsis,
901 5674 981 5734 prom

1032 4475 1155 4540 reddere,
1179 4473 1253 4543 quod
1272 4471 1374 4542 injusto
1400 4480 1529 4543 gravatus
1551 4471 1625 4541 juste
1646 4470 1825 4542 appellaverit

1032 4565 1158 4640 generale
1183 4563 1341 4629 concilium,
1366 4562 1439 4634 quod
1464 4562 1674 4632 exspectabatur
1686 4561 1823 4625 turturum,

1031 4656 1161 4728 quodque
1172 4655 1231 4726 ipsc
1250 4655 1378 4709 dominus
1392 4655 1540 4724 imperator
1554 4667 1604 4723 pro
1617 4668 1668 4708 suo
1679 4653 1743 4721 iure
1753 4652 1825 4707 uite·

1032 4749 1113 4804 batur·
1125 4757 1153 4802 et
1164 4746 1255 4801 adhue
1268 4745 1365 4800 nititur
1375 4759 1533 4816 aggregare,
1548 4759 1602 4797 non
1616 4745 1723 4813 aliquas
1733 4743 1824 4801 eccle·

1032 4839 1159 4897 siasticas
1168 4852 1300 4909 personas
1311 4836 1344 4891 ad
1359 4835 1493 4906 judicium
1505 4851 1585 4889 suum
1597 4835 1822 4906 constringendo,

1032 4931 1139 4988 sedeas
1154 4929 1271 4999 benigue
1301 4927 1442 4981 invitando
1464 4926 1497 4983 ad
1521 4925 1680 4990 concilium,
1696 4924 1754 4979 sive
1766 4933 1822 4981 taor

1032 5021 1135 5094 grande
1149 5020 1308 5084 consilium,
1330 5031 1387 5086 quo
1412 5016 1589 5071 exterminari
1615 5016 1702 5085 possit
1720 5014 1823 5087 gmude

1032 5110 1186 5184 periculum
1200 5109 1359 5165 schismatis
1372 5107 1406 5162 de
1419 5105 1550 5160 dualitate
1575 5102 1693 5159 Romani
1708 5103 1821 5175 pontili-

1032 5206 1083 5270 cis,
1097 5219 1179 5275 qucm
1195 5209 1303 5257 constat
1318 5199 1371 5255 nisi
1396 5214 1480 5253 unum
1504 5212 1565 5253 esse
1594 5211 1649 5251 nou
1672 5209 1822 5266 posseuno

1032 5279 1183 5366 codemque
1203 5302 1335 5363 ternpore,
1361 5291 1442 5346 itaut
1464 5304 1571 5359 semper
1595 5304 1651 5343 uno
1672 5287 1823 5343 decedente

1032 5400 1114 5461 atque
1125 5403 1181 5444 uno
1195 5385 1359 5442 succedente
1372 5381 1464 5437 urritas
1475 5390 1630 5450 perseveret
1651 5379 1680 5435 ia
1693 5394 1748 5434 una
1759 5378 1822 5433 uni·

1033 5480 1133 5538 versati
1158 5477 1292 5535 Ecclesia.
1308 5474 1435 5530 Nondum
1457 5488 1522 5527 vero
1545 5472 1668 5543 plenarie
1692 5470 1820 5527 discussa

1032 5570 1116 5642 bajus
1129 5567 1270 5625 dualitatis
1288 5565 1450 5636 quaestione,
1464 5578 1526 5618 cum
1546 5562 1602 5618 duo
1617 5560 1734 5617 Romani
1748 5575 1819 5630 pon·

1034 5663 1120 5719 titioes
1131 5661 1260 5718 dicuntur
1274 5674 1344 5726 esse,
1364 5672 1417 5711 nou
1434 5655 1583 5724 incongrue
1598 5670 1613 5709 a
1629 5653 1750 5724 gravatis
1771 5667 1819 5721 uc-
