3892 6067
142 259 208 316 lrbt
730 257 832 312 LIBER
853 256 896 311 DE
916 254 1079 311 AEblrtuto
1098 257 1164 313 elit.
1698 249 1776 306 ῐῦθῑι

142 388 204 429 rum
222 369 406 429 rnioisterium
419 372 558 440 ordinare,
575 369 696 428 nondum
708 373 873 445 solidopane
881 388 930 444 sa·
945 371 969 428 Α
983 381 1027 424 tur
1039 386 1067 426 se
1081 385 1254 434 corrrcrsmn,
1272 381 1357 437 usque
1377 365 1444 419 adeo
1466 380 1494 418 se
1519 362 1643 422 nesciens
1660 379 1770 434 perrer-

141 463 239 537 ginali,
261 461 309 518 sed
331 463 402 530 lacte
424 463 486 520 utel
502 465 663 536 simpliciter
676 461 762 541 potati
778 485 786 524 ι
802 465 846 522 isti
861 480 931 536 quo·
982 477 1061 527 sum,
1077 468 1107 515 ut
1128 459 1285 530 apostolieae
1299 459 1362 513 ritae
1377 455 1512 527 professio
1525 456 1560 512 sit
1576 455 1614 509 illi
1630 472 1679 527 pro
1692 457 1771 512 dam·

141 570 196 625 que
217 561 363 609 recurrant
381 553 414 610 ad
433 554 588 613 doctrinam
613 561 800 632 apostolicam.
821 559 851 616 ln
876 574 931 630 quta
981 556 1102 613 nationis
1113 556 1279 622 testimonio,
1298 554 1351 610 uisi
1367 555 1394 608 in
1414 553 1465 609 ista
1484 560 1636 608 castrorum
1651 551 1708 607 acie
1722 565 1770 605 or·

142 645 353 717 coniugatorum
368 645 450 702 talem
474 647 618 706 inveniunt
638 653 772 725 regulam,
787 654 869 708 talem
891 651 933 706 di·
982 648 1084 712 dinata,
1106 655 1179 704 certa
1197 645 1330 700 militandi
1351 645 1455 716 regula,
1483 651 1558 698 certo
1582 643 1671 714 signa,
1696 648 1773 697 certe

141 734 287 804 sciplinam
302 748 377 791 nunc
390 736 558 806 continendi,
573 755 648 795 nunc
660 742 686 796 in
699 742 725 797 id
739 743 828 812 ipsum
841 755 933 797 rerer·
983 739 1062 805 duce,
1075 747 1151 794 certo
1165 738 1263 793 vexillo
1279 745 1387 803 utatur3
1404 749 1438 789 ne
1453 750 1515 799 cum
1531 734 1668 803 acephalis
1684 732 1772 802 capite

142 823 230 893 tendi,
244 832 286 893 ut,
302 825 327 882 si
342 826 463 899 regulam
479 843 557 884 suam
572 827 692 899 perfecte
709 839 857 899 sectentur,
869 845 931 886 cum
983 830 1151 896 carentibus,
1163 829 1275 885 Christo
1287 828 1406 899 legitime
1423 835 1527 881 tantum
1544 833 1679 882 certantes
1694 838 1772 879 coro·

142 915 224 972 beato
237 914 290 972 lob
302 916 441 990 simplices
457 929 484 976 et
504 920 571 976 recti
583 936 615 977 ae
626 922 754 979 timentes
768 922 853 978 Deum
869 922 932 977 nul·
983 929 1105 988 nautea
1121 936 1221 977 corona
1237 921 1391 992 repellatur.
1798 990 1802 997 .

143 1005 280 1065 latenusa
292 1009 486 1069 salvandorum
498 1021 573 1071 sorte
586 1023 772 1086 segregentur.
1021 1013 1093 1069 Sane
1108 1012 1174 1069 illud
1189 1029 1243 1068 non
1269 1020 1342 1068 esset
1361 1024 1559 1082 usquequaque
1583 1005 1773 1077 improbabile,

181 1096 212 1153 st
226 1107 292 1155 sunt
303 1099 412 1171 judiees
421 1111 448 1159 et
460 1104 487 1160 in
501 1105 593 1161 saculi
605 1106 697 1162 causis
716 1105 871 1171 actionarii,
885 1106 933 1176 qul
985 1103 1007 1159 sl
1019 1104 1081 1173 quis
1092 1102 1179 1158 laicus
1190 1118 1239 1173 pro
1249 1101 1307 1158 suis
1319 1102 1437 1172 peccatis
1447 1101 1637 1171 compunctus
1650 1111 1775 1153 commu·-

145 1189 175 1246 in
189 1189 337 1263 Evangelio
359 1194 490 1252 dicuntur
504 1197 652 1268 publicanl,
668 1205 818 1269 sequantur
832 1196 934 1254 doctri·
985 1195 1056 1249 niter
1068 1194 1120 1249 sub
1135 1181 1226 1264 regula
1249 1193 1402 1249 virentibus
1426 1193 1519 1248 omnia
1546 1207 1596 1247 sua
1621 1187 1775 1253 conferens,

145 1296 210 1337 nam
227 1279 353 1350 Joannls,
366 1285 435 1341 nibil
453 1287 572 1357 amplius
590 1285 714 1344 faciendo
733 1302 815 1359 quam
832 1286 934 1344 consti·
985 1285 1032 1341 sed
1047 1286 1074 1340 in
1089 1285 1181 1355 seipso
1192 1286 1343 1356 regularem
1356 1284 1555 1341 districtionem
1572 1282 1644 1339 ferre
1660 1296 1715 1337 non
1726 1294 1776 1333 ra·

146 1380 236 1429 tutum
249 1381 292 1429 est
303 1373 368 1430 illis.
382 1374 433 1443 Qui
445 1377 518 1432 enim
531 1378 559 1433 in
574 1375 692 1448 publicis
706 1376 935 1433 administrandis
985 1376 1044 1432 lens
1064 1384 1179 1432 autnon
1194 1378 1299 1443 rolens,
1324 1377 1361 1432 ita
1385 1377 1439 1432 illi‘s
1454 1376 1648 1439 associaretur,
1677 1380 1708 1426 ut
1733 1386 1777 1427 se-

145 1464 342 1522 olllciisserrat
353 1467 476 1524 ordinem
488 1468 818 1543 legaliteretjudicialiter
829 1467 934 1524 cousti-
985 1467 1075 1536 ipsum
1092 1469 1212 1538 probans
1224 1480 1250 1524 et
1265 1483 1313 1539 pro
1327 1467 1432 1523 viribus
1443 1481 1575 1522 exercens
1589 1464 1709 1535 praelatis
1723 1462 1777 1518 Ec·

145 1564 247 1624 totum,
261 1572 312 1614 uec
324 1557 370 1613 ille
381 1568 511 1631 sequetur
526 1574 633 1616 errores
644 1558 747 1627 desios,
757 1559 820 1632 quia
834 1557 934 1628 loseph
986 1558 1075 1614 clesiae
1088 1559 1128 1615 sic
1143 1559 1348 1616 submitteretur
1362 1558 1529 1630 probabilem
1547 1555 1702 1613 eommunis
1716 1554 1778 1609 rite

147 1646 176 1699 in
192 1645 320 1718 AEgypto,
334 1646 471 1706 Danielem
485 1650 513 1704 in
524 1649 672 1723 Babylone,
685 1641 895 1708 Cerrsta'rrtinum
907 1649 934 1704 in
987 1648 1156 1705 obserraudo
1166 1659 1193 1704 ct
1207 1649 1360 1720 profitendo
1363 1689 1417 1704 .....
1433 1667 1440 1703 z
1457 1657 1486 1703 ut
1499 1658 1589 1703 tamen
1598 1645 1778 1717 apostolicam

146 1735 269 1794 Ecclesia
281 1739 476 1811 principantes,
488 1756 546 1798 suae
560 1740 612 1797 riae
625 1739 710 1798 duces
727 1741 809 1797 babet
820 1755 853 1796 ac
866 1755 936 1811 prae-
950 1722 974 1783 Β
989 1741 1071 1796 ritum
1088 1756 1228 1812 nrrnquam
1251 1741 1430 1812 promitteret,
1449 1740 1503 1795 nisi
1527 1746 1627 1794 statuta
1643 1734 1779 1808 regularia

146 1830 227 1896 rios;
248 1845 318 1900 quos
333 1840 418 1898 recte¹
432 1833 571 1904 sequendo
594 1833 628 1889 ad
651 1848 715 1889 eum
741 1834 788 1905 qui
811 1843 936 1905 potentes
987 1832 1138 1904 peromrria
1153 1847 1265 1888 serrare
1278 1845 1400 1904 paratus,
1417 1841 1464 1886 aut
1485 1831 1602 1887 clericus
1623 1837 1670 1884 aut
1685 1842 1779 1883 inona-

147 1933 203 1973 non
219 1918 323 1990 abjicit,
339 1935 401 1976 cum
417 1931 445 1977 et
468 1921 526 1993 ipse
542 1922 578 1979 sit
590 1929 698 1993 potens,
720 1921 830 1979 certiori
853 1938 936 1980 cursu
988 1925 1057 1980 ebus
1072 1923 1129 1979 lieri
1144 1923 1233 1978 rellet.
1252 1923 1388 1978 alterutra
1402 1923 1475 1977 enim
1489 1921 1624 1992 professio
1635 1928 1710 1975 certo
1724 1919 1778 1974 du·

147 2010 269 2078 ducitur,
284 2026 366 2090 qrtapr
380 2012 425 2068 ille
439 2013 486 2085 qui
508 2014 687 2086 apostolicam
700 2014 784 2070 ritam
796 2015 936 2086 professus
988 2024 1049 2072 catu
1064 2015 1177 2085 regitur,
1192 2014 1243 2070 sub
1258 2029 1314 2084 que
1329 2014 1428 2069 ducatu
1441 2012 1560 2083 legitime
1575 2019 1686 2068 certans
1700 2022 1782 2066 coro·

147 2102 251 2158 nullius
264 2105 381 2174 apostoli
396 2107 525 2163 ducatum
546 2108 681 2180 sequitur,
988 2116 1079 2162 natur.
1105 2105 1205 2162 Probet
1217 2121 1282 2175 ergo
1296 2105 1416 2176 seipsum
1430 2105 1523 2170 bourn,
1540 2113 1566 2159 et
1585 2105 1625 2159 sic
1638 2103 1671 2159 ad
1694 2111 1781 2159 certa·

185 2192 237 2259 Qui
253 2194 333 2250 miles
348 2197 497 2262 est‚talem
512 2199 566 2256 sibi
585 2201 708 2272 regulam
721 2212 866 2273 proponat,
882 2203 937 2257 imo
989 2213 1050 2254 men
1080 2198 1236 2269 apostelicae
1264 2196 1444 2268 professionis
1473 2196 1594 2262 accedat,
1620 2211 1654 2250 nc
1679 2204 1782 2251 temere

148 2284 177 2339 in
193 2282 338 2357 Evangelio
362 2288 414 2361 sibi
437 2291 607 2361 propositam
632 2292 701 2349 sciat
727 2312 734 2348 r
758 2304 787 2348 ut
809 2295 937 2350 nerninem
989 2292 1165 2362 apostolicam
1182 2292 1265 2346 ritam
1288 2289 1429 2362 professus
1450 2289 1593 2359 apostasiae
1611 2288 1713 2343 crimen
1739 2288 1781 2343 ln-

148 2376 392 2449 sollemnemque
413 2379 576 2437 calumniam
597 2383 692 2454 societ,
705 2394 736 2439 ut
751 2395 888 2441 contentus
902 2388 937 2441 ait
989 2391 1102 2448 currat;
1122 2382 1199 2450 duur,
1220 2382 1295 2453 quod
1319 2381 1471 2453 profitetur,
1498 2378 1617 2454 legitime
1641 2394 1694 2434 nun
1720 2394 1781 2434 scr·

149 2465 287 2535 stipendiis
302 2469 358 2523 ruis
374 2468 451 2540 (duc.
476 2486 518 2539 ιιι,
535 2473 589 2543 ll),
603 2474 723 2545 gladium
740 2476 859 2534 ferreum
883 2494 937 2533 uon
989 2482 1044 2530 rat.

148 2557 276 2629 accipiat,
290 2574 324 2615 ne
339 2560 429 2631 gladio
448 2559 576 2620 llammeo
593 2575 696 2635 pereat.
712 2566 793 2623 atiud
808 2576 850 2625 est
864 2568 937 2624 enim
1025 2565 1061 2621 Ut
1085 2576 1175 2621 autem
1201 2580 1284 2621 nemo
1306 2573 1382 2620 extra
1408 2563 1528 2635 regulam
1545 2579 1602 2619 suae
1616 2562 1781 2634 professioni

149 2647 270 2718 gladium
284 2651 407 2722 accipere
429 2662 457 2708 et
475 2654 549 2710 aliud
561 2655 681 2726 gladium
696 2666 813 2726 portare.
828 2657 880 2726 Qui
894 2675 938 2715 rc·
990 2674 1138 2728 congruam
1151 2658 1359 2715 transversaria
1371 2657 1536 2719 inccdens‚a
1549 2671 1650 2710 corona
1662 2655 1780 2720 decidat,

147 2748 193 2796 cte
206 2739 327 2811 gladium
350 2743 503 2799 exercendo
530 2743 578 2800 bet
603 2747 730 2804 minister
750 2757 802 2815 est,
817 2749 937 2821 gladium
990 2763 1071 2815 quam
1098 2763 1152 2801 non
1168 2747 1267 2817 accipit
1285 2746 1338 2802 nisi
1354 2746 1399 2816 qui
1417 2745 1443 2798 in
1456 2760 1513 2800 suae
1528 2744 1708 2816 professionis
1723 2744 1782 2799 ossi·

147 2833 324 2902 quaetenus,
341 2836 486 2893 ordinante
497 2835 564 2905 Deo,
575 2838 795 2910 sibiimpositum
810 2856 865 2897 non
879 2843 938 2898 siue
989 2840 1033 2894 cio
1048 2837 1208 2906 regulariter
1222 2846 1249 2893 et
1271 2837 1392 2908 legitime
1412 2845 1497 2892 certat
1513 2855 1519 2890 :
1534 2836 1633 2892 debent
1657 2835 1781 2906 regulam

146 2937 233 2979 causa
248 2932 348 2992 portat.
371 2925 423 2993 Qut
447 2937 538 2983 autem
564 2937 641 2985 extra
665 2930 800 2997 ordinem,
816 2947 870 2987 non
890 2933 937 2989 Dei
990 2931 1041 2988 sibi
1067 2946 1082 2986 a
1101 2930 1217 2985 Domino
1238 2939 1265 2985 et
1292 2930 1423 2999 apostolis
1443 2928 1610 2999 propositam
1633 2928 1780 2990 custodire,

148 3013 200 3068 scd
214 3028 272 3070 sure
286 3014 408 3072 avaritiae
423 3018 549 3075 minister
563 3029 614 3089 est,
630 3022 694 3092 quia
717 3021 744 3077 in
770 3027 938 3096 pauperibus
991 3022 1163 3089 elericorum,
1176 3020 1384 3087 monachorum,
1399 3018 1545 3088 virginum,
1557 3019 1700 3074 viduarum
1718 3033 1784 3073 san-

149 3104 329 3173 renandls,et
341 3107 457 3178 propriis
470 3108 579 3180 injuriis
592 3112 776 3181 vindicandis,
803 3124 831 3171 et
854 3116 938 3173 lucris
991 3113 1026 3170 etl
1039 3114 1159 3179 ordines,
1180 3112 1306 3169 distincte
1326 3112 1477 3169 uniformes
1490 3119 1518 3167 et
1533 3110 1704 3166 uniformiter
1726 3110 1782 3165 dis-

149 3193 246 3265 iniquo
274 3212 438 3253 mammonae
461 3199 660 3270 congregandis
680 3201 800 3274 gladium
826 3204 937 3276 accipit,
991 3201 1078 3258 tincti.
1101 3202 1176 3270 Quos
1195 3202 1287 3258 uicino
1314 3201 1384 3272 pede
1412 3200 1560 3256 comitatur
1584 3208 1780 3255 coetuseorunr

149 3284 203 3340 nisi
214 3285 333 3357 legitime
341 3287 499 3358 poenitendo
507 3283 638 3357 salvetur,
651 3292 802 3349 sinedubio
811 3293 939 3353 flammeo
990 3293 1036 3365 qui
1051 3308 1117 3349 suas
1131 3293 1228 3349 domos
1241 3293 1356 3348 necdum
1372 3306 1406 3348 ex
1424 3298 1481 3360 toto
1499 3290 1694 3361 relinquentes,
1709 3289 1782 3344 ordi-

149 3376 240 3446 gradio
255 3384 319 3433 ante
339 3380 496 3449 paradisum
512 3382 663 3438 constituto
684 3384 793 3454 peribit.
811 3385 938 3443 Gladium
990 3391 1057 3438 nant
1069 3391 1159 3438 tamen
1173 3398 1202 3439 se
1214 3397 1320 3453 suaque
1330 3381 1422 3437 omnia
1439 3381 1465 3435 in
1481 3380 1664 3435 ministerium
1676 3387 1784 3434 sancto·

149 3468 268 3540 portarit
290 3467 435 3527 blauritius
448 3485 511 3527 cum
534 3471 641 3542 legione
656 3489 724 3540 sua;
747 3490 828 3545 quem
847 3487 937 3534 tamen
990 3489 1050 3527 rum
1066 3489 1217 3545 pauperum
1237 3482 1264 3528 et
1284 3473 1500 3544 peregrinorum.
1529 3470 1596 3525 Post·
1616 3471 1667 3526 hos
1690 3471 1782 3525 caeleri

150 3558 270 3630 gladium
293 3559 383 3615 noluit
406 3560 541 3631 accipere,
557 3563 620 3632 quia
633 3571 730 3619 contra
752 3549 876 3621 ordinem
896 3567 939 3621 di·
989 3563 1137 3635 conjugati,
1153 3563 1261 3629 diuites,
1276 3562 1395 3640 judices,
1412 3561 1513 3617 milites
1527 3575 1581 3615 non
1594 3558 1726 3618 carebunt
1738 3574 1784 3614 re·

149 3648 220 3703 uiuae
231 3648 407 3718 justitiaenec
420 3649 510 3706 adsui
523 3652 668 3723 sanguinis
685 3653 871 3711 defensionem
887 3672 937 3712 re·
989 3653 1068 3723 gula,
1081 3654 1108 3710 si
1121 3668 1280 3730 permanere
1293 3653 1387 3708 colunt
1402 3652 1428 3706 in
1440 3652 1543 3708 Clrristi
1557 3651 1691 3707 doctrina.
1707 3649 1782 3716 Quo

149 3738 201 3794 luit
211 3738 286 3795 illum
301 3755 421 3797 morere.
437 3739 505 3797 Nam
518 3757 591 3813 saepe
605 3743 712 3815 gladius
724 3753 798 3801 recte
810 3756 937 3803 moretur
989 3761 1050 3799 rum
1066 3745 1173 3815 regulas
1184 3760 1235 3799 nos
1250 3743 1368 3798 breviter
1382 3758 1463 3812 supra
1479 3743 1699 3813 perstrinximus,
1712 3758 1781 3813 quas

150 3844 167 3884 a
181 3830 267 3886 milite
281 3830 397 3901 patriam
410 3847 457 3889 seu
470 3831 620 3890 Ecclesiam
634 3848 666 3889 cs
680 3835 769 3891 edicto
780 3837 822 3891 rel
837 3854 938 3908 pracce-
989 3835 1146 3890 doctoribus
1161 3833 1289 3889 Ecclesiae
1310 3833 1464 3904 diligenter,
1483 3833 1599 3904 pleniter
1612 3842 1640 3888 et
1655 3833 1782 3904 frequen-

150 3925 196 3988 pto
211 3919 414 3988 praesidentium
429 3919 592 3997 defendente
608 3938 641 3978 ac
655 3924 794 3994 publicum
806 3927 852 3997 jus
867 3928 938 3999 lega·
989 3937 1031 3983 ter
1046 3926 1228 3998 relinquimus
1250 3924 1438 3986 inculcandas,
1450 3931 1481 3977 ut
1494 3938 1575 3979 nenio
1596 3923 1782 3991 irregulariter

150 4008 213 4063 liter
231 4011 435 4081 praescribente.
459 4010 606 4083 Nunquam
630 4029 703 4070 rcro
721 4014 842 4086 gladium
864 4028 937 4074 recte
988 4027 1015 4073 et
1035 4018 1187 4072 inordinate
1206 4016 1332 4072 incedere
1345 4014 1529 4085 permittatur,
1554 4013 1601 4084 qui
1618 4012 1646 4067 in
1661 4013 1713 4069 ista
1735 4028 1782 4068 ca-

149 4107 243 4154 tnoret
253 4101 300 4172 qui
325 4101 503 4173 semetipsum
512 4101 643 4169 defendit,
655 4102 762 4159 dicente
774 4104 914 4176 Scriptura
929 4127 935 4162 :
988 4119 1106 4164 strorum
1120 4107 1179 4163 acie
1190 4106 1387 4176 milcsjuratus
1398 4105 1566 4175 agnoscitur.

150 4187 213 4245 Nun
235 4192 404 4262 vosmetipsos
419 4192 597 4262 defendentes,
617 4192 768 4248 clarissimi
782 4194 868 4264 (Rom.
886 4213 935 4265 sn,
1022 4196 1074 4264 Qui
1092 4197 1166 4252 enim
1188 4196 1215 4250 in
1237 4194 1374 4265 baptismo
1396 4194 1599 4248 abrenuntiavit
1621 4192 1730 4248 diabolo
1755 4204 1782 4250 ct

150 4281 206 4340 llll.
222 4280 305 4338 llarid
321 4298 376 4337 non
391 4283 580 4354 semetipsum,
596 4283 644 4340 sed
666 4284 713 4341 llei
734 4288 864 4357 populum
889 4291 937 4346 de·
988 4288 1116 4344 omnibus
1142 4285 1248 4357 pompis
1274 4300 1306 4340 ac
1324 4284 1547 4356 suggestionibus
1573 4284 1644 4356 ejus,
1672 4285 1780 4340 etiamsi
1855 4351 1856 4354 Ἴ

149 4369 296 4438 fendendo,
311 4370 500 4429 Plrillstbaeum
523 4373 624 4429 oceidit
638 4381 822 4446 pugnantem;
848 4378 875 4435 in
894 4381 936 4436 sui
954 4410 977 4465 Ι)
990 4392 1129 4448 nunquam
1145 4375 1193 4431 fiat
1203 4374 1319 4431 clericus
1332 4375 1376 4429 rel
1389 4374 1552 4440 monachus,
1565 4376 1668 4431 mundo
1690 4384 1781 4430 tamen

149 4459 337 4526 defensionem
352 4462 440 4518 noluit
462 4461 587 4518 occidere
608 4460 717 4518 Saulem
743 4467 935 4527 dormientem.
988 4468 1161 4526 renuntiasse
1186 4466 1357 4523 convincitur
1367 4466 1431 4537 quia
1448 4465 1566 4521 mundus
1580 4473 1653 4521 totus
1672 4466 1700 4519 in
1722 4481 1782 4519 ma-

148 4547 227 4606 'func
249 4565 316 4622 ergo
339 4549 459 4623 gladium
481 4553 616 4623 portando
631 4553 687 4611 Deo
697 4555 810 4627 placuit,
825 4558 873 4629 qui
888 4572 938 4629 po·
988 4562 1062 4640 ligno
1072 4561 1178 4631 positus
1191 4573 1290 4631 pompa
1301 4564 1343 4615 est
1356 4558 1441 4628 ipsius
1452 4556 1574 4629 maligni,
1586 4558 1666 4629 cujus
1676 4573 1792 4628 pompae-

149 4650 207 4703 stea
230 4642 349 4713 gladium
377 4652 472 4699 eorrtra
496 4642 589 4699 Uriam
615 4646 774 4717 accipiendo
791 4648 827 4704 ita
851 4649 936 4706 Deum
988 4652 1212 4709 renuntiaverunt
1229 4649 1497 4706 omnesChristianl.
1514 4648 1781 4720 Undectquiutun-

148 4730 272 4799 offendit,
294 4742 336 4799 ut,
362 4733 415 4789 nisi
436 4734 602 4804 penitentiae
629 4736 756 4810 lacrymis
779 4739 936 4796 flammeum
988 4753 1033 4800 tur
1048 4746 1100 4799 hoc
1115 4742 1229 4810 mundo,
1248 4741 1302 4797 sint
1326 4740 1404 4810 quasi
1435 4754 1489 4794 non
1512 4747 1625 4795 utantur
1641 4757 1649 4794 t
1667 4749 1697 4796 ut
1723 4740 1781 4795 sire

113 4885 120 4904 x
147 4823 268 4894 gladium
279 4824 466 4893 exstinxisset,
478 4825 599 4897 gladium
609 4828 767 4901 accipiendo
778 4831 868 4902 gladio
879 4847 937 4903 por-
988 4834 1084 4889 dirites
1100 4833 1157 4889 sire
1172 4831 1275 4896 miseri,
1292 4829 1396 4885 nobiles
1416 4845 1448 4885 ac
1461 4831 1544 4897 serri,
1566 4841 1733 4888 mercatores
1753 4842 1781 4888 et

148 4914 236 4973 iisset.
987 4925 1083 4981 rustici
1106 4933 1133 4979 et
1150 4923 1263 4980 omuino
1293 4922 1395 4988 cuncti,
1423 4923 1469 4992 qui
1497 4923 1653 4979 Christiana
1673 4922 1780 4994 profes·

183 5007 290 5065 liabent
305 5023 369 5082 crgo
387 5017 415 5064 et
433 5011 532 5066 milites
557 5019 611 5067 tam
634 5013 663 5067 in
686 5011 772 5074 Darid
798 5028 861 5086 rege
886 5016 938 5071 sub
988 5015 1065 5072 siene
1084 5023 1240 5081 censentur,
1259 5013 1302 5068 illa
1326 5023 1466 5083 respuant,
1485 5030 1547 5084 quim
1571 5015 1635 5070 hiric
1667 5014 1777 5071 iobrrica

149 5098 232 5155 Saule
243 5099 315 5156 malo
327 5101 395 5156 berre
414 5102 557 5170 militante,
573 5118 656 5173 quam
667 5104 694 5160 in
707 5103 887 5163 Thebaeorum
898 5108 937 5163 le·
988 5116 1051 5163 sunt
1070 5106 1190 5173 nomini,
1209 5115 1235 5161 et
1248 5120 1278 5161 ea
1293 5120 1353 5176 qma
1370 5114 1433 5160 suut
1456 5116 1517 5175 apta
1534 5115 1679 5160 sectemur.
1691 5101 1779 5159 llabet

149 5189 230 5260 gione
243 5200 337 5249 sancta
357 5193 409 5249 sub
424 5194 509 5265 impio
522 5194 686 5265 imperatore
705 5197 831 5268 pietatem
846 5208 936 5256 custo
988 5198 1061 5253 cuim
1074 5198 1164 5253 omnis
1177 5196 1243 5253 ordo
1262 5205 1288 5253 et
1306 5197 1418 5252 omnino
1429 5197 1520 5252 omnis
1532 5195 1667 5268 professio
1682 5195 1710 5250 in
1725 5195 1779 5251 lide

148 5278 240 5338 diente
252 5292 357 5341 certum
372 5286 501 5342 ducatum
521 5303 626 5359 :quem
646 5305 702 5347 non
724 5291 805 5348 babet
824 5308 937 5350 conver·
988 5290 1120 5346 catholiea
1133 5298 1159 5346 el
1170 5290 1293 5346 doctrina
1310 5288 1458 5360 apostolica
1475 5303 1532 5344 suae
1545 5287 1669 5358 qualitati
1684 5296 1780 5359 aptant

148 5387 209 5441 eus,
229 5375 287 5446 qui,
306 5391 394 5448 neque
410 5378 479 5434 inter
497 5380 612 5437 clericos
627 5379 749 5450 Petrum,
764 5398 852 5455 neque
867 5385 938 5440 inter
988 5381 1119 5452 regulam,
1141 5381 1193 5437 sub
1212 5396 1266 5451 qua
1278 5379 1397 5448 legitime
1410 5378 1541 5435 certando
1561 5379 1661 5449 poterit
1680 5393 1781 5449 perre-

149 5466 300 5531 monacbos
314 5465 428 5524 Paulum
444 5471 594 5542 sequendo,
608 5487 694 5528 racuo
715 5474 826 5531 nomine
838 5476 938 5547 gloria·
988 5473 1046 5530 uirc
1060 5473 1093 5528 ad
1109 5487 1238 5528 coronam
1257 5470 1343 5540 (158).

184 5578 259 5651 (leid)
279 5582 444 5640 dtlranasius
460 5603 467 5639 ι
487 5604 495 5636 ι
510 5583 673 5657 Qrtieunquc
687 5588 744 5644 vult
754 5590 846 5645 salvus
864 5606 936 5659 esse,
988 5587 1074 5654 Quam
1090 5586 1141 5640 nisi
1153 5587 1269 5657 quisque
1280 5586 1410 5655 integram
1423 5585 1633 5654 inviolatamque
1648 5599 1775 5640 serrare·

148 5659 211 5712 attte
230 5654 322 5709 omnia
349 5668 418 5724 opus
432 5665 472 5711 cst
492 5663 520 5710 ut
545 5665 632 5713 teneat
656 5659 816 5714 catholicam
846 5662 934 5716 bilem.
989 5661 1033 5724 rit,
1048 5658 1150 5728 absque
1168 5658 1250 5710 dubio
1271 5657 1298 5709 in
1318 5663 1448 5709 :eternum
1462 5656 1596 5726 peribit.»

477 5743 497 5768 Q
