3892 6067
202 237 235 295 il
454 231 620 291 ‘obnubuit
637 229 832 288 bumbosttt
852 227 1129 286 llElCllEllSPEliG.
1150 187 1329 284 boussut.
1348 224 1381 280 ib*
1400 217 1567 280 asabuOS.
1792 225 1825 279 ’ii

202 352 445 411 mortuismaitum
459 348 578 404 lruetum
589 349 716 414 attulisti,
727 346 880 418 quoniam«
898 362 991 402 ascen·
1004 352 1028 406 Α
1041 345 1172 400 lectarum
1195 352 1289 415 petant
1308 353 1335 399 et
1360 342 1495 412 accipiant
1515 338 1677 396 manufestos
1706 339 1827 411 edoctus,

202 445 271 502 oens
284 446 313 500 in
326 443 412 499 altum
422 441 556 510 captivam
570 439 672 496 duxisti
685 437 991 510 captivitatemdedisti
1040 436 1119 505 quasi
1131 450 1228 506 panem
1243 436 1306 489 vita
1317 443 1345 489 et
1365 426 1529 498 intellectus,
1543 433 1581 489 ita
1596 441 1628 488 ut
1648 448 1698 503 pro
1715 449 1786 504 aqua
1803 446 1829 491 et

202 538 275 594 dona
299 533 457 591 bominibus
484 531 592 604 (Epires.
622 548 659 599 tr,
674 531 714 602 8).
741 549 750 583 ι
778 529 830 585 Per
843 546 904 601 quae
918 530 990 585 dona
1041 536 1109 598 potu
1119 523 1231 583 salutari
1246 527 1283 583 sit
1296 527 1335 582 eis
1350 527 1503 582 intellectus
1516 526 1616 590 bonus,
1627 540 1678 596 pro
1690 525 1754 581 cibo
1766 541 1829 582 vero

203 628 303 684 iterum
328 625 445 681 visitasti
467 634 568 682 terram
589 631 617 679 et
642 622 785 677 inebriasti
809 637 883 685 eant,
897 621 934 676 ita
961 629 992 675 ut
1041 617 1164 687 eiusdem
1181 618 1217 673 sit
1233 617 1345 673 edesius
1361 615 1533 671 tnaniicstus.
1549 614 1619 670 iluie
1637 615 1829 686 praeparationi

203 727 295 775 musto
318 726 480 789 putarentur
493 731 555 771 esse
568 714 640 785 pieni
655 712 782 783 discipuli
798 712 848 779 tui,
862 727 932 783 quos
943 720 992 766 tuo
1041 707 1152 778 quitiam
1175 707 1307 762 inereduli
1330 706 1532 770 contradicunt,
1545 714 1573 759 et
1589 704 1701 762 dicante
1730 705 1830 773 ‹Quu-

204 807 308 880 Spiritu
324 809 364 865 sic
379 806 519 863 inebriasti
535 814 562 861 et
584 821 600 860 a
625 804 779 874 semetipsis
797 803 944 869 alienasti,
962 811 993 858 ut
1042 799 1115 852 niam
1128 797 1263 868 percussit
1273 808 1377 868 petram
1388 806 1416 853 et
1426 797 1685 868 duxeruntaquaeet
1695 805 1830 853 torrentes

203 909 310 957 terrena
335 914 430 955 eorum
454 898 606 953 substantia
632 897 740 953 coelitus
759 894 892 951 inebriata
917 894 993 949 lieret
1043 888 1261 956 insudaveram
1277 889 1401 960 nunquid
1413 898 1441 944 et
1453 903 1551 958 partein
1570 888 1669 959 poterit
1686 888 1762 957 dare,
1784 897 1830 945 aut

203 993 317 1047 cannino
337 990 467 1047 coelcstis.
482 989 632 1059 Postquam
655 1003 721 1059 ergo
739 987 780 1042 sic
797 986 913 1042 visitasti
938 994 993 1042 ter·
1042 996 1140 1050 parare
1161 997 1285 1038 mensam
1303 983 1404 1052 populo
1420 983 1489 1037 suro?
1505 1001 1515 1033 ι
1531 980 1618 1049 (Paul.
1644 998 1748 1046 ιιιιιι,
1771 982 1829 1054 2⁰.)

204 1097 264 1137 ram
277 1090 304 1137 et
317 1080 458 1137 inebriasti
472 1095 544 1145 earu,
558 1081 634 1149 prius
650 1087 793 1134 maiestras
807 1076 897 1133 effecti
910 1077 993 1133 coele-
1043 1070 1123 1139 Quod
1140 1082 1182 1128 est
1195 1071 1307 1129 dicere:
1323 1073 1458 1141 Quoniam
1474 1088 1617 1144 percusso,
1632 1074 1714 1129 latere
1728 1073 1830 1130 Christi

204 1181 270 1240 stes,
297 1172 386 1228 «eceli
399 1178 598 1227 enarraverunt
613 1170 727 1241 gloriam
750 1166 898 1239 Dei(i>sui.
915 1183 991 1232 svart,
1043 1177 1122 1232 aqum
1133 1163 1274 1233 sapientiae
1287 1164 1320 1220 de
1335 1166 1394 1235 ipsu
1405 1164 1491 1220 latere
1507 1165 1600 1235 templi
1614 1164 1786 1232 adluxerunt,
1803 1174 1832 1221 et

204 1263 252 1335 l);
274 1283 284 1315 ι
301 1278 372 1334 quos
397 1263 480 1318 etiarn
509 1260 587 1332 quasi
611 1260 699 1315 nubes
725 1256 880 1314 imbriferas
893 1258 993 1315 misisti
1044 1241 1406 1326 intellectuadimpleverunt
1417 1258 1498 1312 corda
1509 1258 1689 1324 credentium,
1702 1267 1733 1312 nt
1742 1257 1831 1312 sciant

105 1365 109 1376 '
203 1369 286 1425 snper
302 1369 410 1409 ornnem
439 1363 550 1420 terram,
573 1369 654 1425 quam
671 1367 766 1407 eorum
781 1350 914 1407 doctrinis
928 1349 994 1405 visi·
1044 1346 1111 1416 quid
1127 1346 1163 1402 sit
1177 1346 1376 1417 petendumvel
1399 1349 1550 1420 agendum;
1576 1348 1699 1430 nunquid
1722 1347 1832 1417 adjiciet

203 1447 268 1503 tasti
281 1454 308 1502 et
318 1446 471 1512 inebriasti,
487 1444 609 1502 Ecclesia
626 1451 722 1500 sarucia
736 1459 785 1514 per
797 1443 891 1498 orbem
906 1449 995 1496 terra·
1045 1439 1110 1495 buis
1134 1441 1208 1496 dono
1236 1440 1421 1512 trrntttgemia
1441 1441 1544 1496 dorium
1565 1436 1734 1495 efficientiae?
1761 1437 1832 1494 Num

204 1553 267 1594 rum
291 1537 425 1605 dilatata,
449 1553 511 1607 qoae
532 1538 663 1608 praeclaro
687 1536 772 1591 calice
792 1533 928 1604 passionis
941 1541 994 1588 ture
1044 1532 1108 1600 quia
1124 1532 1252 1588 velociter
1264 1535 1350 1588 currit
1369 1546 1460 1588 sernru
1476 1530 1523 1586 llel
1538 1546 1587 1600 per
1598 1544 1647 1584 ora
1673 1529 1832 1585 docentium

203 1629 348 1694 inebriata,
360 1629 531 1684 obliviscitur
542 1644 575 1684 ea
585 1643 647 1700 quae
655 1636 728 1683 retro
736 1637 811 1696 suut,
822 1626 994 1684 extendendo
1044 1624 1086 1678 uel
1101 1622 1221 1679 calamos
1236 1623 1387 1679 scribarum
1402 1622 1531 1677 velociter
1545 1620 1734 1687 scribentium,
1748 1620 1832 1676 simili

204 1736 234 1777 se
247 1720 282 1776 ad
296 1720 444 1784 anteriora,
467 1719 494 1775 iu
510 1720 611 1791 quibus
627 1719 817 1790 multiplicasti
828 1718 994 1788 locupletare
1009 1690 1030 1744 B
1043 1715 1186 1771 velocitate
1198 1723 1327 1785 sequetur
1341 1713 1496 1769 obedientia
1510 1727 1564 1783 qua
1589 1711 1767 1782 praecucurrit
1787 1711 1833 1765 in-

203 1825 276 1879 eant,
295 1811 360 1881 quia
378 1810 556 1866 multiinrmis
577 1810 671 1878 gratia
694 1810 776 1866 donis
800 1809 894 1865 ditasti
920 1823 993 1876 eam,
1044 1805 1216 1877 telligentia?
1231 1802 1335 1860 Revera
1353 1804 1393 1859 sic
1416 1803 1462 1858 ille
1484 1803 1610 1872 praedixit
1633 1800 1767 1868 futurum,
1783 1801 1833 1873 qui

203 1916 265 1972 qbae
280 1901 332 1956 boc
344 1900 441 1957 ordine
455 1909 638 1971 pervenerunt
649 1900 684 1956 ad
698 1914 770 1955 earu.
1044 1898 1113 1953 alias
1126 1896 1208 1952 dicit:
1228 1895 1372 1968 «Pupulus
1385 1910 1466 1967 quem
1495 1910 1551 1948 nou
1574 1894 1690 1965 cognovi
1721 1893 1833 1949 servivit

239 1986 307 2044 cit.
329 1987 575 2044 Prim02Fiumeu
593 1987 643 2043 bet
665 1986 846 2059 repletumert
864 1988 995 2061 cquis.1d
1045 1988 1163 2055 milri,in
1188 1988 1282 2043 auditu
1312 1988 1386 2044 auris
1413 1986 1533 2043 obedivit
1558 1986 1625 2041 ntibi
1650 1984 1737 2057 (Ptol.
1763 2000 1833 2049 ιιιι,

143 2083 146 2090 ’
203 2088 246 2135 est
258 2079 332 2150 prior
348 2080 476 2150 pupulus,
493 2076 559 2148 ripis
572 2079 763 2134 mandatorum
774 2079 902 2150 legalium
922 2080 995 2134 limi·
1044 2079 1126 2151 til»
1148 2077 1216 2133 llira
1237 2079 1367 2134 velocitas
1395 2078 1566 2143 obedientias,
1593 2092 1655 2148 qua
1675 2091 1768 2133 comes
1790 2085 1835 2132 est

205 2180 288 2236 tatus,
300 2171 381 2241 errius
394 2180 505 2242 propter
529 2171 657 2241 exiguam
673 2169 870 2226 benedictionis
894 2185 994 2226 venam
1045 2168 1208 2224 audientiael
1224 2168 1272 2224 ubi
1283 2182 1337 2247 non
1351 2176 1413 2237 post
1427 2169 1550 2223 anditum
1566 2169 1643 2224 auris
1656 2168 1835 2238 consequitur

204 2277 274 2334 pene
291 2262 444 2319 desiccatus
459 2262 511 2317 luit
523 2262 635 2328 alveus;
651 2261 716 2332 quia
729 2269 821 2317 tamen
837 2261 864 2316 in
878 2262 995 2334 pingue·
1044 2259 1200 2314 obedientia
1211 2258 1328 2330 injuncti
1342 2260 1444 2330 operis,
1458 2259 1505 2316 sed
1524 2277 1533 2312 r
1548 2260 1576 2314 in
1588 2260 1717 2332 auditu,r
1733 2259 1834 2330 inquit,

204 2354 268 2411 diue
284 2362 374 2420 terra,
388 2361 416 2409 et
436 2353 464 2407 iu
477 2368 540 2408 rore
552 2352 615 2408 cmii
638 2351 758 2422 desuper
769 2361 828 2408 erat
841 2353 994 2430 benedictio
1048 2369 1058 2403 ι
1071 2353 1146 2406 auris
1158 2350 1278 2407 obedivit
1291 2352 1369 2407 mibi.
1385 2371 1395 2404 ι
1663 2421 1664 2424 ¹

203 2447 273 2519 qus,
292 2460 326 2501 eo
339 2444 412 2515 quod
432 2460 495 2501 cum
512 2443 583 2500 Esau
598 2445 726 2501 detentus
737 2452 765 2498 et
783 2455 934 2516 occupatus
948 2462 995 2502 ve·
1080 2442 1171 2500 citit.
1188 2443 1275 2500 Porro
1287 2445 1321 2501 de
1335 2444 1379 2501 luis
1393 2444 1441 2515 qui
1460 2445 1531 2501 tardi
1552 2453 1580 2501 et
1602 2445 1693 2502 claudi
1714 2447 1834 2504 viatores

203 2540 316 2597 natione
331 2539 473 2603 carnium,
489 2552 559 2608 pene
576 2537 642 2592 solis
661 2535 813 2591 carnalium
827 2545 855 2591 et
872 2548 995 2593 terreno-
1044 2535 1140 2606 pedem
1152 2535 1440 2607 intelligentiaelanum
1455 2536 1708 2605 babentetiortem,
1723 2539 1836 2609 pedem·

203 2642 266 2685 rutn
281 2628 417 2684 bonorum
438 2627 592 2683 laetabatur
606 2624 836 2695 promissionibus
849 2632 876 2681 et
896 2640 995 2697 exspe-
1044 2641 1098 2697 que
1111 2626 1302 2682 inobedientia
1327 2628 1443 2684 debilem
1470 2639 1578 2701 portant
1603 2638 1631 2685 et
1656 2645 1835 2706 suspensum,

205 2720 380 2786 elationibus,
392 2734 480 2790 usque
494 2718 562 2773 adeo
574 2701 605 2772 ut
631 2718 685 2787 ipsi
700 2729 809 2789 quoque
824 2717 942 2788 apostoli
960 2718 998 2776 de
1044 2728 1245 2790 cousequenter
1257 2720 1426 2793 adjungitur.
1449 2739 1459 2774 ι
1474 2721 1534 2776 Filii
1549 2721 1634 2780 alieni
1645 2724 1751 2778 mentiti
1767 2734 1837 2780 suut

203 2811 306 2883 populo
318 2811 364 2866 illo
374 2807 464 2874 electi,
473 2810 547 2865 eirca
563 2809 712 2880 primordia
723 2824 773 2865 sua
788 2810 922 2865 sentirent
934 2824 995 2866 ear·
1045 2809 1123 2876 mibi,
1135 2809 1184 2864 lilii
1198 2810 1279 2865 alieni
1291 2811 1433 2875 inveterati
1452 2820 1526 2878 sunt,
1539 2820 1568 2866 et
1582 2811 1808 2868 claudicaverunt
1819 2829 1835 2869 a

204 2903 302 2959 naliter
315 2901 349 2958 de
365 2917 449 2973 regno
461 2900 509 2956 Dei
524 2918 531 2967 ;
548 2901 677 2971 populus,
690 2900 814 2971 inquam,
827 2900 872 2957 illc
885 2900 913 2957 in
926 2917 995 2973 pau·
1047 2898 1152 2955 semitis
1163 2899 1222 2955 suis
1236 2899 1522 2972 (iiid.,l6).›lilurum
1537 2900 1631 2972 procul
1645 2900 1781 2956 dubioilla
1792 2910 1837 2955 est

204 2994 245 3051 cis
255 2993 354 3051 exinde
365 2991 581 3048 vocatisiiumen
595 2990 642 3046 bet
654 2992 911 3061 nominatur,etest.
924 2991 993 3048 Nam
1008 3029 1029 3087 C
1047 2990 1241 3057 murmuratio,
1256 3004 1311 3060 qua
1328 2991 1442 3046 dicitur:
1462 2992 1620 3059 «Quoniam
1639 2994 1836 3073 percussitpe·

204 3084 320 3150 ceteris,
335 3083 409 3137 velut
438 3081 517 3153 aquis
540 3081 692 3147 lacunosis,
716 3078 801 3138 lsaias
827 3082 994 3153 improperat
1047 3089 1117 3133 tram
1131 3089 1158 3135 et
1170 3079 1308 3135 duxeruut
1323 3096 1402 3151 aquae
1419 3089 1447 3137 et
1457 3091 1591 3139 torrentes
1620 3083 1835 3150 inundaverunt,

205 3174 319 3229 dicens:
344 3191 354 3224 ι
372 3171 441 3240 Quia
470 3173 504 3227 de
518 3171 598 3241 aquis
610 3169 680 3226 luda
694 3171 790 3227 existis
802 3169 884 3241 (lani.
896 3188 993 3239 ravin,
1046 3170 1169 3239 uunquid
1181 3179 1208 3226 et
1223 3186 1319 3240 panem
1329 3173 1428 3242 poterit
1441 3174 1507 3229 dare
1521 3184 1569 3228 aut
1591 3190 1688 3244 parare
1708 3190 1835 3231 mensam

205 3265 244 3336 t),
266 3284 276 3318 s
292 3266 373 3321 idest
389 3263 437 3335 qui
453 3263 644 3319 tantummodo
669 3262 820 3319 seeundum
836 3266 928 3322 carinis
943 3265 995 3321 iiu-
1044 3262 1146 3330 populo
1154 3262 1235 3316 suuis
1249 3260 1336 3332 (Paul.
1349 3263 1645 3336 ussrrr,tb.)rtuoiunt
1658 3266 1702 3320 isti
1710 3267 1835 3336 verbum,

205 3370 281 3423 xum,
296 3364 324 3412 et
339 3370 394 3410 non
410 3353 560 3411 secondum
579 3352 641 3408 lldei
657 3351 788 3421 tractum,
812 3368 905 3410 semen
924 3354 993 3412 luda
1045 3353 1092 3408 sed
1105 3353 1215 3409 obedire
1227 3355 1367 3411 uiderunt.
1384 3357 1507 3412 andiunt
1531 3358 1639 3429 signum
1664 3358 1767 3428 quoad
1782 3359 1837 3417 Ec·

205 3445 281 3501 estis.
294 3444 399 3500 Etenim
416 3444 566 3501 seeundum
580 3443 797 3501 conversationis
805 3453 903 3500 vestra
916 3447 996 3519 igno·
1044 3443 1156 3499 uastam
1173 3455 1314 3514 vocantur,
1325 3448 1373 3503 sed
1387 3449 1481 3504 venire
1493 3449 1632 3505 dideruut.
1645 3448 1723 3517 Quod
1738 3459 1780 3506 est
1795 3453 1837 3507 di·

204 3536 349 3603 bilitatem,
373 3535 608 3593 semeananaan
628 3546 655 3591 et
677 3550 732 3591 non
753 3534 823 3592 iuda
839 3531 995 3609 estis,'quia
1044 3551 1106 3591 cere
1118 3555 1125 3594 ε
1137 3535 1207 3593 Num
1218 3539 1282 3609 qnia
1291 3538 1371 3595 facile
1384 3542 1522 3613 magistris
1540 3550 1583 3599 est
1602 3543 1745 3613 imperare,
1756 3544 1835 3599 simi-

206 3633 282 3704 pater
302 3638 391 3685 vester
413 3627 589 3683 Amorrhaeos
606 3636 633 3682 ct
656 3635 742 3682 mater
759 3637 850 3682 restra
873 3627 993 3684 Cetlraea.
1045 3628 1106 3684 liter
1117 3629 1197 3684 saeiie
1208 3630 1351 3700 discipulis
1363 3646 1424 3688 esse
1455 3634 1556 3703 poterit
1579 3649 1673 3690 corum
1698 3646 1834 3705 precepta

206 3720 266 3778 istis
277 3734 343 3791 ergo
358 3720 433 3774 velut
443 3718 522 3789 aquis
536 3718 656 3773 eoetiosis
678 3716 742 3787 jure
765 3717 953 3774 arescentibus
967 3728 996 3775 et
1045 3720 1304 3776 servareldudiuut
1318 3720 1498 3778 intrinsecum
1518 3724 1605 3780 saneti
1620 3722 1739 3795 Spiritus
1761 3738 1834 3779 eon-

205 3811 403 3878 deilcientibus,
416 3809 516 3865 dumea
530 3808 577 3865 bei
591 3808 724 3879 repletum
738 3808 871 3879 estoquis
883 3809 994 3867 iuveris
1045 3811 1148 3879 silium,
1163 3826 1218 3881 quo
1229 3811 1275 3866 ille
1289 3814 1409 3885 suggerit
1426 3814 1529 3885 aliquid
1539 3814 1705 3883 iaciendum,
1721 3815 1768 3871 sed
1783 3831 1834 3871 ac·

206 3900 336 3958 lsraeiitis
353 3919 360 3932 ·
375 3901 497 3973 qualium
520 3915 592 3955 unos
608 3899 660 3955 luit
674 3899 729 3965 ille,
743 3898 777 3955 de
789 3914 845 3970 qno
860 3899 918 3970 ipse
931 3899 994 3958 iona
1045 3902 1187 3973 quiescere
1195 3901 1334 3958 diileruut.
1347 3901 1411 3958 ideo
1423 3904 1526 3959 audivit
1536 3902 1669 3961 θοιιιίιιιιε
1679 3913 1705 3961 et
1714 3904 1834 3962 muniit.

205 3992 326 4052 llumiuis
345 3992 428 4063 buius
441 3992 503 4047 ait:
524 4008 534 4043 ι
560 3989 630 4047 Ecce
644 4006 726 4046 verus
745 3988 877 4058 israelita,
893 3991 921 4046 in
937 4008 993 4063 quo
1044 3993 1156 4049 dudivit
1164 4008 1259 4050 eorum
1268 3994 1437 4065 petitionem,
1449 3996 1495 4051 sed
1506 3996 1610 4052 distulit
1619 3996 1834 4052 exauditionem.

205 4079 285 4137 dolus
297 4094 353 4135 uon
368 4089 410 4135 est
424 4079 516 4151 (ioan.
533 4094 555 4147 r,
573 4078 631 4150 li).
649 4098 659 4132 s
675 4078 756 4136 Tales
770 4078 883 4136 inerunt
898 4089 995 4139 otnues
1044 4085 1260 4142 dudiviteomm
1278 4087 1395 4158 gemitus
1410 4086 1437 4141 in
1454 4086 1692 4154 tribulationibus,
1712 4086 1759 4143 sed
1774 4088 1835 4144 dis·

205 4173 332 4245 apostoli,
346 4182 461 4244 excepto
480 4171 561 4240 iuda,
579 4171 628 4244 qui
649 4172 755 4229 exierat
768 4174 803 4229 de
818 4174 898 4245 aquis
922 4174 994 4232 inda
1045 4177 1123 4233 stulit
1132 4193 1179 4232 eos
1188 4178 1305 4232 liberare
1317 4178 1350 4232 de
1365 4178 1443 4248 ipsis.
1461 4176 1571 4233 Audivit
1585 4194 1667 4251 super
1677 4194 1725 4235 eos
1741 4180 1833 4234 inimi·

205 4264 314 4336 penitus
325 4265 432 4319 alienus
443 4279 459 4318 a
472 4264 533 4319 lidei
546 4265 607 4334 ejus
618 4264 770 4320 nobilitate.
1045 4282 1140 4322 corum
1151 4267 1367 4335 insultationem,
1377 4269 1424 4323 sed
1436 4269 1543 4324 distulit
1552 4270 1682 4325 ultionem
1696 4285 1728 4326 ae
1738 4269 1835 4326 deien-

240 4351 319 4408 Cilll.
335 4351 498 4421 liujusmodi
517 4370 582 4424 ergo
599 4355 679 4424 aquis
695 4353 847 4424 reprobatis
861 4364 993 4426 tanquanr
1009 4366 1031 4421 1)
1045 4357 1161 4412 sionem.
1172 4355 1241 4411 Nam
1254 4357 1287 4412 de
1298 4358 1423 4414 doctrina
1447 4375 1513 4415 sane
1533 4360 1692 4431 intelligitur
1703 4363 1775 4432 quod
1792 4362 1836 4416 di·

207 4441 325 4513 putridis
338 4451 365 4498 et
380 4444 493 4509 amaris,
509 4443 610 4498 flumen
625 4443 674 4498 Dei
687 4459 786 4514 purum
803 4454 832 4500 et
851 4446 930 4502 dulce
949 4462 993 4502 re·
1043 4448 1115 4502 citur
1132 4465 1139 4501 ε
1161 4467 1171 4499 ι
1191 4446 1220 4502 Si
1235 4447 1297 4518 quis
1312 4448 1378 4515 sitit,
1396 4449 1487 4504 veniat
1509 4450 1543 4504 ad
1560 4465 1603 4504 me
1617 4459 1644 4505 et
1661 4451 1746 4517 bibat,
1760 4452 1834 4508 etde

205 4536 312 4608 pletum
322 4546 364 4593 est
383 4537 473 4608 aquis,
498 4536 607 4607 quaudo
637 4535 795 4592 sedentibus
815 4537 946 4606 apostolis
964 4538 992 4593 in
1043 4547 1137 4593 vetrtre
1151 4538 1210 4607 ejus
1223 4537 1307 4592 duent
1319 4553 1396 4608 aquae
1408 4541 1474 4594 vivae
1486 4537 1576 4610 (doura.
1591 4540 1725 4611 vu,3'll.r
1740 4539 1806 4594 item
1824 4556 1833 4596 t

205 4641 263 4682 nno
275 4630 429 4696 eoeuaeuio,
444 4647 453 4680 r
468 4628 556 4684 iactus
569 4635 613 4683 est
640 4635 750 4698 repente
762 4628 796 4682 de
811 4629 881 4684 coelo
908 4643 994 4684 sonus
1047 4648 1057 4681 ι
1072 4628 1124 4697 Qui
1143 4629 1243 4685 biberit
1255 4640 1354 4701 aquarn
1365 4644 1447 4700 quam
1461 4645 1511 4701 ego
1525 4633 1626 4687 dedero
1637 4633 1674 4698 ei,
1686 4647 1741 4686 rron
1757 4633 1833 4690 sitiet

206 4716 377 4774 advenientis
391 4720 505 4790 spiritus
520 4719 699 4786 vehementis,
715 4727 742 4773 et
768 4717 882 4788 replevit
908 4728 993 4776 totam
1045 4722 1162 4790 iterum;
1179 4723 1226 4778 sed
1242 4737 1314 4792 aqua
1333 4737 1416 4793 quam
1431 4738 1482 4793 ego
1503 4725 1528 4779 ei
1542 4725 1588 4790 du,
1606 4726 1651 4779 det
1673 4727 1699 4779 in
1714 4739 1748 4779 eo
1767 4724 1833 4782 icus
1927 4711 1931 4716 ¹

205 4809 318 4864 domurn
333 4809 378 4863 ubi
393 4819 472 4864 erant
498 4810 633 4879 sedentes,
648 4820 676 4865 et
689 4809 782 4880 repleti
810 4819 874 4866 sunt
898 4826 994 4869 omnes
1045 4831 1124 4889 aquae
1138 4816 1261 4874 salientis
1275 4818 1301 4871 in
1312 4817 1397 4870 sitam
1411 4818 1640 4890 aeteruarnlioau.
1655 4835 1693 4886 tv,
1707 4818 1763 4890 ¹3)-
1781 4838 1792 4872 ι

208 4895 312 4969 Spiritu
328 4908 424 4955 sancto
441 4900 513 4970 (Act.
526 4914 556 4966 u,
571 4899 638 4971 2).»
659 4899 764 4967 Quibus
784 4901 822 4957 ita
835 4903 947 4973 potatis,
959 4920 995 4962 ue
1079 4908 1147 4965 citt.
1165 4909 1325 4979 liujusmodi
1339 4912 1418 4982 aquis
1428 4926 1502 4966 vena
1513 4912 1627 4968 viventis
1640 4913 1770 4984 repletum
1788 4921 1832 4969 est

205 4989 260 5046 cibi
275 4989 383 5045 deesset
396 4991 486 5060 eopia,
505 4992 607 5060 perusti
630 4991 717 5046 cibum
740 4990 857 5061 illoram,
876 5005 907 5051 ut
922 5011 994 5068 aqua
1045 5001 1145 5056 flumen
1158 5000 1217 5067 bei,
1233 5002 1343 5071 quando
1368 5000 1486 5073 Spiritus
1509 5018 1620 5061 sanetus
1631 5005 1658 5059 in
1673 5005 1774 5077 linguis
1784 5020 1833 5061 rc·

206 5082 347 5152 sapientia
370 5084 500 5140 salutaris
527 5084 623 5155 potati,
648 5085 728 5155 eujus
754 5088 875 5145 veritatis
905 5090 994 5146 adim-
1046 5093 1124 5148 niens
1136 5095 1275 5164 apostolos
1285 5093 1386 5161 docuit,
1397 5101 1424 5149 et
1435 5095 1571 5151 intellectu
1582 5095 1737 5166 adimplevit
1748 5096 1832 5152 corda

207 5176 313 5247 plendae
325 5178 479 5233 babuerunt
497 5179 675 5241 intellectum.
690 5180 750 5249 ejus
774 5197 884 5254 quoque
910 5186 996 5241 adim·
1045 5197 1156 5239 corum:
1174 5186 1339 5256 quibuscito
1353 5195 1381 5241 et
1399 5186 1471 5242 ultro
1495 5187 1637 5242 intellecta
1649 5188 1754 5242 veritati
1785 5203 1833 5242 ac·

207 5266 286 5339 pletas
299 5266 423 5324 viderent
436 5269 573 5336 ellectum,
589 5268 668 5340 quasi
682 5285 779 5339 panem
798 5273 926 5329 solidum.
939 5274 994 5330 Ne·
1046 5276 1250 5345 quiescentibus
1264 5278 1379 5349 etquasi
1408 5288 1499 5335 musto
1523 5277 1622 5348 plenis,
1637 5277 1693 5333 cito
1716 5287 1744 5334 et
1759 5277 1833 5333 uitro

207 5373 261 5428 que
271 5375 336 5416 vero
349 5359 375 5414 id
390 5374 457 5416 casu
472 5361 581 5427 accidit,
597 5361 724 5432 quoidam
733 5361 772 5415 ito
782 5373 820 5418 ert
833 5368 995 5436 preparatio
1046 5366 1148 5436 parasti
1163 5367 1254 5439 eiburn
1268 5368 1388 5435 illumin,
1400 5368 1526 5423 videlieet
1545 5382 1615 5438 opus
1628 5368 1788 5439 peri'ectum,
1803 5378 1834 5424 et

206 5447 265 5516 ejus
279 5449 344 5515 cibi,
367 5466 423 5522 quo
442 5452 568 5508 cibantur
588 5453 676 5518 electi,
693 5461 722 5508 ut
737 5454 825 5525 primo
844 5456 996 5530 intelligant
1047 5457 1319 5529 birrraeintelligeutiae
1332 5459 1432 5514 bonum
1460 5458 1598 5525 ellectum,
1610 5460 1644 5515 dc
1655 5476 1712 5531 quo
1736 5460 1831 5516 dieas:

207 5537 273 5608 quid
286 5548 377 5610 petere
393 5543 436 5598 vel
458 5543 613 5601 desiderare
637 5544 762 5612 debeant,
784 5547 945 5617 purificante
968 5557 996 5606 et
1048 5547 1241 5605 slieuseibus
1256 5559 1298 5605 est
1311 5563 1341 5603 ut
1365 5547 1460 5604 iaeiam
1484 5548 1649 5606 voluntatem
1674 5550 1764 5607 Patris
1777 5550 1834 5629 mei

210 5629 347 5690 reficiente
361 5632 422 5690 illos
434 5652 504 5708 aquo
518 5636 677 5709 sapientia:
696 5638 793 5694 deindo
809 5656 899 5698 reruni
917 5641 995 5697 intel·
1047 5641 1137 5714 (ibid,
1151 5643 1206 5716 El).
1225 5662 1234 5694 ι
1252 5641 1318 5697 Erat
1334 5643 1432 5715 quippe
1459 5644 1486 5699 in
1511 5644 1651 5716 discipulis
1676 5644 1834 5700 obedientia
