3892 6067
202 6 273 70 1οῢ
852 0 1029 40 istra·
1103 0 1172 31 -ἰ-

201 119 341 185 Ecclesia
355 114 496 173 laboribus
509 110 591 168 etiam
605 124 676 180 quos
689 122 739 178 pro
750 104 858 177 justitia
872 103 986 160 fiberta-
1003 103 1026 160 A
1040 98 1149 154 derrtcm
1170 94 1279 153 insidiae
1301 94 1329 150 in
1342 107 1489 165 personam
1513 91 1668 150 innocentis
1683 93 1836 165 nequirent

201 213 239 271 tis
259 227 317 268 suae
331 214 491 265 constanter
515 213 544 260 ct
568 198 773 272 infatigabiliter
794 196 937 263 sustinuit,
953 194 988 250 ad
1040 190 1162 260 infigere,
1173 191 1285 243 versuto
1302 185 1346 242 usi
1357 182 1558 253 consilio,oum
1571 184 1776 242 contemtione
1790 186 1836 241 iu-

201 320 234 366 ea
245 316 307 373 quae
325 299 426 354 desunt
442 311 497 352 rron
520 293 671 365 supplenda
685 290 807 364 quidem,
823 289 872 346 sed
892 302 989 359 prose·
1040 279 1315 340 terdixerunteitam
1332 277 1498 340 catholicum
1521 293 1606 349 quarn
1620 276 1835 334 schismaticum

202 391 323 464 quenda,
335 397 429 460 utpote
441 388 504 444 risu
525 398 553 443 et
566 385 661 442 auditu
673 393 797 454 experta,
821 382 923 454 stylum
939 380 991 438 du·
1039 374 1192 444 suscipere,
1204 388 1238 428 ne
1249 371 1320 430 forte
1333 372 1410 438 dum,
1427 378 1458 425 ut
1471 369 1574 425 ossolet
1586 368 1615 426 iu
1632 368 1747 435 talibus,
1759 367 1837 424 ricto

203 482 302 547 cimus,
317 490 345 537 et
369 480 479 552 piorum
504 476 616 533 Patrum
641 476 694 547 piis
717 473 781 530 liliis
803 473 989 530 aemulandum
1039 466 1173 532 faverent,
1189 464 1302 521 victoris
1323 462 1417 519 odium
1432 461 1622 529 incurrerent;
1641 475 1678 516 ne
1694 474 1763 517 vcro
1783 458 1838 514 do-

203 573 367 646 prohitatem
380 569 575 634 describimus,
587 575 724 638 quatenus
738 565 861 622 obtinere
873 579 928 620 non
942 578 991 620 ne-
1040 555 1091 613 losi
1111 555 1203 626 potius
1218 571 1301 628 quam
1315 553 1435 611 salubris
1449 553 1557 610 consilii
1569 551 1725 623 periculum
1739 566 1839 622 smpe-
1922 627 1923 634 ἵ

203 662 394 737 gligautquod
407 662 521 719 Patrem
542 669 654 717 strenua
668 657 803 730 sagacitas
816 672 871 713 non
885 657 991 727 absque
1039 657 1114 705 ctum
1129 648 1252 716 haberet,
1265 648 1337 703 idem
1350 661 1458 718 sapere,
1470 655 1499 702 et
1508 644 1603 702 eadem
1614 643 1709 701 subire
1720 658 1789 700 eum
1803 658 1839 698 eo
1922 641 1923 664 ²

203 752 334 825 grauibus
348 750 492 808 laboribus
506 747 663 820 acquisivit.
675 745 795 803 flerictis
807 744 890 817 igitur
900 745 991 802 omui-
1041 741 1211 798 unanimiter
1222 739 1356 811 quidquid
1365 738 1466 798 exinde
1476 737 1637 808 contigisset
1647 735 1758 793 aduersi
1769 752 1841 807 spo·

204 844 258 900 hus
282 842 449 899 aduersariis
473 840 610 896 libertatis
633 838 758 895 ecclesiae
779 836 990 904 vizeliacensis,
1039 830 1205 902 panderunt.
1221 830 1292 886 Eum
1313 840 1405 888 autem
1422 828 1586 886 cluniacum
1602 828 1747 895 accedere.
1762 836 1794 884 ef
1807 828 1841 885 in

207 933 325 990 obtinuit
340 933 504 990 venerandae
516 939 544 988 et
565 946 673 1002 semper
688 930 839 987 recolenda
851 929 992 987 memorias
1040 921 1232 979 tehismsticoa
1247 920 1319 978 ferre
1333 921 1498 978 senfeniltm
1514 917 1657 991 thoewlissi
1674 918 1759 990 Ιθιθῑῑ
1773 917 1840 974 ‘⁰¹-

203 1023 416 1081 abbasPontius
429 1022 692 1095 integraedignitatis
704 1020 854 1090 fastigium,
870 1028 898 1077 et
911 1021 990 1092 quasi
1040 1011 1187 1081 mitialem,
1210 1012 1346 1070 mltffunl
1365 1010 1513 1070 flessflffllll
1536 1020 1602 1068 ΨΜ
1626 1010 1840 1080 &lim-M·

204 1127 338 1174 renovato
356 1114 420 1187 jure
442 1122 530 1170 totum
544 1114 653 1184 penitus
667 1113 785 1170 abolevit
797 1113 931 1184 quidquid
944 1128 990 1169 er·
1040 1112 1135 1175 hildi&
1145 1119 1211 1161 lem
1226 1104 1386 1162 Refflesswm
1400 1103 1571 1175 limium»
1584 1105 1632 1174 qui
1649 1112 1840 1175 WPWEU·

206 1207 280 1262 roris
301 1205 372 1261 livor
385 1203 673 1280 servilisindurerat,
695 1211 723 1259 et
742 1219 809 1275 pace
829 1205 926 1276 adepta
943 1219 992 1275 per
1041 1198 1200 1253 manitatem
1215 1195 1346 1254 hunerici
1357 1195 1430 1267 regis
1442 1197 1530 1252 tutius
1543 1197 1577 1251 ad
1590 1205 1683 1266 partes
1702 1195 1766 1253 illas
1786 1210 1840 1252 ac·

206 1295 424 1368 quinquennium
448 1295 561 1367 pacilioc
583 1294 758 1366 postmodum
779 1295 850 1351 rexit
871 1295 900 1350 in
916 1296 992 1367 virga
1041 1290 1149 1354 cedere,
1162 1297 1190 1345 ct
1202 1287 1356 1360 delegatum
1371 1286 1424 1343 sibi
1441 1288 1477 1342 ab
1490 1286 1648 1343 Alexandro
1662 1301 1839 1358 perpraeuo·
1922 1307 1923 1318 ι

205 1387 343 1459 equitans
365 1386 563 1445 monasterium
581 1402 672 1443 suum.
685 1395 693 1412 ·
1007 1438 1028 1493 B
1041 1382 1160 1438 minatus
1172 1379 1276 1451 legatos
1287 1377 1404 1449 apostoli
1416 1375 1488 1433 Petri
1499 1377 1618 1448 gladium
1627 1393 1758 1435 exercere
1768 1394 1840 1451 pos-

240 1479 294 1548 An,
314 1478 383 1534 1159
403 1479 517 1534 schisma
528 1487 648 1535 exortum
663 1480 692 1534 ia
703 1478 833 1536 Ecclesia.
848 1484 928 1535 Anno
939 1495 990 1537 au·
1044 1488 1074 1530 se
1085 1472 1239 1529 ridebatur.
1251 1470 1304 1538 filli
1316 1485 1379 1532 cum
1391 1470 1564 1537 toeettffflb
1575 1478 1604 1526 ef
1616 1471 1689 1542 tilld
1698 1469 1838 1528 lomim

207 1579 261 1626 tem
276 1569 357 1626 Verbi
373 1569 509 1626 incarnati
529 1570 678 1627 millesimo
694 1571 846 1628 centesimo
855 1572 992 1642 quinqua·
1043 1565 1227 1631 messuisset,
1243 1576 1381 1634 superque
1391 1561 1590 1618 cluniacenses
1603 1576 1708 1634 ponere
1720 1572 1839 1619 senten-

206 1661 311 1731 gesimo
331 1677 415 1730 norro,
430 1670 490 1717 orta
510 1669 562 1730 est,
576 1661 644 1732 proh
657 1661 752 1718 dolor!
766 1661 839 1719 foeda
855 1663 993 1720 dissensio
1043 1658 1109 1715 ham
1133 1656 1317 1714 anathematis
1342 1655 1512 1727 disponeret,
1536 1663 1634 1724 rogatu
1656 1653 1787 1711 haimalii
1810 1663 1840 1711 et

208 1751 236 1806 in
253 1750 375 1809 Romana
389 1751 521 1809 Ecclesia.
536 1750 646 1808 lfortuo
657 1753 759 1810 etenim
777 1754 900 1810 Adriano
910 1771 992 1826 papa,
1043 1751 1161 1806 aliorum
1179 1756 1260 1804 terra
1278 1747 1352 1803 illius
1370 1747 1525 1817 principum
1539 1745 1656 1813 distulit,
1670 1755 1699 1801 et
1721 1745 1840 1817 scripsit

208 1841 328 1912 generali
343 1841 461 1898 consilio
476 1850 505 1898 et
519 1843 667 1899 universali
681 1858 819 1902 consensu
831 1845 935 1902 efectus
950 1853 992 1901 est
1044 1838 1283 1906 Clurriaoensibus,
1307 1837 1460 1893 exhortans
1485 1844 1516 1891 ut
1538 1835 1745 1907 resipiscerent,
1761 1843 1792 1891 et
1807 1843 1840 1891 ut

209 1929 280 2000 sacri
297 1929 393 1987 scrinii
409 1931 590 1988 macellarius
616 1932 776 1991 liollandus.
803 1934 864 2002 Quo
880 1934 993 1992 bumili—
1042 1932 1240 1996 maranorum,
1254 1929 1327 1987 sicut
1340 1929 1394 1984 alia
1410 1926 1534 1984 Francia
1548 1926 1728 1994 monasteria,
1741 1927 1837 1983 susci·

210 2030 251 2076 ter
274 2030 380 2079 tantum
398 2038 469 2080 onus
492 2023 633 2095 suspicere
653 2025 856 2094 dissimulante,
881 2027 992 2083 interim
1043 2032 1156 2095 percnt;
1168 2018 1489 2093 alioquindelegatasibi
1504 2018 1667 2074 auctoritate
1681 2018 1838 2089 apostolica

208 2108 461 2172 Octavianusunus
478 2129 512 2172 ex
525 2115 714 2173 cardinalibus
727 2117 896 2188 apostolicis,
910 2121 993 2178 ctirr·
1043 2115 1207 2175 seutentiam
1233 2110 1529 2169 excommunicationis
1558 2118 1616 2165 tam
1642 2124 1729 2181 super
1758 2110 1839 2181 ipsos

209 2214 251 2260 ter
273 2213 414 2261 senatores
439 2203 521 2263 Urbis
543 2206 674 2276 nobilior,
698 2209 849 2279 apostolica
875 2204 993 2286 insignia
1043 2223 1127 2279 quam
1153 2221 1237 2277 super
1254 2220 1352 2261 omnes
1372 2203 1496 2261 fautores
1517 2219 1613 2259 eorum
1637 2202 1839 2273 ulterinspra·

208 2293 261 2350 sibi
286 2293 474 2352 fraudulenter
495 2297 647 2368 praeripuit,
663 2306 691 2354 ct
705 2297 887 2368 apostolicum
910 2301 995 2359 hono·
1044 2300 1166 2371 mulgare
1186 2313 1241 2354 non
1254 2296 1397 2364 differret3
1413 2303 1441 2352 et
1450 2294 1591 2366 assignato
1603 2294 1648 2350 die
1666 2293 1742 2364 apud
1756 2292 1840 2349 tter-

208 2400 278 2454 mm,
300 2386 370 2456 proh
390 2384 486 2444 nefasi
502 2388 645 2459 usurparit
661 2404 668 2442 :
685 2403 774 2459 neque
796 2389 888 2448 diviua
904 2408 994 2464 nequa
1044 2390 1159 2455 dunum,
1172 2403 1236 2446 cum
1250 2403 1340 2459 neque
1354 2388 1414 2457 ipse
1426 2386 1512 2442 abbas
1530 2385 1723 2441 Cluniaeensis
1734 2383 1838 2442 fraude

208 2474 329 2532 humana
340 2476 404 2549 jura
417 2479 562 2547 reveritus,
577 2487 634 2537 trcs
648 2488 755 2538 matum
769 2482 815 2540 sui
835 2484 994 2541 schismatis
1044 2482 1173 2540 detentus
1186 2497 1202 2536 a
1218 2480 1289 2548 suis,
1310 2494 1400 2551 nequo
1422 2478 1598 2551 responsales
1611 2477 1673 2546 eius
1688 2477 1836 2544 adessent3

208 2565 332 2624 fautores
346 2566 451 2625 habens
463 2568 497 2625 de
507 2577 565 2626 toto
579 2572 732 2641 apostolico
744 2574 922 2643 consistorio,
938 2576 994 2633 sci-
1043 2589 1127 2646 porro
1146 2574 1237 2631 amuli
1251 2572 1358 2630 abbatis
1371 2587 1406 2628 ex
1428 2571 1545 2628 adraso
1558 2581 1673 2635 starent,
1696 2568 1833 2625 Theobul-

208 2657 271 2713 iicet
293 2656 429 2716 ismarum
451 2657 639 2717 Tusculanum
658 2662 830 2735 episcopum,
851 2666 994 2725 etGuido
1045 2666 1098 2724 dus
1118 2666 1222 2723 scilicet
1244 2665 1321 2737 prior
1344 2662 1437 2720 Sancti
1452 2662 1562 2720 ifartini
1584 2663 1619 2719 de
1637 2661 1762 2732 damph,
1783 2661 1836 2731 qui

208 2764 271 2806 uem
283 2748 505 2821 Cremonensem,
518 2760 601 2823 atque
613 2750 749 2811 loannem
759 2754 794 2812 de
807 2755 908 2814 Sancta
919 2756 993 2815 liar·
1008 2776 1032 2841 ρ
1046 2757 1193 2831 aliquando
1213 2763 1276 2827 post
1294 2756 1421 2813 abbatem
1444 2753 1548 2825 prioris
1570 2752 1661 2810 locum
1684 2752 1713 2808 in
1734 2768 1836 2808 mona·
1922 2791 1923 2794 ,

209 2842 283 2910 tina3
298 2857 416 2914 quorum
429 2838 550 2900 ismarus
564 2851 592 2899 et
603 2841 723 2902 loannes
737 2845 906 2905 schismatici
921 2863 996 2904 mor·
1047 2850 1130 2908 sterio
1152 2847 1327 2906 cluniacensi
1350 2853 1488 2914 munerat,
1509 2854 1537 2901 et
1559 2845 1606 2901 alii
1620 2844 1713 2915 piures
1727 2843 1777 2914 qui
1793 2844 1836 2899 ri-

209 2941 264 2988 tem
290 2932 320 2989 in
344 2934 494 2991 schismate
516 2946 718 3006 praevenerunt
739 2935 775 2993 Ut
796 2946 889 2995 autem
902 2939 995 2996 ceteri
1045 2941 1181 2998 alebantur
1196 2952 1259 2996 esse
1270 2937 1359 3008 capita
1372 2936 1503 2994 Ecclesia
1516 2951 1584 3001 suae,
1598 2935 1689 3005 ipsum
1703 2935 1834 2991 abbatem

209 3024 364 3082 cardinales
391 3026 596 3084 schismaticam
622 3029 832 3100 usurpationem
858 3045 996 3103 cognore-
1046 3046 1128 3089 suum
1144 3039 1275 3100 tanquam
1296 3025 1440 3099 parricidae
1460 3025 1508 3082 filii
1532 3035 1637 3096 patrem
1656 3034 1834 3092 marites,

210 3124 286 3186 runt,
301 3118 428 3187 protinus
438 3132 502 3174 cum
514 3119 601 3176 electo
612 3134 675 3187 suo,
686 3121 842 3179 Alexandro
853 3123 995 3193 cognomi·
1045 3132 1074 3184 et
1100 3124 1209 3194 culpam
1237 3119 1395 3177 schismatis
1419 3135 1435 3177 a
1461 3133 1492 3177 se
1516 3127 1702 3185 removentes,
1731 3117 1835 3188 quippe

209 3215 286 3274 nato,
300 3218 384 3279 atque
395 3209 431 3266 ab
451 3208 605 3267 liumbaldo
618 3208 739 3267 Ostiensi
749 3211 879 3283 episcopo
894 3227 994 3270 conse·
1044 3214 1092 3288 qui
1114 3229 1145 3271 se
1162 3223 1189 3270 et
1209 3213 1358 3271 commissa
1378 3210 1432 3268 sihi
1447 3211 1614 3268 monasteria
1629 3209 1795 3280 subjectioni
1806 3219 1836 3265 et

208 3308 296 3368 crata,
311 3299 346 3355 ab
367 3297 518 3355 llrbesuat
536 3300 652 3371 egressi.
673 3299 707 3357 Et
724 3299 827 3358 factum
850 3312 893 3360 est
912 3320 995 3377 grave
1045 3305 1207 3379 protectioni
1232 3302 1362 3362 catholici
1384 3302 1532 3358 Alexandri
1558 3299 1774 3368 committerent,
1791 3301 1835 3372 ip-

208 3390 327 3448 schisma
343 3389 371 3445 in
387 3389 549 3447 occidentali
567 3389 701 3459 Ecclesia,
723 3391 885 3451 Germanico
905 3394 993 3468 impe·
1045 3401 1084 3460 sir
1097 3398 1253 3456 fauentibus
1273 3395 1414 3467 hugonem
1429 3392 1554 3449 abbatem
1569 3390 1705 3460 cluniaci,
1721 3402 1752 3449 et
1770 3406 1834 3448 om·

208 3489 301 3537 ratore
314 3479 476 3550 Octaviano,
493 3482 542 3554 qni
555 3483 645 3541 dimus
656 3492 699 3541 est
714 3483 817 3554 Victor,
835 3485 928 3545 Siculo
944 3503 995 3545 au·
1044 3506 1094 3548 ucs
1108 3487 1233 3546 subditos
1244 3495 1272 3544 et
1285 3483 1409 3542 fautores
1428 3482 1501 3539 illins
1516 3481 1624 3554 publice
1636 3481 1835 3539 excommnui-

207 3584 263 3630 tem
284 3586 348 3644 rege
372 3572 481 3630 favente
504 3574 660 3631 Alexandro
684 3574 837 3636 Catholioo.
863 3578 897 3636 Et
919 3580 996 3636 misit
1044 3581 1127 3638 cavit.

207 3663 360 3722 Alexander
374 3665 479 3735 legatos
501 3681 568 3723 suos
582 3667 610 3722 in
632 3667 759 3737 Galliam,
782 3679 810 3726 ct
834 3671 863 3726 in
887 3672 994 3730 insulas
1079 3671 1176 3727 Pontio
1198 3669 1293 3724 ahhute
1322 3665 1407 3722 Virri.
1429 3664 1483 3721 rito
1502 3664 1593 3735 fracto
1612 3664 1641 3718 ia
1663 3663 1722 3734 eius
1743 3663 1835 3718 fourr

206 3755 365 3825 briannia,
381 3758 416 3816 ad
429 3774 522 3832 regem
542 3758 713 3817 Francorum
725 3761 906 3834 heinricum,
916 3773 945 3821 ct
957 3765 993 3821 ad
1043 3764 1201 3835 subrogatur
1216 3760 1323 3816 Gsifiel.
1346 3759 1427 3814 abhus
1447 3756 1584 3812 Ponticos.
1603 3753 1721 3811 Vocatus
1743 3752 1836 3812 ferrat

206 3845 354 3906 ilenricum
374 3864 467 3922 regem
481 3850 642 3923 Angforum,
656 3861 738 3924 atque
750 3854 784 3910 ad
796 3869 906 3910 omnem
922 3856 992 3911 utri·
1043 3856 1078 3912 ad
1104 3856 1158 3912 hoo
1177 3852 1343 3924 colloquium
1368 3856 1471 3909 sanem
1490 3845 1629 3904 memoriae
1644 3844 1761 3903 Pontius
1779 3862 1835 3903 no-

205 3949 294 4006 mine
313 3934 391 4008 ‘08⁰5
410 3933 574 4003 Ecclesiam,
589 3936 716 3995 fidelissi
739 3939 918 3997 Guillelntttm
937 3939 993 3996 Pa·
1043 3954 1099 4002 ster
1120 3943 1217 4002 merito
1241 3942 1327 3998 ahbas
1351 3937 1559 4005 nominandus,
1585 3935 1752 4007 quibusdam
1778 3951 1833 3991 an-

205 4025 339 4095 piensem,
353 4037 381 4083 et
395 4025 543 4086 hrrricum
555 4026 698 4099 Pisanum,
713 4038 796 4103 atque
816 4030 943 4090 ottonem
958 4032 993 4090 de
1044 4036 1203 4104 nnenhbns,
1221 4043 1253 4090 ιιι
1272 4042 1383 4091 extruso
1401 4029 1515 4102 lingone
1537 4030 1560 4085 is
1579 4028 1748 4086 monasterio
1765 4027 1834 4084 Ciu·

206 4112 332 4172 'fulliano
354 4114 481 4176 Caruere.
503 4118 558 4187 oui
579 4128 752 4179 nauseantes
771 4121 991 4194 ltaliam,cuma
1008 4105 1166 4184 ¹'uriacensi
1187 4126 1380 4197 praeficeretur.
1415 4122 1489 4180 Sarae
1510 4121 1627 4178 batact
1642 4118 1762 4191 gloriosa
1782 4117 1835 4176 Dei

204 4204 379 4266 Elunhcensi
403 4212 572 4269 monasterio
592 4227 766 4287 nequaquam
791 4216 991 4286 reciperentur,
1042 4217 1167 4275 dilectrix
1190 4215 1277 4271 ilario
1303 4212 1482 4287 lfagdalcne,
1501 4213 1547 4272 cui
1567 4213 1682 4268 deuotus
1701 4208 1833 4265 deuotum

204 4300 313 4370 primus
322 4311 351 4359 ct
360 4303 497 4374 praecipue
512 4303 635 4360 omnium
646 4304 849 4364 Gallicanarum
860 4323 994 4379 persona·
1043 4325 1150 4380 semper
1180 4307 1344 4365 exhibuerat
1377 4304 1559 4371 famulatum,
1590 4302 1663 4357 hunc
1686 4316 1703 4356 a
1729 4300 1833 4356 mode·

204 4407 267 4448 rum
280 4395 402 4466 suscepit
411 4410 460 4453 eos
471 4396 561 4470 dignae
570 4396 710 4454 memoriae
720 4398 806 4455 abbas
817 4398 932 4456 Pontius·
944 4400 993 4456 Vi·
1042 4403 1121 4458 fabro
1149 4415 1225 4468 suo,
1253 4413 1307 4470 quo
1328 4397 1482 4454 clarissime
1503 4395 1695 4460 irradiaverat,
1716 4391 1833 4448 minime

204 4485 375 4556 zeiiacensis,
397 4490 602 4552 etcathoficam
614 4490 761 4547 orthodoxi
774 4491 924 4549 Alexandri
935 4494 993 4551 efe-
1043 4494 1122 4551 euelli
1146 4491 1274 4564 pertulit,
1307 4489 1475 4559 retinuitque
1499 4502 1563 4543 cum
1586 4484 1638 4544 sibi
1659 4485 1742 4541 ctiam
1766 4498 1833 4538 cor-

202 4577 324 4633 ctionem
356 4579 494 4637 universis
522 4582 666 4654 utriusque
689 4582 796 4640 ordinis
821 4585 992 4657 principibus
1043 4601 1121 4657 porc,
1145 4597 1263 4654 quemn
1288 4594 1373 4651 puero
1394 4578 1547 4635 enutritum
1566 4585 1594 4633 et
1615 4576 1650 4631 ab
1669 4574 1832 4645 angelorum

201 4668 417 4725 commendarit.
1045 4676 1166 4750 principe
1178 4673 1309 4729 lfichaefe
1321 4672 1373 4728 sibi
1383 4684 1556 4736 concessum,
1571 4676 1659 4724 totum
1671 4682 1704 4721 er
1723 4665 1832 4735 integro

237 4757 361 4815 Rarum
385 4759 572 4819 cluniacenses
587 4764 741 4821 Alexandro
756 4783 832 4838 popu
845 4768 990 4826 adherere.
1044 4769 1096 4827 sibi
1113 4766 1258 4823 vindicans
1281 4769 1501 4829 consecraverat,
1519 4776 1571 4815 nec
1584 4773 1665 4830 passa
1680 4764 1723 4813 est
1742 4756 1833 4811 inimi·

203 4849 993 4931 Earommsaicoruur.lgiturAlcxandroabutroqueregno
1043 4875 1107 4918 cum
1130 4855 1265 4913 libertatis
1279 4852 1396 4924 sepulcri
1412 4852 1456 4908 sui
1470 4851 1513 4907 rel
1531 4851 1565 4906 ad
1579 4851 1675 4929 horam
1690 4846 1833 4904 exsultare

203 4952 342 5012 suscepto,
353 4943 524 5013 scripserunt
536 4945 618 5017 legati
628 4946 857 5006 Cluniaccnsibus
869 4965 919 5020 pro
929 4964 993 5006 sus·
1043 4953 1078 5009 de
1094 4967 1138 5018 eo,
1154 4966 1189 5006 ne
1202 4949 1273 5005 forte
1286 4945 1443 5003 contrarius
1457 4942 1621 5014 sibimetipsi
1632 4941 1766 5005 existens,
1781 4940 1831 5011 qui

201 5035 328 5103 ceptione
338 5034 497 5092 Alexandri.
512 5036 632 5094 Praeerat
644 5052 678 5095 eo
689 5047 809 5109 tempore
818 5040 992 5098 cluniacensi
1043 5056 1093 5113 pro
1107 5039 1195 5111 patria
1209 5048 1377 5111 pugnaverat
1389 5036 1506 5109 patriam
1524 5032 1727 5106 quodammodo
1742 5046 1832 5103 eapu-
1922 5025 1923 5036 ’

202 5124 324 5182 ccclesia
331 5123 409 5199 ffugo
421 5128 542 5198 prudens
553 5131 688 5201 moribus,
703 5142 730 5189 et
740 5134 856 5204 simplet
870 5134 990 5204 ingenio.
1044 5143 1149 5206 giraret,
1166 5148 1234 5190 ncnc
1249 5133 1351 5189 malitia
1366 5131 1401 5188 de
1413 5130 1515 5187 virtute
1529 5130 1657 5186 virtutem
1671 5135 1832 5198 prosterne·

201 5213 227 5269 ls
240 5220 391 5273 conuocato
400 5233 434 5274 er
446 5221 624 5277 moretolium
637 5223 806 5293 negotiorum
817 5223 946 5293 capitulo,
958 5226 992 5280 de
1044 5234 1097 5292 ret,
1108 5233 1135 5280 et
1148 5223 1257 5297 ignavia
1268 5223 1433 5295 probitatem
1449 5221 1584 5292 probitate
1602 5219 1742 5292 dejiceret.
1755 5215 1833 5274 barr-

202 5307 374 5377 susceptione
383 5307 529 5367 Menandri
541 5311 639 5369 fratres
655 5327 720 5369 suus
730 5312 887 5379 consuluit;
906 5323 934 5369 at
950 5314 991 5370 ilii
1045 5330 1130 5385 guoro
1143 5332 1262 5386 namque
1277 5315 1417 5386 insperato
1435 5315 1573 5378 detentus,
1588 5312 1719 5369 vicesimo
1729 5317 1832 5383 quarto
1922 5345 1923 5354 ι

201 5391 293 5452 Patris
305 5396 429 5470 ffugouis
443 5418 555 5461 exosam
571 5405 703 5463 habentes
715 5404 914 5477 prelationem,
928 5421 991 5464 cum
1046 5422 1120 5465 anno
1136 5407 1319 5466 ordinationis
1342 5422 1399 5465 suae
1420 5406 1491 5464 viam
1516 5406 1652 5463 uniuersae
1676 5401 1768 5461 carnis
1785 5402 1833 5459 itr-
