3892 6067
95 256 169 315 ’169
427 255 710 315 'cottuudrnltlbit
727 256 762 313 tlt
780 253 951 314 rsltuos.
988 279 1001 292 ν
1023 252 1115 308 PARS
1133 252 1165 308 tt
1183 285 1220 298 -·
1234 253 1334 312 estu.
1355 253 1472 311 cxlttt.
1712 258 1762 316 itt

97 371 219 436 verbo,
240 370 313 441 qtrod
328 372 452 441 procedit
470 373 505 428 dc
525 387 574 428 ore
596 371 642 427 liei
676 371 767 443 (Dent.
791 386 852 436 rrrr,
881 371 917 435 ὃς
935 375 956 431 Α
972 377 1046 431 ιιιιιι,
1061 368 1126 437 quia
1142 368 1290 438 opprobria
1303 378 1331 425 et
1347 370 1491 426 maledicta
1507 369 1656 427 odientium
1670 374 1763 444 gravia

96 462 221 518 Hatria.
239 479 277 529 rr,
291 463 330 534 i).
347 484 356 516 ι
372 462 441 518 ilinc
456 464 501 520 illa
514 466 714 537 symphoniaci
728 465 804 520 ebori
816 479 918 519 canen·
970 459 1068 524 menti,
1082 460 1286 529 quiantumlibct
1300 462 1435 531 patienter
1452 463 1546 518 omnia
1566 463 1714 520 sustinenti
1736 474 1765 519 et

93 568 151 614 ιε,
170 557 207 612 in
229 557 388 626 temptione
412 559 577 614 meriensis
604 559 662 622 nuit,
677 559 723 629 qni
745 558 874 628 pertenue,
890 565 918 612 er
969 547 1110 604 sufferenti
1129 550 1310 620 cogitationes
1326 567 1401 608 nteas
1419 552 1499 622 quasi
1512 553 1659 610 cincinnos
1673 570 1760 618 meos.

96 654 317 702 amemuscst.
346 643 414 700 ilinc
429 645 475 700 illa
500 645 607 700 cantion
630 645 794 715 spiritualia,
817 644 918 715 quibas
970 638 1200 710 inlr-igidancrunt
1227 642 1311 699 veluti
1338 644 1423 714 guttis
1445 646 1569 701 noctium
1595 648 1762 702 brumalium

94 736 279 792 οιιΙιιιιιιιιι·
306 733 430 790 Ecclesia
454 734 496 789 rel
511 749 627 805 qunrpue
649 735 737 789 tidelis
755 736 858 799 aninlo,
883 734 917 789 nd
970 732 1054 789 nimis
1069 733 1221 803 gelidarum
1247 736 1384 806 nimisque
1407 737 1565 808 longarum,
1592 739 1620 793 in
1649 739 1763 809 quibus,

97 845 178 902 qnae
191 843 249 883 nos
262 827 461 895 frequentanda
482 836 613 897 prrn'oeat
635 827 782 897 Apostolus
802 827 916 881 dicens:
968 825 1032 895 quau
1042 825 1252 895 iustificationes
1266 835 1326 882 tuus
1337 811 1555 898 walerannum
1566 845 1667 884 numer
1681 830 1722 901 sui
1735 831 1764 885 ln

100 938 116 970 ι
138 916 307 988 implemini
323 915 428 987 Spiritu
443 927 541 972 surmio
558 919 702 988 morientes
716 918 918 988 uobismetipsis
969 917 1018 972 tali
1032 927 1107 972 nocte
1121 919 1237 974 rronrinr's
1251 921 1305 983 tui,·
1322 921 1377 976 buc
1400 919 1460 990 ipsa
1482 936 1537 975 nox
1551 921 1625 990 suctu
1638 932 1676 976 ιιι
1697 920 1767 977 ntidi

100 1012 136 1066 in
155 1010 281 1081 psalmis
295 1019 323 1065 et
335 1010 449 1066 causticis
463 1012 642 1081 spiritalibus,
658 1021 801 1067 cantantes
814 1012 841 1066 ln
855 1026 918 1067 eor·
969 1011 1003 1066 ad
1021 1011 1075 1066 boe
1090 1010 1177 1078 utilis,
1192 1020 1222 1066 ιιι
1242 1011 1416 1068 orationibus
1429 1022 1457 1068 ιι
1471 1012 1623 1083 gratiarnm
1645 1014 1765 1070 actioni·

99 1103 203 1158 dibus
216 1101 317 1156 restris
329 1101 446 1157 llonrino
460 1101 569 1174 (Epire.
592 1119 618 1169 v,
636 1104 679 1169 lu,
703 1103 760 1173 lb).
777 1122 786 1154 r
806 1102 918 1158 Talibus
969 1102 1022 1159 bus
1037 1104 1291 1174 magisinsistereru
1303 1104 1331 1159 in
1341 1104 1500 1173 hujusmodi
1513 1106 1656 1162 nocturnis
1667 1105 1765 1161 adrer-

102 1193 224 1265 qnippo
245 1191 390 1247 introeatur
413 1192 459 1247 ille
479 1191 647 1260 Paracletus,
670 1195 717 1264 qui
740 1194 816 1250 solus
836 1195 918 1250 unica
969 1193 1010 1250 sis
1032 1211 1116 1264 quam
1146 1196 1174 1250 iu
1198 1196 1307 1252 diurnis
1327 1197 1476 1267 prosperis.
1491 1195 1559 1254 Nam
1586 1198 1652 1269 quia
1678 1197 1765 1256 iudas

104 1284 190 1340 milri
204 1293 248 1339 est
262 1283 415 1338 consolatio
427 1284 455 1337 in
469 1284 527 1338 loco
544 1284 763 1356 percprinutionia
778 1301 854 1350 meu,
870 1286 917 1355 qni
969 1294 1050 1341 nocte
1072 1287 1202 1356 prodidit,
1228 1286 1325 1342 Petrus
1340 1289 1461 1356 negarit,
1473 1288 1521 1343 illo
1536 1290 1623 1359 tnagis
1643 1299 1765 1360 tempore

104 1376 227 1446 ejectus
242 1375 284 1444 def
297 1376 386 1445 patria
401 1376 522 1445 paradisi
536 1377 633 1432 cnsulo
645 1377 674 1431 in
690 1375 751 1431 loco
764 1378 919 1448 pcreprinu·
969 1375 1128 1432 instandum
1153 1386 1196 1434 est
1220 1378 1471 1449 orationibusque
1489 1378 1578 1449 maior
1594 1387 1636 1435 est
1653 1380 1764 1436 occasio

107 1469 202 1522 tionis
216 1482 283 1521 nrcoe
296 1481 306 1519 .·
321 1473 407 1520 totum
422 1467 548 1520 videlieet
570 1467 703 1522 mundum
719 1476 850 1538 reputans
868 1482 918 1538 pro
969 1468 1155 1538 periculorum
1176 1470 1248 1524 inter
1269 1471 1436 1526 tentationes
1461 1480 1489 1524 et
1513 1472 1706 1526 tribulationes
1733 1471 1763 1525 iu

103 1557 232 1625 exsilio,
247 1559 362 1629 quinon
380 1558 530 1626 uttrnelana,
547 1557 594 1614 sed
609 1559 731 1615 coelestin
745 1558 919 1615 solummodo
968 1570 1059 1626 noete,
1079 1579 1088 1612 ι
1107 1577 1160 1631 qua
1179 1562 1387 1632 pertransibunt
1407 1563 1501 1618 bostiae
1516 1564 1592 1618 silure
1608 1572 1764 1632 quarentes

108 1651 222 1724 gaudia
237 1650 366 1706 desidero
380 1651 523 1710 continno.
546 1651 575 1705 in
587 1665 643 1721 quo
661 1666 706 1707 me
718 1652 821 1724 iugiter
835 1666 916 1707 orer·
969 1650 1055 1706 allen
1069 1665 1161 1707 escam
1174 1652 1225 1708 sibl
1241 1651 1330 1722 (Prot.
1344 1667 1404 1717 ιιιι,
1423 1650 1481 1721 ib),
1500 1672 1509 1704 ι
1528 1661 1554 1708 ot
1570 1652 1598 1708 in
1614 1666 1668 1723 qrra
1685 1650 1764 1708 Sata·

108 1757 181 1799 cero.
199 1740 260 1796 Non
272 1741 345 1797 enim
357 1742 457 1797 sullicit
471 1742 537 1796 milri
552 1742 586 1826 ael
601 1743 655 1797 lroc
671 1743 833 1799 exercitium
846 1753 916 1800 ιιιι·
932 1721 954 1776 ⁸
968 1759 1018 1800 nas
1032 1742 1163 1814 expetirit
1182 1743 1334 1813 apostolos,
1349 1754 1379 1796 ιιι
1393 1743 1525 1799 cribraret
1547 1744 1620 1800 sicut
1641 1744 1761 1804 triticum

112 1851 174 1906 pus
197 1835 341 1896 diurnum,
362 1833 421 1888 sire
443 1834 506 1889 luce
525 1834 591 1889 solis
624 1834 652 1888 in
677 1843 839 1904 potestatem
863 1837 917 1892 diei
968 1833 1045 1904 (bue.
1061 1851 1129 1900 ιιιι,
1142 1835 1199 1902 ol).
1217 1833 1381 1904 derigitur
1399 1834 1592 1903 nonfurtum
1609 1834 1763 1899 nrild,sab·

110 1927 221 1995 creati,
231 1928 290 1983 sinu
306 1928 365 1982 luce
375 1926 567 1998 prosperitatis
578 1928 725 1984 arridentis
738 1929 916 1997 illustratum,
968 1928 1032 1984 aedi
1048 1947 1055 1983 :
1071 1928 1159 1992 ιιιίιιι,
1173 1929 1238 1999 quia
1253 1926 1326 1998 quod
1342 1942 1442 1981 memor
1453 1926 1495 1996 tui
1509 1936 1584 1980 nocte
1597 1928 1712 1981 rrouirrr'r
1722 1930 1762 1982 tui

112 2020 170 2077 ord
181 2020 296 2090 insuper
967 2034 992 2077 et
1006 2021 1137 2077 cuurdiri
1150 2020 1232 2092 upum
1245 2029 1329 2083 tuum,
1342 2033 1396 2074 uon
1408 2034 1457 2089 per·
1466 2034 1510 2074 nte
1524 2018 1587 2085 leci,
1599 2019 1647 2074 sed
1659 2019 1763 2076 laetum

155 2109 243 2167 icus.
258 2111 304 2166 55.
324 2110 425 2166 llernor
438 2111 479 2181 (ui
495 2122 571 2165 nocte
592 2112 708 2166 rtonrinir
724 2113 775 2179 tui,
793 2111 917 2179 floreius,
967 2122 1011 2168 ost
1032 2111 1099 2166 mitt
1125 2120 1193 2176 ate,
1214 2110 1278 2180 quia
1297 2108 1506 2179 justificationes
1529 2119 1601 2176 ιιιιι,
1615 2124 1670 2164 nou
1687 2125 1765 2172 uncas

114 2201 264 2275 uigilando
276 2211 304 2257 et
313 2202 494 2259 custodiernlo
510 2204 614 2275 ciuilius
628 2205 715 2260 noctis
729 2206 856 2275 exenrplo
870 2222 919 2275 pa·
968 2204 1098 2273 crqrdsiui
1111 2202 1287 2258 attribuendo
1300 2218 1355 2256 raon
1371 2202 1450 2267 rutilii,
1474 2202 1521 2257 sed
1535 2202 1597 2270 tibi,
1610 2219 1672 2273 quae
1690 2204 1764 2274 juste

115 2308 232 2353 stonum
247 2304 341 2352 eontra
358 2297 437 2366 lupus
451 2307 477 2352 ct
488 2294 563 2352 iures
573 2296 745 2367 uigilantium
760 2311 843 2367 snper
856 2311 918 2367 gre·
969 2296 1099 2367 eogitari,
1110 2295 1178 2361 diui,
1189 2306 1216 2351 et
1228 2294 1291 2349 leri.

117 2407 184 2463 genn
200 2404 280 2445 snum
297 2388 388 2455 liourr.
416 2405 443 2454 s,
467 2388 523 2459 li),
546 2389 589 2444 rel
602 2389 728 2459 exemplo
747 2388 812 2443 boni
833 2387 919 2458 patris
1327 2403 1409 2442 usin.

118 2483 245 2539 inrnilias
262 2481 398 2553 rigIlantis
419 2490 446 2537 et
462 2496 517 2536 rrou
543 2481 660 2537 sinentis
685 2496 700 2535 a
727 2479 788 2535 iure
811 2479 918 2550 periodi
1006 2483 1187 2551 Pontianum,
1204 2482 1370 2539 nominoio
1388 2492 1484 2539 octana
1498 2483 1600 2551 littera,
1615 2482 1695 2553 cuius
1714 2498 1765 2538 ne·

119 2579 237 2632 domum
263 2591 342 2630 suam
359 2573 435 2642 (buc.
458 2589 509 2640 un,
532 2572 919 2644 oot3m1mcmpt0sneuut
970 2591 1033 2631 men
1056 2586 1099 2630 est
1121 2593 1212 2642 ueni,
1233 2576 1307 2646 qrrod
1328 2576 1524 2645 interpretatur
1545 2576 1611 2641 uita,
1633 2575 1765 2646 queritur

121 2670 221 2725 militis
236 2668 368 2724 excubias
383 2667 410 2721 in
422 2666 521 2722 castris
532 2666 721 2733 obseruantis3
736 2668 778 2720 rel
793 2666 919 2735 exenrplo
970 2684 1019 2738 per
1035 2678 1098 2724 octo
1113 2684 1211 2725 uersus
1235 2669 1286 2724 boc
1308 2668 1398 2725 littera
1424 2668 1586 2738 incipientes
1606 2668 1677 2724 risio
1704 2666 1763 2733 liei,

121 2760 238 2832 uigilum
254 2759 467 2814 custodientium
481 2757 637 2823 ciuitatem3
653 2757 695 2811 rel
708 2756 833 2826 exemplo
849 2755 919 2812 dile·
969 2776 1053 2831 quern
1068 2761 1161 2815 ridere
1181 2776 1216 2815 ae
1239 2775 1321 2816 nosse
1347 2769 1390 2815 est
1413 2760 1515 2826 rmore,
1533 2761 1577 2814 cui
1598 2759 1666 2815 dicit
1677 2759 1765 2815 tidelis

123 2861 177 2909 ctae
189 2852 319 2908 dilectnm
332 2852 481 2922 qrraerentis
493 2865 543 2921 per
556 2858 675 2908 noctem,
688 2849 778 2918 primo
793 2847 819 2902 in
834 2848 919 2902 lectur·
969 2854 1115 2910 psalmista
1133 2872 1140 2908 :

124 2945 163 3010 lo,
177 2942 276 2998 deinde
288 2944 314 2996 in
325 2940 551 3012 pluteisciritatis
562 2938 653 3010 (Cant.
671 2955 711 3004 ιιι,
728 2940 767 3008 5).
781 2938 919 2993 llnltotics
1007 2944 1091 3001 tuns.
1108 2945 1153 3001 5¹1.
1163 2944 1262 2999 ,Ροηιο
1278 2961 1346 3009 uren,
1362 2943 1483 3011 bomine,
1498 2945 1540 3000 ret
1555 2944 1629 3000 sieut
1655 2944 1684 2998 in
1698 2942 1764 3010 tle.-

125 3038 199 3093 lrauc
224 3035 357 3092 imitando
382 3037 408 3090 in
428 3034 528 3090 lectulo
543 3034 577 3088 ad
593 3033 711 3088 litteram
730 3029 917 3104 vigilarium,
933 3071 954 3129 c
970 3038 1045 3094 nraeo
1067 3037 1167 3108 tegitur
1182 3056 1190 3091 ι
1208 3036 1278 3091 Pars
1302 3052 1370 3100 rrreu,
1398 3035 1521 3100 bunius,
1534 3035 1699 3091 subauditur
1713 3054 1720 3089 :
1734 3045 1765 3091 te

125 3128 200 3199 qnod
223 3125 322 3182 melius
345 3132 414 3192 erat,
438 3123 465 3179 in
480 3124 580 3179 lectulo
601 3123 776 3179 consocientur
790 3135 917 3179 somnum
969 3149 1009 3198 a,
1022 3129 1086 3202 quia
1101 3144 1153 3202 ego
1166 3139 1295 3200 tanquam
1309 3143 1393 3183 serus
1416 3128 1497 3183 levita
1521 3136 1626 3198 partem
1642 3128 1684 3182 rel
1698 3141 1763 3197 por.

126 3219 230 3294 pcccati
243 3217 378 3287 abdicari,
393 3233 427 3274 ae
439 3216 538 3273 deinde
549 3215 705 3272 manifestis
714 3215 917 3271 nocturnalium
970 3223 1073 3278 tionem
1090 3230 1206 3276 terreum
1223 3219 1391 3275 remittatis
1404 3220 1507 3275 babere
1524 3219 1591 3275 noto
1608 3219 1687 3274 alim
1702 3233 1764 3275 ger.

126 3314 297 3384 psalmorum
312 3321 340 3367 et
354 3309 557 3366 matutinalium
574 3309 684 3364 lauduni
703 3308 796 3363 uacari
813 3307 916 3363 exerui·
971 3314 1048 3369 viniis
1061 3322 1089 3368 et
1104 3312 1138 3367 de
1149 3310 1229 3367 attam
1242 3311 1350 3377 nivens,
1369 3310 1494 3366 habendo
1508 3310 1608 3366 exinde
1618 3310 1722 3366 nictum
1736 3319 1765 3366 et

127 3405 184 3470 tiis.
200 3419 314 3474 corpore
328 3403 456 3459 simulac
470 3410 561 3458 mente
575 3402 690 3458 studens
705 3401 806 3456 talibus
821 3400 920 3469 inuigi-
969 3405 1110 3469 restitum,
1133 3404 1177 3459 bis
1199 3412 1346 3459 emrtorsus
1368 3417 1476 3458 memor
1486 3417 1535 3459 ero
1551 3403 1692 3467 witerbi,
1715 3402 1763 3471 qui

125 3498 194 3564 lare,
217 3512 317 3551 memor
336 3496 363 3550 in
382 3496 434 3551 boc
446 3495 561 3549 nontinir
576 3494 626 3561 tui,
642 3494 764 3560 Donrine,
778 3492 919 3564 plor-lando
969 3496 1041 3552 dieis
1054 3497 1082 3551 in
1093 3496 1152 3567 lege
1169 3514 1204 3550 :a
1218 3494 1297 3551 Funis
1310 3494 1376 3550 Leni
1398 3509 1453 3550 non
1473 3494 1553 3550 dabis
1578 3494 1763 3550 Ιιιιιιάἰιιιιιιι

126 3588 252 3645 uidelicet
275 3587 304 3643 in
330 3596 377 3642 tuo
400 3586 521 3652 nornine,
540 3585 617 3641 uerbi
635 3586 733 3657 gratia,
752 3584 877 3654 cogitans
892 3590 920 3638 ot
971 3587 1068 3658 (Num.
1093 3603 1173 3653 ιιιιι,
1197 3586 1256 3656 ab).
1281 3604 1291 3639 r
1312 3604 1322 3639 r
1342 3585 1400 3657 Ego
1422 3602 1470 3643 ero
1494 3585 1640 3641 baereditas
1667 3600 1763 3641 currem

128 3682 222 3739 dicens
238 3678 349 3736 assidue
364 3676 458 3734 Gloria
472 3677 548 3732 Patri
560 3688 585 3732 ιι
600 3675 674 3731 bitte
689 3686 714 3730 ιι
727 3674 843 3743 Spiritui
854 3691 919 3730 surr·
971 3680 1062 3752 (beer.
1075 3695 1154 3745 xenii,
1164 3679 1208 3748 ι).
1223 3699 1235 3732 ι
1249 3679 1347 3750 ilagna
1363 3680 1524 3742 beneditus,
1550 3694 1650 3750 magna
1665 3679 1764 3748 portio,

128 3785 181 3829 ero.
204 3771 232 3827 ln
256 3780 331 3826 nocte
352 3785 463 3841 qrroqne
490 3769 664 3825 aduersitatis
688 3766 919 3822 irrraleseentibus
971 3788 1070 3843 niagno
1086 3787 1149 3843 pura
1164 3772 1242 3826 illum
1254 3770 1399 3842 contingit,
1416 3771 1463 3842 qni
1478 3785 1535 3826 sen
1551 3769 1633 3826 Patre
1650 3786 1705 3826 non
1719 3769 1764 3825 di-

129 3874 223 3922 contra
234 3881 277 3921 nte
289 3863 471 3936 peccatoribus
484 3859 725 3933 derelinquentibus
738 3859 821 3929 lenem
832 3869 918 3927 tuum,
968 3863 1049 3928 uidit,
1066 3862 1110 3917 cui
1123 3871 1163 3927 ιιι,
1177 3859 1269 3927 Pater,
1279 3861 1369 3916 ibris:
1390 3880 1400 3913 ι
1414 3859 1481 3925 titt,
1494 3869 1522 3916 ιιι
1534 3875 1645 3930 semper
1655 3875 1763 3916 urceum

129 3960 200 4015 iuter
224 3973 293 4029 quos
315 3956 428 4028 desectio
452 3954 522 4010 lucis
547 3953 631 4007 terruit
658 3967 698 4005 rue
722 3947 918 4007 cireumiusnru
970 3971 1012 4022 ns,
1025 3955 1290 4011 etomniarneataa
1305 3955 1386 4010 suntl
1405 3973 1415 4006 r
1434 3952 1570 4023 (duc..xr,
1581 3954 1640 4026 51.)
1656 3953 1764 4025 lingna,

130 4049 224 4124 mandi
249 4050 363 4105 horrore
386 4047 574 4110 tenebrarum,
595 4057 685 4116 sepe,
710 4044 767 4098 iuro
792 4040 920 4099 continue
971 4046 1095 4115 inquam,
1111 4046 1198 4113 portio
1219 4044 1281 4101 talis
1294 4044 1356 4112 ulti,
1373 4044 1396 4101 si
1417 4053 1551 4100 tamense
1566 4061 1621 4100 uon
1636 4044 1764 4100 dividite

131 4157 228 4197 memor
238 4142 279 4213 sui
293 4140 410 4196 leontinis
422 4139 473 4207 tui,
490 4138 612 4204 Dorium,
635 4145 662 4192 tc
681 4133 834 4191 invocando
845 4132 920 4202 jugi·
971 4145 1048 4207 patre
1060 4134 1158 4191 abiens
1169 4136 1197 4190 in
1208 4137 1349 4206 regionem
1360 4136 1554 4205 longinquam!
1570 4134 1624 4201 Qui
1634 4135 1708 4190 enlin
1723 4135 1764 4189 sie

131 4243 173 4289 ter
193 4234 276 4290 corde
303 4232 437 4305 perlecto,
462 4230 620 4302 frequenter
640 4243 699 4298 ore,
722 4227 794 4283 siout
818 4224 921 4294 tuipse
971 4228 1049 4284 abire
1062 4226 1148 4297 cupit,
1164 4226 1210 4282 ille
1221 4226 1297 4281 Patri
1314 4225 1403 4281 dicit:
1422 4224 1489 4280 sila
1506 4223 1575 4280 mibi
1596 4223 1764 4293 portionem,

133 4327 270 4395 monuisti,
286 4328 380 4383 dicens
396 4345 403 4383 ι
423 4345 432 4377 ι
448 4325 547 4381 invoca
559 4339 603 4380 me
617 4325 645 4378 in
659 4322 705 4378 dle
716 4319 918 4377 tribulationis:
957 4335 1034 4391 ‘quar
1041 4317 1763 4391 mecontingit(ibid,12),rsuaqueportioueacocptu

133 4433 223 4475 eruam
248 4428 274 4474 te
298 4427 326 4474 et
348 4413 542 4497 horroribeabis
565 4402 615 4470 me*
639 4412 726 4486 (Pani.
747 4429 821 4477 xcix,
835 4410 891 4481 t5).
906 4429 915 4462 ι
934 4413 1059 4483 blngem
1073 4409 1225 4481 discipline
1246 4409 1396 4479 postponit
1413 4406 1471 4480 ligo
1485 4417 1578 4463 annm
1593 4406 1656 4462 dico
1671 4424 1679 4462 ι
1694 4405 1764 4460 Por·

134 4510 193 4568 bles
215 4509 400 4567 tribulationis
426 4511 485 4580 ipsa
508 4517 551 4566 est
573 4524 629 4564 non
653 4506 836 4574 adversitatis,
860 4505 920 4560 dics
972 4506 1009 4559 tio
1029 4519 1099 4569 meu,
1123 4501 1234 4557 llonrine
1248 4514 1258 4555 .·
1271 4500 1331 4555 diui
1348 4501 1482 4557 cutodirc
1497 4499 1581 4569 ιιιειιι
1602 4506 1687 4554 tuum.
1708 4496 1764 4552 Lot

134 4613 254 4676 prompto
268 4602 388 4673 spiritui,
403 4617 458 4657 nor
480 4601 595 4656 inllrmae
610 4598 686 4656 carni
704 4618 711 4653 :
726 4600 769 4654 rel
786 4599 849 4669 quia
863 4597 921 4653 lraec
972 4603 1019 4648 tur
1034 4591 1269 4648 interdicitdcritis
1284 4590 1467 4646 nereditatem
1486 4599 1628 4653 terrenum,
1644 4600 1762 4656 quorum

136 4712 184 4754 nor
196 4706 226 4753 nt
236 4695 297 4752 dies
310 4695 492 4760 illuminatur,
508 4693 565 4763 ipsa
577 4707 631 4747 nox
641 4690 826 4771 tribulationis
837 4690 919 4745 ctiam
971 4685 1059 4755 portio
1073 4692 1101 4738 et
1113 4682 1259 4740 baereditas
1274 4681 1332 4737 sire
1343 4695 1406 4750 porr
1420 4688 1451 4734 tu
1463 4678 1522 4749 ipse
1532 4678 1655 4749 dignaris
1667 4676 1721 4733 dici
1737 4685 1764 4734 ct

78 4837 84 4848 .
136 4791 188 4848 dies
201 4787 339 4845 nominari
354 4793 453 4858 potest,
478 4801 532 4840 nox
553 4784 581 4839 in
598 4783 774 4839 tribulatione
794 4781 921 4852 patienti·
971 4791 1033 4832 csse
1049 4774 1325 4845 proritendomrum
1338 4770 1421 4827 ricini
1445 4770 1480 4826 tle
1491 4769 1620 4840 primitiis
1645 4767 1764 4826 aedeci-

137 4885 193 4951 ιιι,
207 4885 265 4940 ntes
280 4892 371 4937 autem
381 4895 429 4951 spe
443 4878 635 4951 gaudentibus.
971 4868 1026 4924 mis
1041 4868 1090 4923 tibi
1113 4867 1222 4923 uitiatis.
1236 4864 1345 4931 Quibus
1368 4863 1445 4934 bene,
1461 4871 1569 4920 utentes
1587 4860 1686 4920 levitas
1699 4876 1763 4917 eum

166 4975 247 5032 Vens.
266 4973 389 5030 iulius
406 4989 458 5028 non
475 4968 691 5042 sectaremini,
711 4965 918 5038 puiujuatilicu·
971 4960 1036 5015 liliis
1059 4961 1151 5014 Aaron
1175 4957 1295 5013 ltbumar
1304 4964 1335 5011 et
1357 4954 1490 5011 Eleazaro
1510 4955 1617 5012 coelesti
1638 4953 1765 5012 mercede

139 5071 212 5126 tiones
228 5080 289 5123 tuos
303 5067 444 5138 exquisivi,
468 5067 526 5119 sire
552 5071 583 5118 ut
608 5062 636 5116 in
663 5058 778 5115 llebraeo
799 5058 919 5129 legitur:
971 5067 1148 5118 remrrneras3
1162 5051 1306 5106 abutentes
1324 5063 1389 5106 vero
1402 5064 1465 5105 eunt
1480 5048 1544 5104 filiis
1559 5046 1618 5103 ileli
1633 5045 1764 5104 sacerdu-

139 5160 269 5217 custodivi.
286 5157 465 5231 Neqneenim
479 5156 547 5211 mibi
560 5154 613 5210 ulia
628 5152 774 5209 lnitcuusa
793 5165 921 5220 persecu·
953 5186 955 5191 ι
972 5146 1008 5201 tis
1021 5147 1056 5200 de
1071 5143 1129 5200 Silo
1148 5149 1325 5200 condemnas.
1346 5141 1428 5214 begis
1441 5156 1507 5214 ergo
1528 5150 1582 5198 tue
1596 5140 1624 5196 iu
1648 5139 1700 5194 boc
1720 5148 1764 5194 ost

142 5253 214 5308 donis
230 5252 282 5308 nisi
301 5250 450 5323 exquisitio
464 5259 492 5305 ιι
508 5245 634 5305 custodia
649 5255 702 5300 tua>
717 5245 796 5314 legis,
809 5251 920 5312 propter
971 5236 1097 5293 custodia
1109 5236 1236 5303 tenenda,
1248 5249 1278 5292 ut
1290 5235 1371 5306 eujus
1381 5243 1409 5290 tu
1421 5235 1520 5304 portio,
1531 5247 1606 5303 pura,
1618 5229 1764 5288 baereditas

141 5359 214 5416 quarn
226 5344 289 5415 quia
301 5343 426 5415 displicui
437 5339 618 5414 peccatoribus
631 5335 871 5406 derelinquentibus
883 5334 920 5389 ie·
971 5349 1034 5390 esse
1048 5330 1188 5402 dignaris„
1198 5330 1255 5400 ipse
1280 5344 1391 5399 quoque
1414 5337 1461 5382 tua
1478 5326 1521 5381 sit
1542 5322 1699 5387 tenuitas,
1716 5329 1762 5376 tua

140 5447 189 5510 ucat
204 5446 286 5492 tuum.
308 5435 367 5491 Nox
380 5435 448 5489 mibi
461 5433 512 5489 luit
526 5434 584 5504 ipsa
597 5428 798 5487 commanentia
812 5426 919 5494 taliuru,
971 5428 1071 5499 portio,
1093 5435 1140 5481 tua
1162 5439 1238 5494 pars,
1261 5420 1444 5491 marteipando
1464 5418 1594 5475 uidelicet
1616 5432 1647 5474 se
1674 5424 1761 5471 totum

140 5529 232 5602 quibus
257 5546 301 5585 ure
333 5528 490 5584 odientibus
513 5525 637 5594 mihique
663 5520 870 5578 detrnlreutibns
893 5529 922 5576 et
971 5520 1027 5576 tuis
1040 5519 1183 5589 obsequiis
1207 5516 1333 5586 exemplo
1358 5515 1478 5569 tiliorum
1503 5512 1580 5580 Leni,
1601 5510 1635 5566 de
1662 5508 1762 5580 qrribus

140 5624 215 5680 nrultu.
231 5622 323 5693 grania
338 5619 519 5676 inserentibus
531 5625 612 5688 enput
627 5631 718 5670 meum
733 5614 842 5684 plenum
858 5626 921 5668 rore
971 5611 1029 5668 ileo
1043 5627 1059 5666 a
1073 5609 1165 5683 lloyse
1175 5609 1278 5666 dietum
1293 5617 1352 5663 est:
1368 5625 1377 5658 ι
1394 5603 1527 5661 Perfectio
1541 5613 1587 5659 tua
1599 5603 1761 5659 etdoctrrna

141 5730 266 5774 rroeturno
284 5724 310 5770 et
327 5713 447 5770 cincinni
460 5713 512 5769 mei
525 5712 614 5783 plenis
628 5712 711 5782 geritis
725 5707 845 5764 noctium
862 5705 921 5761 lnc-
972 5714 1019 5761 tua
1035 5704 1094 5760 niro
1109 5713 1205 5760 sancto
1218 5712 1276 5768 tuo,
1289 5715 1371 5771 utrem
1383 5698 1504 5769 prolusti
1519 5698 1546 5752 in
1562 5693 1721 5760 tentatione,
1734 5701 1761 5754 et
