3892 6067
186 229 241 288 ess
698 217 851 280 censoru
868 218 1064 280 eneruem
1079 217 1353 278 nercususesnu.
1527 203 1538 216 ’“
1763 221 1822 279 sss

187 343 235 398 rel
256 341 328 415 muts
370 338 423 397 Per
450 337 516 411 quid
544 341 724 410 queremus?
754 337 808 396 Pet
837 336 974 394 mirabilia
989 331 1414 405 Acumjurameotopromissae]
1436 330 1597 402 pertinentis
1614 343 1650 386 ott
1682 331 1773 401 ltere,
1788 332 1823 390 id

187 431 258 503 elus.
1026 434 1069 481 εει
1095 424 1129 480 ad
1150 423 1297 495 legitimos,
1312 437 1366 479 non
1383 421 1416 478 ad
1428 421 1498 479 tilios
1511 421 1681 479 eoneubrnae.

225 522 307 579 vrrs.
323 521 351 578 5.
366 519 524 577 Mementote
546 522 710 577 mirabilium
732 521 801 593 ejus,
824 536 884 594 pute
901 520 975 591 iecit.
1063 517 1147 575 i'erts.
1161 518 1205 574 lb.
1220 517 1256 574 Ει
1277 517 1372 573 statuit
1386 515 1454 572 ittet
1469 524 1665 574 testamentum.
1686 515 1824 572 Cuiila-

188 612 336 683 Hucusque
352 600 471 683 Spiritus
486 624 599 670 sanctus
621 615 715 670 ildeles
740 615 768 670 in
792 613 976 670 laudationem
1028 610 1217 680 submittens
1239 611 1267 666 iu
1289 619 1458 681 preceptum,
1473 609 1555 666 idest
1585 609 1637 666 sub
1660 610 1822 667 conditione

188 702 251 758 alte
264 694 421 759 birinitatis
433 703 579 760 accendit:
596 704 650 774 iam
669 703 798 775 deinceps
821 713 977 774 temperans
1027 702 1102 758 dedit
1113 710 1327 758 testamentum:
1348 701 1370 757 si
1385 708 1520 772 presepia
1539 715 1600 757 mea
1610 702 1773 769 servaveris,
1786 702 1824 757 il·

187 811 219 851 se
232 794 348 852 intirmls
360 795 461 853 animis
475 811 523 866 per
533 796 644 868 eapaeie
666 795 747 852 rerba
769 793 975 852 condescendit.
1028 793 1082 848 laur
1098 793 1283 850 haereditatem
1298 791 1347 847 tibi
1371 791 1453 847 dabo.
1482 787 1517 845 m
1534 791 1629 847 statuit
1649 790 1720 846 illud
1736 801 1823 847 testa-

188 886 259 954 Quia
273 896 400 943 naturam
411 885 526 943 Deitatis
537 902 661 958 querere
673 903 729 942 nou
747 886 880 954 sufficitis,
897 885 979 943 tacite
1028 894 1155 940 mentum.
1169 884 1240 941 Cuii
1257 882 1354 951 lsrael,
1367 883 1482 949 ducens,
1498 882 1719 950 intertrimentum
1739 894 1823 938 reter-

188 977 285 1035 saltem
305 977 378 1048 quod
396 978 521 1048 potestis,
542 987 697 1033 mementote
722 975 885 1033 miratriiium
909 976 977 1047 ejus,
1029 992 1102 1043 num,
1114 976 1203 1042 idest,
1218 977 1245 1030 in
1257 977 1394 1032 coelestem
1414 974 1610 1031 hoereditatem.
1623 973 1822 1030 Testamentum

188 1068 894 1142 queiceitiuse,quodnatusestdevirgine,quod
906 1083 979 1124 mor·
1029 1064 1064 1119 eti
1077 1065 1212 1120 Abraham
1223 1073 1303 1122 erat:
1333 1065 1461 1122 «Semini
1475 1075 1523 1121 tuo
1541 1064 1612 1121 dubo
1632 1073 1732 1121 terrum
1746 1067 1824 1120 hanc

189 1170 254 1218 tuus
269 1160 438 1228 resurrexim
469 1168 497 1217 ει
522 1161 653 1217 attendite
667 1160 790 1231 prodigia
800 1174 861 1231 quse
873 1158 938 1214 iecit
950 1157 978 1213 iu
1030 1154 1108 1227 (Gen.
1128 1158 1228 1229 stul).
1247 1177 1257 1211 r
1273 1157 1509 1212 duramerrtumed
1525 1154 1686 1221 lreeeerat,
1707 1157 1823 1228 quando

189 1252 261 1319 aliis,
277 1252 432 1324 quedilios
445 1251 528 1309 isreel
542 1252 637 1307 eduxit
652 1251 790 1331 perimere
804 1247 981 1316 liubrttm,et
1029 1264 1092 1303 eum
1108 1257 1186 1320 peter
1196 1248 1295 1306 obtulit
1310 1267 1317 1304 :
1334 1268 1343 1300 ι
1360 1247 1413 1303 Ρεε
1437 1247 1627 1319 memetipsum
1639 1247 1739 1318 jurari,
1752 1247 1824 1303 dicit

189 1345 265 1413 talia,
279 1352 305 1400 et
320 1343 450 1401 attendite
460 1344 565 1413 judicie
579 1345 635 1399 oris
656 1344 724 1414 ejus,
748 1342 775 1399 id
789 1352 831 1399 εει
845 1351 978 1413 precepta
1031 1341 1165 1397 Dominus
1180 1359 1187 1395 :
1206 1339 1270 1410 quia
1283 1337 1371 1394 iecisti
1385 1338 1456 1392 hanc
1471 1352 1540 1405 rem,
1564 1343 1592 1391 ει
1606 1352 1660 1393 non
1673 1337 1822 1408 pepercisti

189 1446 251 1504 que
269 1448 323 1489 uon
341 1432 449 1504 impleta
464 1431 605 1497 damnant,
620 1440 647 1487 et
657 1432 781 1503 judicent
794 1447 902 1499 omnes,
919 1448 980 1503 pute
1031 1433 1088 1488 tilio
1099 1430 1325 1499 tuo,benedieum
1351 1427 1411 1494 tibi,
1427 1436 1455 1483 et
1468 1427 1496 1482 in
1517 1428 1621 1483 semine
1638 1436 1685 1482 tuo
1708 1427 1825 1483 benedi·

190 1520 299 1577 locutus
313 1529 356 1577 est
369 1535 417 1577 ore
429 1536 491 1578 suo.
507 1519 555 1576 llel
578 1520 694 1590 judicie,
716 1521 744 1577 id
767 1530 810 1577 εει
834 1529 979 1593 precepta,
1030 1535 1128 1583 centur
1142 1538 1240 1580 omnes
1266 1529 1361 1592 gentes
1382 1518 1459 1592 (Gen.
1475 1534 1544 1586 xxtr,
1567 1517 1611 1585 ts,
1628 1517 1673 1585 li,
1692 1526 1719 1572 et
1731 1516 1787 1583 ts).
1808 1535 1820 1571 r

189 1628 252 1683 quae
270 1613 376 1685 judicat
396 1614 467 1672 lieri.
490 1613 664 1683 Mementote,
691 1615 816 1687 iuquam.
843 1629 902 1682 ros,
931 1613 980 1684 qui
1032 1613 1163 1670 Similiter
1179 1610 1410 1680 lsuuedixitpost
1425 1617 1539 1664 mortem
1554 1607 1695 1663 Abrahae:
1718 1616 1823 1662 terram

189 1704 257 1761 estis
995 1681 1016 1735 Β
1031 1704 1112 1770 lianc,
1126 1717 1207 1772 quam
1223 1699 1338 1771 promisi
1361 1697 1500 1755 stratum
1513 1698 1651 1770 patrituo,
1675 1698 1746 1753 debu
1761 1698 1823 1765 tibi,

226 1792 310 1851 Vens.
325 1797 353 1852 ti.
366 1796 604 1852 Semeudbrelmm
621 1797 689 1852 serui
698 1797 765 1868 ejus,
780 1795 806 1851 id
823 1805 866 1852 est
886 1791 979 1851 imita·
1031 1805 1057 1852 et
1069 1796 1097 1850 in
1108 1793 1211 1851 semine
1221 1802 1268 1849 tuo
1279 1791 1473 1848 benedicentur
1487 1805 1583 1846 omnes
1593 1798 1696 1860 gentes.
1713 1789 1817 1847 Eodem

191 1886 468 1944 toresbtlcihbrebse
492 1887 520 1943 iu
543 1889 673 1959 operibus
692 1889 764 1944 serti
793 1886 980 1958 hominidei
1032 1885 1113 1943 modo
1128 1883 1196 1941 dixit
1209 1882 1314 1939 Jacob:
1329 1881 1415 1950 Hanc,
1431 1896 1514 1952 quam
1535 1880 1747 1952 pollicitussum
1767 1896 1822 1936 ato

191 1977 303 2033 creditis
319 1976 432 2046 iactum,
449 1979 521 2049 quod
546 1979 592 2034 ille
619 1979 909 2046 erediditventurum;
932 1980 980 2051 qui
1031 1987 1078 2034 tuo
1104 1976 1253 2043 hbrabum,
1267 1975 1339 2032 dabo
1361 1974 1420 2038 tibi,
1447 1981 1475 2028 et
1498 1972 1527 2026 iu
1549 1971 1654 2028 semine
1669 1981 1717 2027 tuo
1738 1972 1825 2028 bene-

192 2064 303 2120 creditis
313 2065 412 2123 salvari
423 2082 472 2138 per
483 2067 635 2135 Christum,
653 2068 679 2124 id
708 2078 751 2125 est
776 2084 824 2139 per
843 2069 977 2125 imitatio·
1030 2067 1156 2123 dioeutur
1169 2074 1380 2137 omnesgentes.
1396 2062 1454 2120 llos
1468 2070 1654 2117 uelamentum
1670 2063 1698 2116 iu
1719 2078 1821 2132 prese·

193 2153 380 2224 nemChristi,
395 2159 468 2230 qrrod
497 2159 555 2231 ipse
575 2161 705 2227 eredidit;
719 2161 767 2232 qui
779 2160 889 2218 creditis
903 2162 981 2219 robis
1031 2167 1106 2229 ptum
1118 2157 1218 2228 poerit,
1238 2156 1304 2213 dum
1319 2155 1359 2211 illi
1374 2155 1475 2227 populo
1500 2155 1587 2227 legem
1602 2154 1686 2221 dedit,
1703 2171 1786 2226 quarn
1799 2156 1826 2211 εἰ

193 2248 254 2303 dari
270 2257 400 2305 aeteruum
418 2250 615 2317 hereditatem,
644 2254 715 2310 sieut
738 2253 784 2310 ille
812 2254 938 2319 eredidit,
953 2262 982 2310 et
1032 2256 1182 2316 servarent,
1193 2247 1357 2320 promissam
1375 2246 1500 2317 patribus
1517 2254 1619 2301 terram
1634 2245 1675 2301 eis
1690 2246 1784 2313 darem
1799 2247 1825 2302 si

193 2339 243 2408 nui
255 2340 322 2397 estis
335 2339 387 2410 filii
397 2339 537 2408 leceb,ld
550 2350 592 2400 est
608 2343 658 2399 lilii
671 2344 814 2401 luctatoris
830 2360 878 2416 per
892 2345 983 2401 imita·
1032 2357 1088 2398 uon
1101 2350 1252 2411 servarent,
1263 2342 1302 2398 nil
1316 2341 1358 2398 eis
1384 2341 1474 2398 daret.
1491 2339 1525 2397 Et
1539 2339 1635 2396 statuit
1658 2337 1725 2394 illud
1738 2337 1827 2394 lsrael

123 2495 128 2504 ¹
195 2430 307 2496 tionem,
318 2432 366 2501 qui
377 2431 559 2505 primogenita
580 2435 649 2491 emit
664 2435 756 2492 edulio
780 2436 872 2493 lentie.
890 2436 930 2493 lte
955 2446 984 2494 et
1032 2434 1273 2490 intertrimentum
1289 2433 1507 2505 eternumquia
1522 2432 1617 2499 voluit,
1635 2438 1665 2487 ut
1686 2429 1825 2501 spiritales

193 2534 244 2576 ros
254 2521 336 2577 emite
358 2523 479 2580 colestia
499 2539 550 2595 pro
573 2527 699 2595 terrenis,
711 2535 739 2583 et
753 2528 794 2584 sie
806 2527 882 2584 eritis
907 2527 983 2584 electi
1033 2524 1224 2597 intelligerent,
1247 2525 1321 2597 quod
1341 2525 1387 2582 illa
1411 2524 1560 2597 promissio
1581 2532 1711 2580 eternam
1738 2523 1825 2578 ritam

194 2609 264 2680 ejus.
275 2607 329 2666 Per
342 2610 481 2668 Abraham
493 2614 570 2679 tides.
586 2630 636 2686 per
645 2614 731 2673 iacob
745 2617 868 2687 operatio
880 2616 983 2674 intelli·
1033 2617 1208 2690 signiticaret,
1224 2632 1286 2689 quae
1305 2618 1360 2673 illis
1371 2616 1544 2674 solummodo
1561 2615 1681 2682 dabitur,
1695 2614 1743 2686 qui
1752 2629 1826 2685 prae·

195 2698 287 2768 gitur3
303 2700 446 2770 perfidem
462 2713 543 2760 eruut
556 2705 631 2762 servi
644 2705 764 2774 Domini,
781 2721 829 2778 per
849 2707 984 2778 operatio
1033 2719 1110 2781 cepto
1124 2709 1170 2765 bei
1182 2709 1360 2766 servaverint.
1383 2709 1467 2765 laceb
1482 2717 1525 2766 est
1538 2723 1639 2767 nomeu
1664 2705 1825 2771 nadnutis,

195 2805 258 2847 nem
273 2792 547 2864 deetiejusrbdeles
558 2790 998 2855 solummodoinseminehbrs-¹
1035 2798 1121 2854 lsrael
1141 2797 1349 2856 benedictionis.
1374 2799 1428 2856 Per
1447 2798 1531 2853 iacob
1546 2797 1824 2870 antiquuspopulus;

196 2882 239 2939 lue
246 2893 416 2955 reputantur,
428 2887 476 2958 qui
487 2902 535 2958 per
548 2888 689 2946 Christum
703 2904 796 2947 semen
807 2890 924 2948 Abraltae
936 2891 985 2948 be·
1034 2910 1084 2965 per
1096 2890 1182 2948 lsrael
1195 2889 1372 2947 Christianus
1383 2891 1502 2961 populus
1518 2890 1688 2961 intelligitur.
1696 2887 1759 2945 ldeo
1773 2890 1827 2944 boe

197 2974 371 3032 nedieuutur.
388 2974 436 3034 Vel
462 2978 517 3034 ista
541 2978 670 3037 dicuntur
694 2981 730 3038 ad
754 2981 826 3036 lilios
844 2982 983 3046 Abraham
998 2999 1018 3078 c
1035 2980 1322 3053 promistthbraham,
1345 2978 1443 3048 tsaae,
1468 2987 1497 3036 et
1520 2977 1616 3043 Jacob,
1642 2986 1673 3035 ut
1694 2993 1742 3049 per
1756 2976 1825 3033 illud

196 3066 347 3122 secuudum
360 3082 481 3136 earnem,
492 3070 540 3140 qui
554 3079 618 3126 sunt
635 3070 699 3127 iacti
709 3072 780 3129 serri
796 3073 854 3129 bei.
871 3073 905 3129 Ει
919 3075 984 3145 quia
1036 3074 1219 3146 cognitionem
1247 3071 1386 3128 haberetis
1410 3072 1472 3127 ritte
1494 3079 1620 3136 eternae,
1639 3077 1667 3125 et
1691 3077 1826 3140 precepta

198 3164 263 3212 suut
276 3171 309 3211 et
323 3157 461 3212 Abraham
477 3159 545 3226 uati,
560 3169 659 3230 preter
673 3161 745 3217 illios
760 3161 877 3219 hbrahae
905 3162 984 3237 [Coti.
1036 3163 1096 3234 eius
1109 3161 1265 3228 servaretis,
1291 3161 1317 3215 id
1344 3171 1386 3218 est
1410 3161 1480 3217 bene
1499 3161 1638 3227 viveretis,
1653 3170 1684 3216 ut
1697 3160 1732 3216 art
1745 3167 1828 3215 eter-

199 3246 271 3302 blios
284 3245 495 3320 iacobi-addidit
508 3250 559 3320 pilii
569 3250 664 3319 decet,
674 3267 709 3308 ne
722 3263 866 3324 putaretur
879 3254 913 3310 de
923 3257 987 3313 aliis
1036 3268 1100 3310 uam
1112 3252 1194 3306 ritem
1209 3266 1256 3320 per
1268 3250 1334 3306 iilud
1344 3259 1538 3307 testamentum
1550 3252 1717 3308 intellectum
1733 3250 1828 3307 uenire

199 3336 299 3392 dicere.
317 3336 387 3394 Vere
398 3339 551 3397 laudandus
562 3350 629 3397 estu
640 3342 726 3399 robis.
741 3341 809 3399 Num
1037 3341 1163 3412 possetis.
1180 3340 1258 3409 Quod
1269 3340 1404 3412 disposuit
1416 3344 1451 3398 ad
1464 3342 1603 3399 Abraham

235 3425 320 3483 Vens.
336 3427 362 3482 t.
379 3426 650 3502 immunitionem
672 3432 830 3489 dominatur
846 3435 988 3503 omnihus,
1072 3431 1156 3488 Vsus.
1174 3432 1217 3486 ll.
1240 3431 1360 3487 Dicent:
1382 3431 1442 3487 Tibi
1465 3433 1535 3488 dabo
1565 3442 1663 3489 umam
1687 3433 1827 3489 Cianum.

200 3517 310 3573 etheus
323 3518 574 3587 ereaturomnium,
585 3529 613 3577 ει
637 3532 774 3579 recreator
795 3525 876 3581 etium
894 3536 989 3583 noster
1038 3525 1101 3581 llaee
1117 3531 1183 3580 sunt
1195 3522 1276 3577 rerba
1291 3524 1477 3592 promittentis
1494 3523 1552 3579 bei.
1570 3524 1699 3595 Sequitur
1710 3524 1828 3594 Spiritus

201 3623 257 3665 uon
281 3624 394 3677 recens,
426 3609 505 3681 eujus
521 3611 626 3681 judicie
646 3623 711 3669 sunt
732 3615 760 3670 iu
784 3618 906 3678 urriuerse
933 3630 988 3675 ter-
1039 3627 1170 3675 sanetus:
1188 3613 1352 3670 Feniculum
1365 3615 1529 3671 hereditatis
1545 3625 1648 3684 vestre,
1663 3615 1691 3671 id
1708 3625 1751 3672 est
1774 3625 1829 3670 ter-

202 3717 244 3767 re,
269 3699 333 3772 quia
346 3700 424 3757 solus
445 3702 527 3759 babet
540 3703 642 3776 ubique
667 3706 833 3778 imperiumr
856 3709 924 3782 ipse,
944 3711 989 3766 in·
1039 3725 1098 3765 ram
1106 3708 1237 3765 chanaan
1253 3707 1305 3764 sibi
1324 3708 1458 3778 promisit,
1474 3722 1557 3778 qurum
1576 3706 1654 3763 vobis
1666 3704 1830 3763 tensitate

202 3806 298 3863 quam,
1040 3802 1068 3857 in
1080 3801 1264 3858 hereditatem
1282 3817 1346 3858 eum
1371 3800 1494 3858 iunieulo
1518 3801 1658 3858 distribuit
1672 3799 1830 3872 significan·
1944 3827 1945 3830 ¹

238 3879 357 3938 lens&
371 3880 472 3938 llemor
488 3884 539 3955 [uit
554 3889 702 3942 testamenti
722 3890 775 3955 rui,
798 3889 825 3946 id
850 3898 891 3947 est
913 3905 990 3947 novae
1040 3902 1094 3949 teru
1108 3893 1228 3950 loturum
1240 3892 1530 3963 hereditatemquem
1541 3888 1715 3949 ueruslesus
1728 3890 1830 3960 cuique

202 3971 394 4042 promissionis
401 3989 451 4044 per
464 3972 757 4036 Vetus'lestantentum
770 3981 925 4054 designate,
938 3982 992 4039 sei·
1041 3986 1192 4042 seeundum
1207 3986 1304 4042 merite
1319 3986 1474 4042 distribuet.
1490 3984 1629 4040 Abrabam
1643 3993 1701 4039 erat
1715 3984 1829 4039 interra

202 4061 268 4118 lieet
286 4064 443 4134 noterius,
459 4081 508 4136 per
532 4083 615 4137 quam
632 4071 800 4141 promittitur
814 4060 915 4127 sterria
935 4073 992 4129 he·
1041 4077 1243 4144 chaldeorum,
1259 4084 1288 4132 et
1299 4078 1428 4148 precepit
1451 4076 1584 4133 bomiuue
1595 4075 1730 4131 indeeum
1743 4077 1830 4144 exire,

203 4154 315 4211 reditas.
333 4155 503 4225 Testamenti,
522 4159 594 4227 dico,
607 4161 731 4219 duraturi
753 4164 781 4219 in
796 4167 937 4234 seculum,
964 4165 992 4222 id
1042 4177 1069 4226 et
1082 4167 1174 4224 venire
1186 4169 1213 4224 in
1228 4178 1328 4224 terrem
1346 4167 1488 4236 Chattaan,
1509 4177 1537 4223 et
1552 4168 1623 4224 hotto
1636 4167 1765 4239 promisit
1778 4166 1829 4223 da·

203 4252 246 4300 est
275 4246 303 4301 in
317 4257 459 4306 eternum.
478 4249 511 4306 Et
527 4269 630 4310 mernor
643 4253 694 4312 iuit
707 4256 788 4326 uerbi,
804 4258 830 4314 id
849 4266 892 4315 εει
918 4258 990 4324 lidei,
1044 4266 1136 4313 turum
1149 4256 1248 4314 semini
1259 4256 1330 4327 ejus.
1345 4255 1433 4313 Porro
1456 4258 1484 4312 in
1500 4258 1595 4315 eadent
1610 4269 1683 4317 terre
1698 4258 1830 4315 Chanaau

203 4350 252 4406 per
267 4353 350 4408 quant
365 4342 446 4398 datur
456 4342 535 4399 nobis
546 4344 590 4400 ille
606 4348 725 4403 cmlestis
739 4348 892 4405 baereditas.
913 4349 990 4414 Quod
1006 4355 1028 4411 Ι)
1042 4360 1101 4405 erat
1114 4357 1179 4405 tune
1189 4347 1337 4416 Abrohom,
1354 4348 1457 4404 cumei
1481 4348 1552 4405 Deus
1569 4364 1629 4404 eam
1642 4349 1778 4421 promisit,
1802 4358 1832 4405 et

203 4428 317 4483 uerbum
343 4433 490 4499 mundarit,
519 4448 582 4489 curu
602 4435 672 4490 dixit
691 4455 698 4492 ε
716 4437 746 4492 Si
765 4438 838 4492 istud
858 4438 987 4506 feceritis,
1040 4438 1185 4510 vestigium
1199 4439 1379 4511 pediseiuou
1394 4439 1478 4496 dedit.
1501 4439 1565 4496 ldeo
1586 4440 1718 4497 intellexit
1741 4440 1831 4496 Abra·

204 4517 290 4575 ritum
313 4528 441 4578 eternam
464 4522 609 4581 babebitis.
638 4523 672 4578 Et
699 4541 755 4595 quo
774 4526 933 4582 mnnduritt
955 4526 990 4583 lu
1041 4529 1106 4585 hum
1117 4542 1164 4598 per
1180 4527 1364 4584 baneterram
1378 4527 1429 4584 sibi
1451 4527 1572 4597 promitti
1590 4528 1673 4583 vitam
1687 4536 1828 4585 eteniam.

205 4609 279 4666 mitte
306 4614 494 4682 generationes,
516 4614 546 4702 'id
571 4622 612 4670 est
637 4614 665 4670 in
691 4614 838 4685 periectos.
861 4613 991 4675 Perleetis
1043 4619 1165 4691 Legitur,
1186 4618 1335 4690 quodpost
1359 4618 1492 4674 diluvium
1521 4617 1583 4675 Sem
1608 4619 1736 4690 primitus
1759 4619 1832 4677 bano

206 4700 280 4757 enim
293 4701 401 4759 debitur
415 4705 462 4760 illu
476 4704 631 4772 hereditas,
656 4720 727 4777 quos
740 4704 876 4777 signiticet
904 4709 992 4766 mille-
1043 4719 1144 4767 terrum
1160 4710 1362 4766 inhabitaverit.
1381 4710 1478 4767 Postea
1496 4711 1543 4767 lilii
1558 4712 1689 4767 chanaan
1709 4711 1832 4782 expulsis

207 4795 313 4851 narius.
329 4794 379 4851 Vel
392 4798 420 4852 iu
435 4798 508 4853 mlle
520 4801 709 4870 generationes,
733 4799 761 4855 id
785 4809 829 4856 est
849 4801 876 4856 in
896 4817 992 4859 omnes
1044 4805 1162 4877 posteris
1176 4804 1239 4860 Seru
1250 4802 1432 4858 habitauerint
1451 4818 1502 4873 pro
1512 4801 1564 4868 eis,
1588 4818 1622 4858 et
1644 4802 1745 4874 quibus
1758 4802 1831 4859 dieta

208 4885 304 4941 mundi
318 4888 514 4955 generationes.
541 4890 607 4949 Post
631 4892 764 4950 diluuium
790 4892 863 4948 enim
889 4893 994 4952 diuisus
1045 4906 1087 4953 est
1100 4907 1170 4953 terra
1186 4894 1327 4951 chanaan.
1342 4891 1418 4949 Hauc
1439 4903 1539 4949 terrem
1564 4891 1695 4948 Clmnuan
1710 4902 1833 4963 postmo-

209 4983 251 5032 est
272 4976 431 5032 mundusiu
446 4986 555 5034 oeuttrnr
585 4984 698 5053 patrias,
714 4990 741 5039 et
758 4984 786 5038 in
802 4981 995 5053 nrillegcueru-
1046 4985 1111 5040 dum
1125 4984 1197 5039 Deus
1211 4982 1273 5038 liliis
1288 4979 1372 5038 lsrael
1390 4983 1423 5038 ne
1448 4982 1577 5053 progenie
1599 4980 1662 5038 Sem
1685 4983 1757 5037 netis
1771 4982 1833 5037 reri-

210 5066 305 5133 tiorres,
321 5064 405 5122 idest
423 5068 450 5121 in
465 5083 560 5126 omnes
571 5076 776 5141 generationum
793 5075 993 5134 successiones.
1046 5074 1124 5142 didit,
1137 5090 1191 5129 nou
1207 5072 1292 5138 dedit,
1304 5080 1398 5142 utpote
1413 5071 1552 5142 propriant
1566 5072 1751 5128 hereditatem
1765 5071 1833 5126 olim

209 5155 367 5214 llurrdatuot
380 5158 453 5214 enim
465 5158 571 5216 risendi
594 5177 628 5219 ex
641 5165 693 5221 ilde
707 5166 854 5223 observant
878 5169 996 5225 uromis-
1047 5167 1074 5221 ri
1086 5166 1215 5222 ablutam.
1237 5163 1315 5231 Quod
1337 5162 1473 5232 siguificat
1484 5163 1548 5232 quia
1562 5160 1634 5219 Deus
1647 5162 1833 5219 hereditatem

210 5249 299 5308 sienis
312 5248 359 5305 dlii
376 5251 689 5325 namendovit·entes,et
703 5259 995 5330 tussiendoeheuntes,
1048 5255 1177 5328 peradisi,
1205 5264 1305 5310 terram
1332 5252 1493 5319 virentium,
1520 5252 1641 5308 1111111110
1661 5253 1753 5324 8⁰¹²?ri
1776 5267 1833 5308 ¹¹0⁰

212 5339 400 5398 donecomnis
410 5346 548 5415 generatio
561 5345 680 5405 littietur.
1049 5347 1134 5416 dabit,
1151 5346 1198 5404 sed
1221 5346 1315 5403 reddet
1337 5344 1402 5401 olim
1417 5342 1548 5410 habitunt,
1561 5353 1588 5400 et
1607 5343 1677 5399 ursle
1690 5343 1832 5399 amissam.

252 5429 333 5489 lens.
352 5434 379 5491 9.
396 5433 483 5504 Quod,
499 5437 625 5509 subaudi,
652 5449 842 5499 testamentum
869 5442 999 5512 disposuit
1050 5440 1128 5508 Quod
1142 5440 1223 5496 etiam
1235 5439 1292 5496 ruit
1305 5437 1417 5511 intelligi
1432 5454 1531 5495 nomen
1552 5436 1690 5506 Clrurtanu,
1703 5436 1775 5508 quod
1788 5451 1834 5491 so·

216 5527 248 5578 te
261 5521 310 5588 illi,
324 5532 351 5579 ct
359 5524 420 5582 aliis
435 5527 562 5584 daturum
574 5530 688 5600 loquens
697 5533 732 5587 ed
742 5531 887 5600 Abraham,
902 5541 927 5587 et
943 5548 1000 5589 me·
1051 5542 1098 5588 nat
1113 5532 1266 5599 hermilitm,
1284 5532 1347 5603 quia
1370 5531 1415 5586 illa
1440 5540 1510 5586 terra
1538 5539 1580 5587 est
1603 5530 1756 5585 humilium.
1782 5527 1833 5584 l‘er

220 5614 344 5672 11111111
363 5617 506 5682 irrremeun'
526 5624 617 5694 ethii
639 5639 679 5683 est
708 5634 785 5683 terrae
809 5626 1001 5698 promissionis
1052 5626 1288 5697 Clraunnu,quem
1307 5623 1609 5693 Noeserut'toadd'tsit,
1632 5623 1834 5681 set-ritirtturor
