<?xml version="1.0" encoding="UTF-8"?>
<!DOCTYPE html PUBLIC "-//W3C//DTD XHTML 1.0 Transitional//EN"
    "http://www.w3.org/TR/xhtml1/DTD/xhtml1-transitional.dtd">
<html xmlns="http://www.w3.org/1999/xhtml" xml:lang="en" lang="en">
 <head>
  <title>
</title>
<meta http-equiv="Content-Type" content="text/html;charset=utf-8" />
  <meta name='ocr-system' content='tesseract 3.04.00' />
  <meta name='ocr-capabilities' content='ocr_page ocr_carea ocr_par ocr_line ocrx_word'/>
</head>
<body>
  <div class='ocr_page' id='page_1' title='image "./patrologiaecurs03berngoog_0600.png"; bbox 0 0 3892 6067; ppageno 0'>
   <div class='ocr_carea' id='block_1_1' title="bbox 96 200 1774 280">
    <p class='ocr_par' dir='ltr' id='par_1_1' title="bbox 96 200 1774 280">
     <span class='ocr_line' id='line_1_1' title="bbox 96 200 1774 280; baseline 0.011 -26"><span class='ocrx_word' id='word_1_1' title='bbox 96 204 111 220; x_wconf 91' lang='grc'><strong>“</strong></span> <span class='ocrx_word' id='word_1_2' title='bbox 147 200 216 256; x_wconf 68' lang='lat' dir='ltr'><strong>{tea</strong></span> <span class='ocrx_word' id='word_1_3' title='bbox 571 205 634 260; x_wconf 89' lang='lat' dir='ltr'><strong>Llll.</strong></span> <span class='ocrx_word' id='word_1_4' title='bbox 656 205 700 260; x_wconf 74' lang='lat' dir='ltr'><strong>ut:</strong></span> <span class='ocrx_word' id='word_1_5' title='bbox 719 204 847 263; x_wconf 79' lang='lat' dir='ltr'><strong>chotha</strong></span> <span class='ocrx_word' id='word_1_6' title='bbox 867 209 912 264; x_wconf 71' lang='lat' dir='ltr'><strong>tit</strong></span> <span class='ocrx_word' id='word_1_7' title='bbox 932 207 1074 264; x_wconf 78' lang='lat' dir='ltr'><strong>lth&#39;ORE</strong></span> <span class='ocrx_word' id='word_1_8' title='bbox 1094 207 1172 263; x_wconf 71' lang='lat' dir='ltr'><strong>atuh</strong></span> <span class='ocrx_word' id='word_1_9' title='bbox 1192 208 1346 267; x_wconf 55' lang='lat' dir='ltr'><strong>llOlllh&#39;ld.</strong></span> <span class='ocrx_word' id='word_1_10' title='bbox 1702 222 1774 280; x_wconf 72' lang='lat'><strong>{123</strong></span> 
     </span>
    </p>
   </div>
   <div class='ocr_carea' id='block_1_2' title="bbox 134 312 1775 1679">
    <p class='ocr_par' dir='ltr' id='par_1_2' title="bbox 134 312 1775 1679">
     <span class='ocr_line' id='line_1_2' title="bbox 145 312 1771 409; baseline 0.017 -40"><span class='ocrx_word' id='word_1_11' title='bbox 145 322 190 369; x_wconf 90' lang='lat' dir='ltr'><strong>cto</strong></span> <span class='ocrx_word' id='word_1_12' title='bbox 208 312 262 369; x_wconf 89' lang='lat' dir='ltr'><strong>isto</strong></span> <span class='ocrx_word' id='word_1_13' title='bbox 275 318 433 370; x_wconf 87' lang='lat' dir='ltr'><strong>ratnttseulo</strong></span> <span class='ocrx_word' id='word_1_14' title='bbox 447 318 525 375; x_wconf 92' lang='lat' dir='ltr'><strong>cadet</strong></span> <span class='ocrx_word' id='word_1_15' title='bbox 537 320 564 374; x_wconf 94' lang='lat' dir='ltr'><strong>iu</strong></span> <span class='ocrx_word' id='word_1_16' title='bbox 580 320 741 378; x_wconf 76' lang='lat' dir='ltr'>barathrum</span> <span class='ocrx_word' id='word_1_17' title='bbox 756 325 930 394; x_wconf 75' lang='lat' dir='ltr'><strong>perditionis,</strong></span> <span class='ocrx_word' id='word_1_18' title='bbox 948 324 1033 386; x_wconf 78' lang='lat' dir='ltr'><strong>ustae</strong></span> <span class='ocrx_word' id='word_1_19' title='bbox 1058 324 1246 394; x_wconf 73' lang='lat' dir='ltr'><strong>archipresul,</strong></span> <span class='ocrx_word' id='word_1_20' title='bbox 1265 326 1309 381; x_wconf 91' lang='lat' dir='ltr'><strong>cui</strong></span> <span class='ocrx_word' id='word_1_21' title='bbox 1333 326 1355 381; x_wconf 92' lang='lat' dir='ltr'><strong>si</strong></span> <span class='ocrx_word' id='word_1_22' title='bbox 1378 326 1442 398; x_wconf 89' lang='lat' dir='ltr'><strong>quid</strong></span> <span class='ocrx_word' id='word_1_23' title='bbox 1463 328 1662 391; x_wconf 71' lang='lat' dir='ltr'><strong>rationabiliter</strong></span> <span class='ocrx_word' id='word_1_24' title='bbox 1674 339 1771 409; x_wconf 78' lang='lat' dir='ltr'><strong>displi-</strong></span> 
     </span>
     <span class='ocr_line' id='line_1_3' title="bbox 145 403 1774 491; baseline 0.015 -35"><span class='ocrx_word' id='word_1_25' title='bbox 145 403 294 458; x_wconf 90' lang='lat' dir='ltr'><strong>innodatus</strong></span> <span class='ocrx_word' id='word_1_26' title='bbox 307 405 405 461; x_wconf 77' lang='lat' dir='ltr'><strong>haeresi</strong></span> <span class='ocrx_word' id='word_1_27' title='bbox 422 405 578 479; x_wconf 76' lang='lat' dir='ltr'><strong>Beretgartt</strong></span> <span class='ocrx_word' id='word_1_28' title='bbox 595 412 799 482; x_wconf 81' lang='lat' dir='ltr'><strong>dodegauensis</strong></span> <span class='ocrx_word' id='word_1_29' title='bbox 810 416 932 482; x_wconf 88' lang='lat' dir='ltr'><strong>diaconi,</strong></span> <span class='ocrx_word' id='word_1_30' title='bbox 985 416 1074 472; x_wconf 77' lang='lat' dir='ltr'><strong>cruerit</strong></span> <span class='ocrx_word' id='word_1_31' title='bbox 1098 416 1124 470; x_wconf 91' lang='lat' dir='ltr'><strong>in</strong></span> <span class='ocrx_word' id='word_1_32' title='bbox 1147 417 1199 470; x_wconf 90' lang='lat' dir='ltr'><strong>hoc</strong></span> <span class='ocrx_word' id='word_1_33' title='bbox 1222 417 1282 486; x_wconf 90' lang='lat' dir='ltr'><strong>ipso</strong></span> <span class='ocrx_word' id='word_1_34' title='bbox 1300 428 1417 473; x_wconf 90' lang='lat' dir='ltr'><strong>tractatu</strong></span> <span class='ocrx_word' id='word_1_35' title='bbox 1433 434 1504 484; x_wconf 90' lang='lat' dir='ltr'><strong>meo,</strong></span> <span class='ocrx_word' id='word_1_36' title='bbox 1524 434 1636 491; x_wconf 87' lang='lat' dir='ltr'><strong>paratus</strong></span> <span class='ocrx_word' id='word_1_37' title='bbox 1659 437 1718 489; x_wconf 90' lang='lat' dir='ltr'><strong>ero,</strong></span> <span class='ocrx_word' id='word_1_38' title='bbox 1731 432 1774 480; x_wconf 90' lang='lat' dir='ltr'><strong>ta·</strong></span> 
     </span>
     <span class='ocr_line' id='line_1_4' title="bbox 143 495 1775 582; baseline 0.017 -34"><span class='ocrx_word' id='word_1_39' title='bbox 143 509 206 564; x_wconf 76' lang='lat' dir='ltr'><strong>quac</strong></span> <span class='ocrx_word' id='word_1_40' title='bbox 218 495 347 552; x_wconf 87' lang='lat' dir='ltr'><strong>damnata</strong></span> <span class='ocrx_word' id='word_1_41' title='bbox 361 508 388 552; x_wconf 90' lang='lat' dir='ltr'><strong>et</strong></span> <span class='ocrx_word' id='word_1_42' title='bbox 401 498 628 557; x_wconf 89' lang='lat' dir='ltr'><strong>anathematizata</strong></span> <span class='ocrx_word' id='word_1_43' title='bbox 650 514 720 561; x_wconf 88' lang='lat' dir='ltr'><strong>osta</strong></span> <span class='ocrx_word' id='word_1_44' title='bbox 736 523 805 577; x_wconf 90' lang='lat' dir='ltr'><strong>papa</strong></span> <span class='ocrx_word' id='word_1_45' title='bbox 820 507 934 565; x_wconf 81' lang='lat' dir='ltr'><strong>Nicolao</strong></span> <span class='ocrx_word' id='word_1_46' title='bbox 985 515 1064 561; x_wconf 86' lang='lat' dir='ltr'><strong>vente</strong></span> <span class='ocrx_word' id='word_1_47' title='bbox 1079 507 1166 577; x_wconf 89' lang='lat' dir='ltr'><strong>gratia</strong></span> <span class='ocrx_word' id='word_1_48' title='bbox 1186 506 1245 576; x_wconf 83' lang='lat' dir='ltr'><strong>Dei,</strong></span> <span class='ocrx_word' id='word_1_49' title='bbox 1262 511 1408 565; x_wconf 85' lang='lat' dir='ltr'><strong>emetrdare</strong></span> <span class='ocrx_word' id='word_1_50' title='bbox 1419 510 1446 564; x_wconf 91' lang='lat' dir='ltr'><strong>in</strong></span> <span class='ocrx_word' id='word_1_51' title='bbox 1469 514 1578 569; x_wconf 89' lang='lat' dir='ltr'><strong>melius.</strong></span> <span class='ocrx_word' id='word_1_52' title='bbox 1606 515 1721 582; x_wconf 82' lang='lat' dir='ltr'><strong>Quando</strong></span> <span class='ocrx_word' id='word_1_53' title='bbox 1746 531 1775 576; x_wconf 90' lang='lat' dir='ltr'><strong>ct</strong></span> 
     </span>
     <span class='ocr_line' id='line_1_5' title="bbox 143 587 1775 676; baseline 0.013 -36"><span class='ocrx_word' id='word_1_54' title='bbox 143 600 207 640; x_wconf 94' lang='lat' dir='ltr'><strong>cum</strong></span> <span class='ocrx_word' id='word_1_55' title='bbox 222 587 352 644; x_wconf 91' lang='lat' dir='ltr'><strong>omnihus</strong></span> <span class='ocrx_word' id='word_1_56' title='bbox 374 590 497 660; x_wconf 79' lang='lat' dir='ltr'><strong>ejusdem</strong></span> <span class='ocrx_word' id='word_1_57' title='bbox 520 607 610 661; x_wconf 78' lang='lat' dir='ltr'><strong>prauae</strong></span> <span class='ocrx_word' id='word_1_58' title='bbox 637 595 769 652; x_wconf 76' lang='lat' dir='ltr'><strong>doctriua</strong></span> <span class='ocrx_word' id='word_1_59' title='bbox 790 601 933 655; x_wconf 90' lang='lat' dir='ltr'><strong>sectatori·</strong></span> <span class='ocrx_word' id='word_1_60' title='bbox 984 595 1012 649; x_wconf 93' lang='lat' dir='ltr'><strong>in</strong></span> <span class='ocrx_word' id='word_1_61' title='bbox 1026 597 1212 653; x_wconf 82' lang='lat' dir='ltr'><strong>caetedsmeis</strong></span> <span class='ocrx_word' id='word_1_62' title='bbox 1234 599 1385 668; x_wconf 81' lang='lat' dir='ltr'><strong>opusculis,</strong></span> <span class='ocrx_word' id='word_1_63' title='bbox 1412 617 1473 672; x_wconf 79' lang='lat' dir='ltr'><strong>quae</strong></span> <span class='ocrx_word' id='word_1_64' title='bbox 1499 603 1547 658; x_wconf 92' lang='lat' dir='ltr'><strong>tihi</strong></span> <span class='ocrx_word' id='word_1_65' title='bbox 1562 602 1707 676; x_wconf 76' lang='lat' dir='ltr'><strong>displicere</strong></span> <span class='ocrx_word' id='word_1_66' title='bbox 1726 624 1775 665; x_wconf 88' lang='lat' dir='ltr'><strong>oo-</strong></span> 
     </span>
     <span class='ocr_line' id='line_1_6' title="bbox 143 675 1772 764; baseline 0.017 -35"><span class='ocrx_word' id='word_1_67' title='bbox 143 675 217 741; x_wconf 89' lang='lat' dir='ltr'><strong>hus,</strong></span> <span class='ocrx_word' id='word_1_68' title='bbox 244 692 340 732; x_wconf 83' lang='lat' dir='ltr'><strong>verum</strong></span> <span class='ocrx_word' id='word_1_69' title='bbox 367 677 470 735; x_wconf 81' lang='lat' dir='ltr'><strong>Christi</strong></span> <span class='ocrx_word' id='word_1_70' title='bbox 490 697 591 753; x_wconf 89' lang='lat' dir='ltr'><strong>eorpus</strong></span> <span class='ocrx_word' id='word_1_71' title='bbox 618 686 781 755; x_wconf 81' lang='lat' dir='ltr'><strong>rogantibus</strong></span> <span class='ocrx_word' id='word_1_72' title='bbox 798 688 825 741; x_wconf 91' lang='lat' dir='ltr'><strong>iu</strong></span> <span class='ocrx_word' id='word_1_73' title='bbox 853 689 932 743; x_wconf 92' lang='lat' dir='ltr'><strong>altari</strong></span> <span class='ocrx_word' id='word_1_74' title='bbox 983 700 1085 758; x_wconf 86' lang='lat' dir='ltr'><strong>guasco</strong></span> <span class='ocrx_word' id='word_1_75' title='bbox 1101 688 1145 743; x_wconf 82' lang='lat' dir='ltr'><strong>uel</strong></span> <span class='ocrx_word' id='word_1_76' title='bbox 1159 703 1324 760; x_wconf 74' lang='lat' dir='ltr'><strong>cognovero,</strong></span> <span class='ocrx_word' id='word_1_77' title='bbox 1340 692 1382 747; x_wconf 87' lang='lat' dir='ltr'><strong>vel</strong></span> <span class='ocrx_word' id='word_1_78' title='bbox 1397 694 1535 764; x_wconf 86' lang='lat' dir='ltr'><strong>corrigere</strong></span> <span class='ocrx_word' id='word_1_79' title='bbox 1551 695 1593 750; x_wconf 83' lang='lat' dir='ltr'><strong>vel</strong></span> <span class='ocrx_word' id='word_1_80' title='bbox 1613 697 1772 756; x_wconf 80' lang='lat' dir='ltr'><strong>rationabili</strong></span> 
     </span>
     <span class='ocr_line' id='line_1_7' title="bbox 142 768 1771 862; baseline 0.015 -41"><span class='ocrx_word' id='word_1_81' title='bbox 142 768 318 823; x_wconf 90' lang='lat' dir='ltr'><strong>sacerdotum</strong></span> <span class='ocrx_word' id='word_1_82' title='bbox 333 770 462 826; x_wconf 89' lang='lat' dir='ltr'><strong>manibus</strong></span> <span class='ocrx_word' id='word_1_83' title='bbox 484 773 639 829; x_wconf 81' lang='lat' dir='ltr'><strong>inveritate</strong></span> <span class='ocrx_word' id='word_1_84' title='bbox 664 776 793 842; x_wconf 90' lang='lat' dir='ltr'><strong>tractari,</strong></span> <span class='ocrx_word' id='word_1_85' title='bbox 822 776 931 849; x_wconf 91' lang='lat' dir='ltr'><strong>lrangi,</strong></span> <span class='ocrx_word' id='word_1_86' title='bbox 983 794 1064 835; x_wconf 90' lang='lat' dir='ltr'><strong>sensu</strong></span> <span class='ocrx_word' id='word_1_87' title='bbox 1079 779 1239 846; x_wconf 88' lang='lat' dir='ltr'><strong>dilucidare,</strong></span> <span class='ocrx_word' id='word_1_88' title='bbox 1254 793 1301 838; x_wconf 88' lang='lat' dir='ltr'><strong>aut</strong></span> <span class='ocrx_word' id='word_1_89' title='bbox 1312 793 1385 839; x_wconf 88' lang='lat' dir='ltr'><strong>certe</strong></span> <span class='ocrx_word' id='word_1_90' title='bbox 1396 785 1508 840; x_wconf 92' lang='lat' dir='ltr'><strong>omnino</strong></span> <span class='ocrx_word' id='word_1_91' title='bbox 1520 786 1629 843; x_wconf 89' lang='lat' dir='ltr'><strong>aulerre</strong></span> <span class='ocrx_word' id='word_1_92' title='bbox 1640 804 1694 845; x_wconf 92' lang='lat' dir='ltr'><strong>non</strong></span> <span class='ocrx_word' id='word_1_93' title='bbox 1708 808 1771 862; x_wconf 84' lang='lat' dir='ltr'><strong>gra-</strong></span> 
     </span>
     <span class='ocr_line' id='line_1_8' title="bbox 141 859 1770 950; baseline 0.015 -37"><span class='ocrx_word' id='word_1_94' title='bbox 141 868 170 913; x_wconf 90' lang='lat' dir='ltr'><strong>et</strong></span> <span class='ocrx_word' id='word_1_95' title='bbox 190 859 312 925; x_wconf 74' lang='lat' dir='ltr'><strong>fidelium</strong></span> <span class='ocrx_word' id='word_1_96' title='bbox 327 861 456 917; x_wconf 87' lang='lat' dir='ltr'><strong>dentibus</strong></span> <span class='ocrx_word' id='word_1_97' title='bbox 469 865 560 921; x_wconf 86' lang='lat' dir='ltr'><strong>attari.</strong></span> <span class='ocrx_word' id='word_1_98' title='bbox 581 865 705 921; x_wconf 89' lang='lat' dir='ltr'><strong>Sectator</strong></span> <span class='ocrx_word' id='word_1_99' title='bbox 716 882 781 921; x_wconf 84' lang='lat' dir='ltr'><strong>uero</strong></span> <span class='ocrx_word' id='word_1_100' title='bbox 801 867 932 927; x_wconf 75' lang='lat' dir='ltr'><strong>doctrinae</strong></span> <span class='ocrx_word' id='word_1_101' title='bbox 981 870 1078 935; x_wconf 76' lang='lat' dir='ltr'><strong>vatur,</strong></span> <span class='ocrx_word' id='word_1_102' title='bbox 1093 871 1167 926; x_wconf 84' lang='lat' dir='ltr'><strong>salva</strong></span> <span class='ocrx_word' id='word_1_103' title='bbox 1181 872 1208 927; x_wconf 91' lang='lat' dir='ltr'><strong>iu</strong></span> <span class='ocrx_word' id='word_1_104' title='bbox 1221 873 1350 930; x_wconf 90' lang='lat' dir='ltr'><strong>omnibus</strong></span> <span class='ocrx_word' id='word_1_105' title='bbox 1365 875 1417 930; x_wconf 91' lang='lat' dir='ltr'><strong>lide</strong></span> <span class='ocrx_word' id='word_1_106' title='bbox 1441 891 1512 941; x_wconf 86' lang='lat' dir='ltr'><strong>mea,</strong></span> <span class='ocrx_word' id='word_1_107' title='bbox 1535 893 1589 949; x_wconf 89' lang='lat' dir='ltr'><strong>qua</strong></span> <span class='ocrx_word' id='word_1_108' title='bbox 1611 895 1661 950; x_wconf 88' lang='lat' dir='ltr'><strong>per</strong></span> <span class='ocrx_word' id='word_1_109' title='bbox 1674 883 1770 937; x_wconf 89' lang='lat' dir='ltr'><strong>docto·</strong></span> 
     </span>
     <span class='ocr_line' id='line_1_9' title="bbox 140 949 1772 1044; baseline 0.015 -40"><span class='ocrx_word' id='word_1_110' title='bbox 140 949 226 1021; x_wconf 75' lang='lat' dir='ltr'><strong>liujus</strong></span> <span class='ocrx_word' id='word_1_111' title='bbox 236 951 371 1021; x_wconf 85' lang='lat' dir='ltr'><strong>pestilerae</strong></span> <span class='ocrx_word' id='word_1_112' title='bbox 379 969 440 1010; x_wconf 89' lang='lat' dir='ltr'><strong>esse</strong></span> <span class='ocrx_word' id='word_1_113' title='bbox 451 955 507 1024; x_wconf 85' lang='lat' dir='ltr'><strong>jam</strong></span> <span class='ocrx_word' id='word_1_114' title='bbox 519 954 609 1011; x_wconf 91' lang='lat' dir='ltr'><strong>dictus</strong></span> <span class='ocrx_word' id='word_1_115' title='bbox 623 957 768 1014; x_wconf 84' lang='lat' dir='ltr'><strong>Folmarus</strong></span> <span class='ocrx_word' id='word_1_116' title='bbox 779 959 930 1030; x_wconf 89' lang='lat' dir='ltr'><strong>deprehen·</strong></span> <span class='ocrx_word' id='word_1_117' title='bbox 980 974 1027 1015; x_wconf 89' lang='lat' dir='ltr'><strong>res</strong></span> <span class='ocrx_word' id='word_1_118' title='bbox 1035 962 1203 1018; x_wconf 84' lang='lat' dir='ltr'><strong>orthodoxos</strong></span> <span class='ocrx_word' id='word_1_119' title='bbox 1213 963 1307 1031; x_wconf 85' lang='lat' dir='ltr'><strong>didici,</strong></span> <span class='ocrx_word' id='word_1_120' title='bbox 1321 964 1461 1021; x_wconf 83' lang='lat' dir='ltr'><strong>Christum</strong></span> <span class='ocrx_word' id='word_1_121' title='bbox 1476 968 1625 1025; x_wconf 82' lang='lat' dir='ltr'><strong>exaltatum</strong></span> <span class='ocrx_word' id='word_1_122' title='bbox 1640 988 1727 1044; x_wconf 69' lang='lat' dir='ltr'><strong>usque</strong></span> <span class='ocrx_word' id='word_1_123' title='bbox 1737 974 1772 1028; x_wconf 89' lang='lat' dir='ltr'><strong>ad</strong></span> 
     </span>
     <span class='ocr_line' id='line_1_10' title="bbox 138 1039 1773 1128; baseline 0.014 -33"><span class='ocrx_word' id='word_1_124' title='bbox 138 1039 217 1097; x_wconf 88' lang='lat' dir='ltr'><strong>ditur</strong></span> <span class='ocrx_word' id='word_1_125' title='bbox 230 1042 257 1096; x_wconf 94' lang='lat' dir='ltr'><strong>in</strong></span> <span class='ocrx_word' id='word_1_126' title='bbox 272 1043 354 1100; x_wconf 89' lang='lat' dir='ltr'><strong>dictis</strong></span> <span class='ocrx_word' id='word_1_127' title='bbox 363 1053 390 1099; x_wconf 90' lang='lat' dir='ltr'><strong>et</strong></span> <span class='ocrx_word' id='word_1_128' title='bbox 401 1045 522 1116; x_wconf 86' lang='lat' dir='ltr'><strong>scriptis,</strong></span> <span class='ocrx_word' id='word_1_129' title='bbox 535 1063 597 1119; x_wconf 89' lang='lat' dir='ltr'><strong>quae</strong></span> <span class='ocrx_word' id='word_1_130' title='bbox 611 1058 706 1104; x_wconf 89' lang='lat' dir='ltr'><strong>contra</strong></span> <span class='ocrx_word' id='word_1_131' title='bbox 720 1066 772 1107; x_wconf 91' lang='lat' dir='ltr'><strong>nos</strong></span> <span class='ocrx_word' id='word_1_132' title='bbox 792 1054 926 1119; x_wconf 84' lang='lat' dir='ltr'><strong>euomuit,</strong></span> <span class='ocrx_word' id='word_1_133' title='bbox 980 1051 1107 1107; x_wconf 82' lang='lat' dir='ltr'><strong>altissimi</strong></span> <span class='ocrx_word' id='word_1_134' title='bbox 1119 1052 1165 1109; x_wconf 83' lang='lat' dir='ltr'><strong>[lei</strong></span> <span class='ocrx_word' id='word_1_135' title='bbox 1176 1056 1262 1124; x_wconf 92' lang='lat' dir='ltr'><strong>patris</strong></span> <span class='ocrx_word' id='word_1_136' title='bbox 1278 1071 1448 1125; x_wconf 82' lang='lat' dir='ltr'><strong>consessum,</strong></span> <span class='ocrx_word' id='word_1_137' title='bbox 1460 1057 1538 1128; x_wconf 78' lang='lat' dir='ltr'><strong>juxta</strong></span> <span class='ocrx_word' id='word_1_138' title='bbox 1551 1070 1708 1117; x_wconf 87' lang='lat' dir='ltr'><strong>sanctorum</strong></span> <span class='ocrx_word' id='word_1_139' title='bbox 1719 1061 1773 1117; x_wconf 88' lang='lat' dir='ltr'><strong>Pa·</strong></span> 
     </span>
     <span class='ocr_line' id='line_1_11' title="bbox 137 1133 1374 1215; baseline 0.013 -27"><span class='ocrx_word' id='word_1_140' title='bbox 137 1133 183 1189; x_wconf 84' lang='lat' dir='ltr'><strong>uel</strong></span> <span class='ocrx_word' id='word_1_141' title='bbox 193 1134 286 1205; x_wconf 91' lang='lat' dir='ltr'><strong>potins</strong></span> <span class='ocrx_word' id='word_1_142' title='bbox 299 1137 377 1206; x_wconf 91' lang='lat' dir='ltr'><strong>quasi</strong></span> <span class='ocrx_word' id='word_1_143' title='bbox 392 1137 465 1207; x_wconf 73' lang='lat' dir='ltr'><strong>follis</strong></span> <span class='ocrx_word' id='word_1_144' title='bbox 476 1144 584 1194; x_wconf 74' lang='lat' dir='ltr'><strong>amarae</strong></span> <span class='ocrx_word' id='word_1_145' title='bbox 597 1142 782 1199; x_wconf 75' lang='lat' dir='ltr'><strong>amaritudine</strong></span> <span class='ocrx_word' id='word_1_146' title='bbox 795 1146 873 1215; x_wconf 91' lang='lat' dir='ltr'><strong>plena</strong></span> <span class='ocrx_word' id='word_1_147' title='bbox 886 1144 929 1201; x_wconf 91' lang='lat' dir='ltr'><strong>el·</strong></span> <span class='ocrx_word' id='word_1_148' title='bbox 981 1152 1052 1198; x_wconf 91' lang='lat' dir='ltr'><strong>trum</strong></span> <span class='ocrx_word' id='word_1_149' title='bbox 1066 1145 1139 1201; x_wconf 74' lang='lat' dir='ltr'><strong>elicta</strong></span> <span class='ocrx_word' id='word_1_150' title='bbox 1152 1147 1247 1203; x_wconf 89' lang='lat' dir='ltr'><strong>subter</strong></span> <span class='ocrx_word' id='word_1_151' title='bbox 1258 1163 1374 1204; x_wconf 85' lang='lat' dir='ltr'><strong>annexa.</strong></span> 
     </span>
     <span class='ocr_line' id='line_1_12' title="bbox 137 1224 1771 1313; baseline 0.012 -31"><span class='ocrx_word' id='word_1_152' title='bbox 137 1224 216 1282; x_wconf 84' lang='lat' dir='ltr'><strong>llauit</strong></span> <span class='ocrx_word' id='word_1_153' title='bbox 235 1236 336 1297; x_wconf 86' lang='lat' dir='ltr'><strong>putans</strong></span> <span class='ocrx_word' id='word_1_154' title='bbox 349 1228 466 1287; x_wconf 82' lang='lat' dir='ltr'><strong>sortasse</strong></span> <span class='ocrx_word' id='word_1_155' title='bbox 480 1232 525 1287; x_wconf 91' lang='lat' dir='ltr'><strong>ille</strong></span> <span class='ocrx_word' id='word_1_156' title='bbox 537 1233 630 1300; x_wconf 86' lang='lat' dir='ltr'><strong>miser,</strong></span> <span class='ocrx_word' id='word_1_157' title='bbox 640 1235 714 1305; x_wconf 86' lang='lat' dir='ltr'><strong>quod</strong></span> <span class='ocrx_word' id='word_1_158' title='bbox 724 1235 749 1290; x_wconf 92' lang='lat' dir='ltr'><strong>ei</strong></span> <span class='ocrx_word' id='word_1_159' title='bbox 761 1237 798 1292; x_wconf 89' lang='lat' dir='ltr'><strong>sit</strong></span> <span class='ocrx_word' id='word_1_160' title='bbox 813 1237 927 1293; x_wconf 87' lang='lat' dir='ltr'><strong>liberum</strong></span> <span class='ocrx_word' id='word_1_161' title='bbox 1015 1234 1047 1290; x_wconf 89' lang='lat' dir='ltr'><strong>ll.</strong></span> <span class='ocrx_word' id='word_1_162' title='bbox 1061 1236 1148 1293; x_wconf 80' lang='lat' dir='ltr'><strong>Caius</strong></span> <span class='ocrx_word' id='word_1_163' title='bbox 1163 1254 1232 1309; x_wconf 91' lang='lat' dir='ltr'><strong>papa</strong></span> <span class='ocrx_word' id='word_1_164' title='bbox 1246 1252 1273 1294; x_wconf 92' lang='lat' dir='ltr'><strong>ct</strong></span> <span class='ocrx_word' id='word_1_165' title='bbox 1296 1251 1421 1313; x_wconf 76' lang='lat' dir='ltr'><strong>martyr:</strong></span> <span class='ocrx_word' id='word_1_166' title='bbox 1436 1261 1444 1294; x_wconf 84' lang='grc' dir='ltr'>ι</span> <span class='ocrx_word' id='word_1_167' title='bbox 1466 1242 1535 1298; x_wconf 89' lang='lat' dir='ltr'><strong>Cum</strong></span> <span class='ocrx_word' id='word_1_168' title='bbox 1557 1259 1630 1299; x_wconf 89' lang='lat' dir='ltr'><strong>unns</strong></span> <span class='ocrx_word' id='word_1_169' title='bbox 1654 1245 1690 1300; x_wconf 88' lang='lat' dir='ltr'><strong>sit</strong></span> <span class='ocrx_word' id='word_1_170' title='bbox 1715 1245 1771 1300; x_wconf 82' lang='lat' dir='ltr'><strong>bo·</strong></span> 
     </span>
     <span class='ocr_line' id='line_1_13' title="bbox 136 1322 1771 1406; baseline 0.011 -34"><span class='ocrx_word' id='word_1_171' title='bbox 136 1334 310 1390; x_wconf 75' lang='lat' dir='ltr'><strong>quaecunque</strong></span> <span class='ocrx_word' id='word_1_172' title='bbox 328 1322 446 1377; x_wconf 86' lang='lat' dir='ltr'><strong>uoluerit</strong></span> <span class='ocrx_word' id='word_1_173' title='bbox 456 1331 551 1379; x_wconf 91' lang='lat' dir='ltr'><strong>contra</strong></span> <span class='ocrx_word' id='word_1_174' title='bbox 564 1339 615 1380; x_wconf 94' lang='lat' dir='ltr'><strong>nos</strong></span> <span class='ocrx_word' id='word_1_175' title='bbox 625 1326 740 1396; x_wconf 76' lang='lat' dir='ltr'><strong>gannire</strong></span> <span class='ocrx_word' id='word_1_176' title='bbox 750 1343 798 1383; x_wconf 93' lang='lat' dir='ltr'><strong>seu</strong></span> <span class='ocrx_word' id='word_1_177' title='bbox 809 1329 927 1399; x_wconf 78' lang='lat' dir='ltr'><strong>garrire3</strong></span> <span class='ocrx_word' id='word_1_178' title='bbox 979 1327 1071 1384; x_wconf 90' lang='lat' dir='ltr'><strong>minus</strong></span> <span class='ocrx_word' id='word_1_179' title='bbox 1083 1327 1163 1385; x_wconf 74' lang='lat' dir='ltr'><strong>iesus</strong></span> <span class='ocrx_word' id='word_1_180' title='bbox 1174 1329 1312 1396; x_wconf 87' lang='lat' dir='ltr'><strong>Christus,</strong></span> <span class='ocrx_word' id='word_1_181' title='bbox 1324 1341 1352 1387; x_wconf 94' lang='lat' dir='ltr'><strong>et</strong></span> <span class='ocrx_word' id='word_1_182' title='bbox 1364 1347 1435 1389; x_wconf 80' lang='lat' dir='ltr'><strong>rerae</strong></span> <span class='ocrx_word' id='word_1_183' title='bbox 1448 1335 1558 1401; x_wconf 77' lang='lat' dir='ltr'><strong>deitatis</strong></span> <span class='ocrx_word' id='word_1_184' title='bbox 1569 1351 1696 1406; x_wconf 76' lang='lat' dir='ltr'><strong>veraeqtte</strong></span> <span class='ocrx_word' id='word_1_185' title='bbox 1718 1337 1771 1390; x_wconf 89' lang='lat' dir='ltr'><strong>hn-</strong></span> 
     </span>
     <span class='ocr_line' id='line_1_14' title="bbox 135 1413 1770 1498; baseline 0.01 -32"><span class='ocrx_word' id='word_1_186' title='bbox 135 1426 189 1483; x_wconf 83' lang='lat' dir='ltr'><strong>pro</strong></span> <span class='ocrx_word' id='word_1_187' title='bbox 201 1414 319 1483; x_wconf 89' lang='lat' dir='ltr'><strong>eoquod</strong></span> <span class='ocrx_word' id='word_1_188' title='bbox 342 1413 421 1470; x_wconf 87' lang='lat' dir='ltr'><strong>sedes</strong></span> <span class='ocrx_word' id='word_1_189' title='bbox 437 1416 588 1485; x_wconf 89' lang='lat' dir='ltr'><strong>apostolica</strong></span> <span class='ocrx_word' id='word_1_190' title='bbox 605 1433 679 1474; x_wconf 92' lang='lat' dir='ltr'><strong>nunc</strong></span> <span class='ocrx_word' id='word_1_191' title='bbox 697 1428 739 1474; x_wconf 87' lang='lat' dir='ltr'><strong>cst</strong></span> <span class='ocrx_word' id='word_1_192' title='bbox 758 1422 926 1491; x_wconf 87' lang='lat' dir='ltr'><strong>perturbata,</strong></span> <span class='ocrx_word' id='word_1_193' title='bbox 979 1420 1118 1476; x_wconf 90' lang='lat' dir='ltr'><strong>manitatis</strong></span> <span class='ocrx_word' id='word_1_194' title='bbox 1132 1420 1159 1475; x_wconf 92' lang='lat' dir='ltr'><strong>in</strong></span> <span class='ocrx_word' id='word_1_195' title='bbox 1173 1422 1233 1492; x_wconf 91' lang='lat' dir='ltr'><strong>ipso</strong></span> <span class='ocrx_word' id='word_1_196' title='bbox 1252 1438 1374 1478; x_wconf 86' lang='lat' dir='ltr'><strong>unoutra</strong></span> <span class='ocrx_word' id='word_1_197' title='bbox 1394 1439 1508 1493; x_wconf 87' lang='lat' dir='ltr'><strong>prorsus</strong></span> <span class='ocrx_word' id='word_1_198' title='bbox 1530 1426 1681 1498; x_wconf 87' lang='lat' dir='ltr'><strong>eademque</strong></span> <span class='ocrx_word' id='word_1_199' title='bbox 1706 1443 1770 1497; x_wconf 86' lang='lat' dir='ltr'><strong>per·</strong></span> 
     </span>
     <span class='ocr_line' id='line_1_15' title="bbox 134 1503 1769 1590; baseline 0.01 -33"><span class='ocrx_word' id='word_1_200' title='bbox 134 1512 165 1558; x_wconf 90' lang='lat' dir='ltr'><strong>ct</strong></span> <span class='ocrx_word' id='word_1_201' title='bbox 176 1513 326 1574; x_wconf 86' lang='lat' dir='ltr'><strong>quassatur</strong></span> <span class='ocrx_word' id='word_1_202' title='bbox 340 1503 414 1560; x_wconf 85' lang='lat' dir='ltr'><strong>Petri</strong></span> <span class='ocrx_word' id='word_1_203' title='bbox 428 1507 565 1563; x_wconf 83' lang='lat' dir='ltr'><strong>nauicula.</strong></span> <span class='ocrx_word' id='word_1_204' title='bbox 693 1506 698 1515; x_wconf 91' lang='lat'>&#39;</span> <span class='ocrx_word' id='word_1_205' title='bbox 978 1528 1046 1568; x_wconf 88' lang='lat' dir='ltr'><strong>sona</strong></span> <span class='ocrx_word' id='word_1_206' title='bbox 1066 1514 1119 1581; x_wconf 90' lang='lat' dir='ltr'><strong>sit;</strong></span> <span class='ocrx_word' id='word_1_207' title='bbox 1139 1529 1189 1570; x_wconf 89' lang='lat' dir='ltr'><strong>nee</strong></span> <span class='ocrx_word' id='word_1_208' title='bbox 1203 1515 1284 1585; x_wconf 81' lang='lat' dir='ltr'><strong>hujus</strong></span> <span class='ocrx_word' id='word_1_209' title='bbox 1296 1516 1432 1572; x_wconf 90' lang='lat' dir='ltr'><strong>unitionis</strong></span> <span class='ocrx_word' id='word_1_210' title='bbox 1445 1518 1581 1585; x_wconf 88' lang='lat' dir='ltr'><strong>soliditas,</strong></span> <span class='ocrx_word' id='word_1_211' title='bbox 1604 1519 1660 1574; x_wconf 89' lang='lat' dir='ltr'><strong>nlla</strong></span> <span class='ocrx_word' id='word_1_212' title='bbox 1682 1521 1769 1590; x_wconf 84' lang='lat' dir='ltr'><strong>possit</strong></span> 
     </span>
     <span class='ocr_line' id='line_1_16' title="bbox 429 1598 1769 1679; baseline 0.008 -25"><span class='ocrx_word' id='word_1_213' title='bbox 429 1598 544 1655; x_wconf 75' lang='lat' dir='ltr'>CAPUT</span> <span class='ocrx_word' id='word_1_214' title='bbox 558 1600 617 1656; x_wconf 80' lang='lat' dir='ltr'><strong>xt&#39;.</strong></span> <span class='ocrx_word' id='word_1_215' title='bbox 978 1604 1112 1660; x_wconf 77' lang='lat' dir='ltr'><strong>diuisione</strong></span> <span class='ocrx_word' id='word_1_216' title='bbox 1123 1605 1240 1676; x_wconf 82' lang='lat' dir='ltr'><strong>sejungi,</strong></span> <span class='ocrx_word' id='word_1_217' title='bbox 1252 1607 1456 1676; x_wconf 78' lang='lat' dir='ltr'><strong>exaltationem,</strong></span> <span class='ocrx_word' id='word_1_218' title='bbox 1468 1624 1522 1679; x_wconf 88' lang='lat' dir='ltr'><strong>qua</strong></span> <span class='ocrx_word' id='word_1_219' title='bbox 1537 1609 1613 1665; x_wconf 92' lang='lat' dir='ltr'><strong>illum</strong></span> <span class='ocrx_word' id='word_1_220' title='bbox 1629 1620 1659 1664; x_wconf 90' lang='lat' dir='ltr'><strong>ut</strong></span> <span class='ocrx_word' id='word_1_221' title='bbox 1672 1611 1769 1666; x_wconf 86' lang='lat' dir='ltr'><strong>doctor</strong></span> 
     </span>
    </p>
   </div>
   <div class='ocr_carea' id='block_1_3' title="bbox 132 1669 1767 1773">
    <p class='ocr_par' dir='ltr' id='par_1_3' title="bbox 132 1669 1767 1773">
     <span class='ocr_line' id='line_1_17' title="bbox 132 1669 1767 1773; baseline 0.012 -34"><span class='ocrx_word' id='word_1_222' title='bbox 132 1685 293 1740; x_wconf 78' lang='lat' dir='ltr'><strong>Fclntoranr</strong></span> <span class='ocrx_word' id='word_1_223' title='bbox 321 1705 338 1741; x_wconf 90' lang='lat' dir='ltr'><strong>e</strong></span> <span class='ocrx_word' id='word_1_224' title='bbox 362 1690 524 1759; x_wconf 84' lang='lat' dir='ltr'><strong>corripertdis</strong></span> <span class='ocrx_word' id='word_1_225' title='bbox 541 1702 565 1744; x_wconf 87' lang='lat' dir='ltr'><strong>et</strong></span> <span class='ocrx_word' id='word_1_226' title='bbox 585 1693 720 1747; x_wconf 80' lang='lat' dir='ltr'><strong>censendis</strong></span> <span class='ocrx_word' id='word_1_227' title='bbox 747 1695 802 1749; x_wconf 80' lang='lat' dir='ltr'><strong>saris</strong></span> <span class='ocrx_word' id='word_1_228' title='bbox 819 1697 924 1766; x_wconf 81' lang='lat' dir='ltr'><strong>scriptis</strong></span> <span class='ocrx_word' id='word_1_229' title='bbox 943 1669 1096 1769; x_wconf 84' lang='lat' dir='ltr'><strong>Bgentium</strong></span> <span class='ocrx_word' id='word_1_230' title='bbox 1108 1698 1174 1753; x_wconf 89' lang='lat' dir='ltr'><strong>dicit</strong></span> <span class='ocrx_word' id='word_1_231' title='bbox 1188 1698 1574 1766; x_wconf 76' lang='lat' dir='ltr'><strong>exaltaritbens,donacitilli</strong></span> <span class='ocrx_word' id='word_1_232' title='bbox 1587 1704 1767 1773; x_wconf 90' lang='lat' dir='ltr'><strong>nomenquod</strong></span> 
     </span>
    </p>
   </div>
   <div class='ocr_carea' id='block_1_4' title="bbox 169 1758 1766 1899">
    <p class='ocr_par' dir='ltr' id='par_1_4' title="bbox 169 1758 1766 1899">
     <span class='ocr_line' id='line_1_18' title="bbox 169 1758 1766 1864; baseline 0.026 -55"><span class='ocrx_word' id='word_1_233' title='bbox 169 1758 312 1839; x_wconf 75' lang='lat' dir='ltr'><strong>orcertdunt</strong></span> <span class='ocrx_word' id='word_1_234' title='bbox 328 1775 394 1825; x_wconf 83' lang='lat' dir='ltr'><strong>esse,</strong></span> <span class='ocrx_word' id='word_1_235' title='bbox 408 1776 453 1813; x_wconf 85' lang='lat' dir='ltr'><strong>rtec</strong></span> <span class='ocrx_word' id='word_1_236' title='bbox 466 1777 493 1814; x_wconf 86' lang='lat' dir='ltr'><strong>se</strong></span> <span class='ocrx_word' id='word_1_237' title='bbox 505 1777 620 1832; x_wconf 68' lang='lat' dir='ltr'><strong>nument</strong></span> <span class='ocrx_word' id='word_1_238' title='bbox 641 1763 767 1846; x_wconf 77' lang='lat' dir='ltr'><strong>dirueeeri</strong></span> <span class='ocrx_word' id='word_1_239' title='bbox 783 1781 923 1833; x_wconf 75' lang='lat' dir='ltr'><strong>parsurum</strong></span> <span class='ocrx_word' id='word_1_240' title='bbox 975 1797 1018 1844; x_wconf 60' lang='lat' dir='ltr'><strong>esp</strong></span> <span class='ocrx_word' id='word_1_241' title='bbox 1031 1804 1113 1858; x_wconf 58' lang='lat' dir='ltr'><strong>super</strong></span> <span class='ocrx_word' id='word_1_242' title='bbox 1134 1803 1216 1844; x_wconf 64' lang='lat' dir='ltr'><strong>omne</strong></span> <span class='ocrx_word' id='word_1_243' title='bbox 1231 1805 1349 1858; x_wconf 82' lang='lat' dir='ltr'><strong>nomcn3</strong></span> <span class='ocrx_word' id='word_1_244' title='bbox 1364 1790 1397 1845; x_wconf 78' lang='lat' dir='ltr'><strong>ad</strong></span> <span class='ocrx_word' id='word_1_245' title='bbox 1420 1806 1480 1846; x_wconf 84' lang='lat' dir='ltr'><strong>enm</strong></span> <span class='ocrx_word' id='word_1_246' title='bbox 1503 1792 1682 1863; x_wconf 78' lang='lat' dir='ltr'><strong>intelligimus</strong></span> <span class='ocrx_word' id='word_1_247' title='bbox 1704 1810 1766 1864; x_wconf 85' lang='lat' dir='ltr'><strong>pcr-</strong></span> 
     </span>
     <span class='ocr_line' id='line_1_19' title="bbox 169 1831 993 1899; baseline 0.017 -20"><span class='ocrx_word' id='word_1_248' title='bbox 169 1845 186 1880; x_wconf 87' lang='lat' dir='ltr'><strong>o</strong></span> <span class='ocrx_word' id='word_1_249' title='bbox 199 1836 329 1883; x_wconf 82' lang='lat' dir='ltr'><strong>aerttentm</strong></span> <span class='ocrx_word' id='word_1_250' title='bbox 340 1840 491 1884; x_wconf 84' lang='lat' dir='ltr'><strong>sauctorum</strong></span> <span class='ocrx_word' id='word_1_251' title='bbox 502 1831 624 1899; x_wconf 79' lang='lat' dir='ltr'><strong>Petraea,</strong></span> <span class='ocrx_word' id='word_1_252' title='bbox 633 1831 768 1888; x_wconf 77' lang='lat' dir='ltr'><strong>Clau-utum</strong></span> <span class='ocrx_word' id='word_1_253' title='bbox 776 1837 924 1891; x_wconf 76' lang='lat' dir='ltr'><strong>excitorum</strong></span> <span class='ocrx_word' id='word_1_254' title='bbox 987 1880 993 1893; x_wconf 86' lang='lat'>.</span> 
     </span>
    </p>
   </div>
   <div class='ocr_carea' id='block_1_5' title="bbox 169 1879 1766 2046">
    <p class='ocr_par' dir='ltr' id='par_1_5' title="bbox 169 1879 1766 2046">
     <span class='ocr_line' id='line_1_20' title="bbox 169 1879 1766 1977; baseline 0.006 -48"><span class='ocrx_word' id='word_1_255' title='bbox 169 1913 225 1951; x_wconf 55' lang='grc' dir='ltr'><strong>Μ</strong></span> <span class='ocrx_word' id='word_1_256' title='bbox 237 1914 317 1968; x_wconf 58' lang='lat' dir='ltr'><strong>m„</strong></span> <span class='ocrx_word' id='word_1_257' title='bbox 331 1900 366 1953; x_wconf 64' lang='lat' dir='ltr'><strong>,p</strong></span> <span class='ocrx_word' id='word_1_258' title='bbox 378 1900 503 1953; x_wconf 54' lang='lat' dir='ltr'><strong>agn-„mg</strong></span> <span class='ocrx_word' id='word_1_259' title='bbox 519 1901 566 1956; x_wconf 56' lang='lat' dir='ltr'><strong>pm·</strong></span> <span class='ocrx_word' id='word_1_260' title='bbox 583 1903 668 1971; x_wconf 51' lang='lat' dir='ltr'><strong>palm</strong></span> <span class='ocrx_word' id='word_1_261' title='bbox 683 1920 832 1960; x_wconf 50' lang='lat' dir='ltr'><strong>comessum</strong></span> <span class='ocrx_word' id='word_1_262' title='bbox 851 1907 923 1977; x_wconf 55' lang='lat' dir='ltr'><strong>affira</strong></span> <span class='ocrx_word' id='word_1_263' title='bbox 975 1888 1061 1936; x_wconf 88' lang='lat' dir='ltr'><strong>tmere</strong></span> <span class='ocrx_word' id='word_1_264' title='bbox 1072 1879 1270 1953; x_wconf 76' lang='lat' dir='ltr'><strong>lot-mamque</strong></span> <span class='ocrx_word' id='word_1_265' title='bbox 1278 1882 1388 1938; x_wconf 90' lang='lat' dir='ltr'><strong>ditanda</strong></span> <span class='ocrx_word' id='word_1_266' title='bbox 1396 1892 1455 1938; x_wconf 87' lang='lat' dir='ltr'><strong>erat</strong></span> <span class='ocrx_word' id='word_1_267' title='bbox 1467 1891 1548 1938; x_wconf 79' lang='lat' dir='ltr'><strong>tautae</strong></span> <span class='ocrx_word' id='word_1_268' title='bbox 1558 1882 1766 1954; x_wconf 83' lang='lat' dir='ltr'><strong>glorificationis</strong></span> 
     </span>
     <span class='ocr_line' id='line_1_21' title="bbox 169 1970 1766 2046; baseline 0.006 -26"><span class='ocrx_word' id='word_1_269' title='bbox 169 1970 310 2023; x_wconf 84' lang='lat' dir='ltr'><strong>mentium.</strong></span> <span class='ocrx_word' id='word_1_270' title='bbox 973 1981 1145 2044; x_wconf 88' lang='lat' dir='ltr'><strong>argumento.</strong></span> <span class='ocrx_word' id='word_1_271' title='bbox 1162 1971 1189 2027; x_wconf 92' lang='lat' dir='ltr'><strong>ln</strong></span> <span class='ocrx_word' id='word_1_272' title='bbox 1205 1972 1292 2029; x_wconf 81' lang='lat' dir='ltr'><strong>torma</strong></span> <span class='ocrx_word' id='word_1_273' title='bbox 1311 1975 1412 2046; x_wconf 89' lang='lat' dir='ltr'><strong>quippe</strong></span> <span class='ocrx_word' id='word_1_274' title='bbox 1430 1973 1478 2031; x_wconf 83' lang='lat' dir='ltr'><strong>Dei</strong></span> <span class='ocrx_word' id='word_1_275' title='bbox 1494 1974 1608 2044; x_wconf 78' lang='lat' dir='ltr'><strong>aequalis</strong></span> <span class='ocrx_word' id='word_1_276' title='bbox 1630 1983 1690 2030; x_wconf 88' lang='lat' dir='ltr'><strong>erat</strong></span> <span class='ocrx_word' id='word_1_277' title='bbox 1714 1974 1766 2029; x_wconf 86' lang='lat' dir='ltr'><strong>Pa·</strong></span> 
     </span>
    </p>
   </div>
   <div class='ocr_carea' id='block_1_6' title="bbox 74 2055 1766 5342">
    <p class='ocr_par' dir='ltr' id='par_1_6' title="bbox 130 2055 1766 2322">
     <span class='ocr_line' id='line_1_22' title="bbox 168 2055 1766 2138; baseline 0.008 -28"><span class='ocrx_word' id='word_1_278' title='bbox 168 2055 189 2110; x_wconf 89' lang='grc'><strong>1.</strong></span> <span class='ocrx_word' id='word_1_279' title='bbox 201 2055 312 2127; x_wconf 89' lang='lat' dir='ltr'><strong>ignosce</strong></span> <span class='ocrx_word' id='word_1_280' title='bbox 328 2058 422 2127; x_wconf 91' lang='lat' dir='ltr'><strong>lector,</strong></span> <span class='ocrx_word' id='word_1_281' title='bbox 448 2062 547 2116; x_wconf 89' lang='lat' dir='ltr'><strong>acriter</strong></span> <span class='ocrx_word' id='word_1_282' title='bbox 559 2061 691 2134; x_wconf 83' lang='lat' dir='ltr'><strong>loquenti,</strong></span> <span class='ocrx_word' id='word_1_283' title='bbox 703 2073 731 2119; x_wconf 88' lang='lat' dir='ltr'><strong>et</strong></span> <span class='ocrx_word' id='word_1_284' title='bbox 745 2067 823 2137; x_wconf 82' lang='lat' dir='ltr'><strong>qnasi</strong></span> <span class='ocrx_word' id='word_1_285' title='bbox 836 2067 924 2123; x_wconf 86' lang='lat' dir='ltr'><strong>multo</strong></span> <span class='ocrx_word' id='word_1_286' title='bbox 974 2064 1009 2118; x_wconf 88' lang='lat' dir='ltr'><strong>tri</strong></span> <span class='ocrx_word' id='word_1_287' title='bbox 1024 2063 1108 2130; x_wconf 86' lang='lat' dir='ltr'><strong>lilius,</strong></span> <span class='ocrx_word' id='word_1_288' title='bbox 1122 2073 1204 2135; x_wconf 88' lang='lat' dir='ltr'><strong>atque</strong></span> <span class='ocrx_word' id='word_1_289' title='bbox 1219 2067 1292 2120; x_wconf 92' lang='lat' dir='ltr'><strong>iuter</strong></span> <span class='ocrx_word' id='word_1_290' title='bbox 1306 2067 1455 2138; x_wconf 77' lang='lat' dir='ltr'><strong>genitorem</strong></span> <span class='ocrx_word' id='word_1_291' title='bbox 1466 2075 1492 2121; x_wconf 88' lang='lat' dir='ltr'><strong>et</strong></span> <span class='ocrx_word' id='word_1_292' title='bbox 1503 2067 1574 2121; x_wconf 89' lang='lat' dir='ltr'><strong>inter</strong></span> <span class='ocrx_word' id='word_1_293' title='bbox 1593 2067 1766 2137; x_wconf 86' lang='lat' dir='ltr'><strong>unigenitum</strong></span> 
     </span>
     <span class='ocr_line' id='line_1_23' title="bbox 131 2143 1766 2229; baseline 0.01 -25"><span class='ocrx_word' id='word_1_294' title='bbox 131 2147 191 2204; x_wconf 85' lang='lat' dir='ltr'><strong>sale</strong></span> <span class='ocrx_word' id='word_1_295' title='bbox 210 2146 329 2205; x_wconf 79' lang='lat' dir='ltr'><strong>laetantis</strong></span> <span class='ocrx_word' id='word_1_296' title='bbox 357 2151 461 2208; x_wconf 83' lang='lat' dir='ltr'><strong>erraris</strong></span> <span class='ocrx_word' id='word_1_297' title='bbox 487 2154 658 2221; x_wconf 82' lang='lat' dir='ltr'><strong>putredinem</strong></span> <span class='ocrx_word' id='word_1_298' title='bbox 684 2154 815 2212; x_wconf 76' lang='lat' dir='ltr'><strong>termini:</strong></span> <span class='ocrx_word' id='word_1_299' title='bbox 832 2172 922 2228; x_wconf 84' lang='lat' dir='ltr'><strong>neque</strong></span> <span class='ocrx_word' id='word_1_300' title='bbox 973 2156 1047 2210; x_wconf 85' lang='lat' dir='ltr'><strong>nulla</strong></span> <span class='ocrx_word' id='word_1_301' title='bbox 1073 2143 1132 2211; x_wconf 81' lang='lat' dir='ltr'><strong>erat</strong></span> <span class='ocrx_word' id='word_1_302' title='bbox 1145 2157 1172 2210; x_wconf 85' lang='lat' dir='ltr'><strong>in</strong></span> <span class='ocrx_word' id='word_1_303' title='bbox 1187 2157 1305 2213; x_wconf 83' lang='lat' dir='ltr'><strong>essentia</strong></span> <span class='ocrx_word' id='word_1_304' title='bbox 1319 2157 1459 2226; x_wconf 84' lang='lat' dir='ltr'><strong>discretio,</strong></span> <span class='ocrx_word' id='word_1_305' title='bbox 1474 2159 1549 2213; x_wconf 84' lang='lat' dir='ltr'><strong>nulla</strong></span> <span class='ocrx_word' id='word_1_306' title='bbox 1571 2158 1600 2213; x_wconf 86' lang='lat' dir='ltr'><strong>in</strong></span> <span class='ocrx_word' id='word_1_307' title='bbox 1622 2157 1766 2229; x_wconf 85' lang='lat' dir='ltr'><strong>majestate</strong></span> 
     </span>
     <span class='ocr_line' id='line_1_24' title="bbox 130 2241 1765 2322; baseline 0.007 -27"><span class='ocrx_word' id='word_1_308' title='bbox 130 2248 211 2311; x_wconf 90' lang='lat' dir='ltr'><strong>putes</strong></span> <span class='ocrx_word' id='word_1_309' title='bbox 223 2241 337 2296; x_wconf 93' lang='lat' dir='ltr'><strong>ohlitum</strong></span> <span class='ocrx_word' id='word_1_310' title='bbox 365 2243 438 2313; x_wconf 90' lang='lat' dir='ltr'><strong>quod</strong></span> <span class='ocrx_word' id='word_1_311' title='bbox 455 2244 481 2297; x_wconf 93' lang='lat' dir='ltr'><strong>iu</strong></span> <span class='ocrx_word' id='word_1_312' title='bbox 498 2245 611 2301; x_wconf 84' lang='lat' dir='ltr'><strong>exordio</strong></span> <span class='ocrx_word' id='word_1_313' title='bbox 627 2246 710 2317; x_wconf 84' lang='lat' dir='ltr'><strong>hujus</strong></span> <span class='ocrx_word' id='word_1_314' title='bbox 723 2248 846 2317; x_wconf 89' lang='lat' dir='ltr'><strong>opusculi</strong></span> <span class='ocrx_word' id='word_1_315' title='bbox 859 2265 924 2320; x_wconf 89' lang='lat' dir='ltr'><strong>pro·</strong></span> <span class='ocrx_word' id='word_1_316' title='bbox 972 2247 1134 2305; x_wconf 80' lang='lat' dir='ltr'><strong>diversitas:</strong></span> <span class='ocrx_word' id='word_1_317' title='bbox 1148 2265 1199 2305; x_wconf 92' lang='lat' dir='ltr'><strong>nec</strong></span> <span class='ocrx_word' id='word_1_318' title='bbox 1214 2265 1262 2321; x_wconf 89' lang='lat' dir='ltr'><strong>per</strong></span> <span class='ocrx_word' id='word_1_319' title='bbox 1275 2251 1472 2307; x_wconf 88' lang='lat' dir='ltr'><strong>incarnationis</strong></span> <span class='ocrx_word' id='word_1_320' title='bbox 1487 2251 1647 2321; x_wconf 80' lang='lat' dir='ltr'><strong>mysterium</strong></span> <span class='ocrx_word' id='word_1_321' title='bbox 1660 2251 1765 2322; x_wconf 89' lang='lat' dir='ltr'><strong>aliquid</strong></span> 
     </span>
    </p>

    <p class='ocr_par' dir='ltr' id='par_1_7' title="bbox 74 2331 1764 5342">
     <span class='ocr_line' id='line_1_25' title="bbox 130 2331 1760 2413; baseline 0.006 -27"><span class='ocrx_word' id='word_1_322' title='bbox 130 2332 206 2400; x_wconf 90' lang='lat' dir='ltr'><strong>misi,</strong></span> <span class='ocrx_word' id='word_1_323' title='bbox 218 2333 278 2389; x_wconf 90' lang='lat' dir='ltr'><strong>oleo</strong></span> <span class='ocrx_word' id='word_1_324' title='bbox 301 2335 466 2391; x_wconf 88' lang='lat' dir='ltr'><strong>sacrillcium</strong></span> <span class='ocrx_word' id='word_1_325' title='bbox 485 2337 650 2407; x_wconf 89' lang='lat' dir='ltr'><strong>scriptorum</strong></span> <span class='ocrx_word' id='word_1_326' title='bbox 677 2355 801 2396; x_wconf 93' lang='lat' dir='ltr'><strong>meorum</strong></span> <span class='ocrx_word' id='word_1_327' title='bbox 825 2358 921 2413; x_wconf 87' lang='lat' dir='ltr'><strong>super·</strong></span> <span class='ocrx_word' id='word_1_328' title='bbox 971 2339 1126 2393; x_wconf 83' lang='lat' dir='ltr'><strong>decesserat</strong></span> <span class='ocrx_word' id='word_1_329' title='bbox 1134 2337 1234 2407; x_wconf 81' lang='lat' dir='ltr'><strong>Verbo,</strong></span> <span class='ocrx_word' id='word_1_330' title='bbox 1243 2339 1317 2411; x_wconf 88' lang='lat' dir='ltr'><strong>qnod</strong></span> <span class='ocrx_word' id='word_1_331' title='bbox 1332 2339 1357 2393; x_wconf 88' lang='lat' dir='ltr'><strong>ei</strong></span> <span class='ocrx_word' id='word_1_332' title='bbox 1369 2338 1455 2410; x_wconf 88' lang='lat' dir='ltr'><strong>patris</strong></span> <span class='ocrx_word' id='word_1_333' title='bbox 1467 2331 1580 2394; x_wconf 77' lang='lat' dir='ltr'><strong>metuere</strong></span> <span class='ocrx_word' id='word_1_334' title='bbox 1592 2340 1760 2397; x_wconf 85' lang='lat' dir='ltr'><strong>redderetur.</strong></span> 
     </span>
     <span class='ocr_line' id='line_1_26' title="bbox 74 2408 1764 2501; baseline 0.014 -22"><span class='ocrx_word' id='word_1_335' title='bbox 74 2408 78 2415; x_wconf 61' lang='grc'><strong>’</strong></span> <span class='ocrx_word' id='word_1_336' title='bbox 130 2424 310 2482; x_wconf 77' lang='lat' dir='ltr'><strong>fundendum.</strong></span> <span class='ocrx_word' id='word_1_337' title='bbox 325 2427 394 2484; x_wconf 78' lang='lat' dir='ltr'><strong>Cum</strong></span> <span class='ocrx_word' id='word_1_338' title='bbox 411 2430 483 2485; x_wconf 90' lang='lat' dir='ltr'><strong>euim</strong></span> <span class='ocrx_word' id='word_1_339' title='bbox 497 2431 534 2485; x_wconf 87' lang='lat' dir='ltr'><strong>sit</strong></span> <span class='ocrx_word' id='word_1_340' title='bbox 545 2429 706 2488; x_wconf 87' lang='lat' dir='ltr'><strong>oleumuera</strong></span> <span class='ocrx_word' id='word_1_341' title='bbox 720 2435 844 2490; x_wconf 77' lang='lat' dir='ltr'><strong>veritatis</strong></span> <span class='ocrx_word' id='word_1_342' title='bbox 855 2436 921 2492; x_wconf 91' lang='lat' dir='ltr'><strong>cha·</strong></span> <span class='ocrx_word' id='word_1_343' title='bbox 971 2428 1071 2485; x_wconf 71' lang='lat' dir='ltr'><strong>Formt</strong></span> <span class='ocrx_word' id='word_1_344' title='bbox 1092 2439 1183 2485; x_wconf 68' lang='lat' dir='ltr'><strong>aulem</strong></span> <span class='ocrx_word' id='word_1_345' title='bbox 1197 2432 1281 2498; x_wconf 65' lang='lat' dir='ltr'><strong>terli»</strong></span> <span class='ocrx_word' id='word_1_346' title='bbox 1302 2445 1351 2501; x_wconf 65' lang='lat' dir='ltr'><strong>dei</strong></span> <span class='ocrx_word' id='word_1_347' title='bbox 1365 2445 1448 2501; x_wconf 75' lang='lat' dir='ltr'><strong>l¹¹³¹⁰</strong></span> <span class='ocrx_word' id='word_1_348' title='bbox 1473 2431 1651 2501; x_wconf 63' lang='lat' dir='ltr'><strong>imlissffiffis</strong></span> <span class='ocrx_word' id='word_1_349' title='bbox 1671 2429 1764 2489; x_wconf 56' lang='lat' dir='ltr'><strong>⁰²5¹ss</strong></span> 
     </span>
     <span class='ocr_line' id='line_1_27' title="bbox 129 2518 1762 2594; baseline 0.003 -22"><span class='ocrx_word' id='word_1_350' title='bbox 129 2518 210 2585; x_wconf 88' lang='lat' dir='ltr'><strong>ritas,</strong></span> <span class='ocrx_word' id='word_1_351' title='bbox 223 2518 281 2576; x_wconf 88' lang='lat' dir='ltr'><strong>haee</strong></span> <span class='ocrx_word' id='word_1_352' title='bbox 296 2522 353 2591; x_wconf 89' lang='lat' dir='ltr'><strong>ipsa</strong></span> <span class='ocrx_word' id='word_1_353' title='bbox 380 2538 521 2594; x_wconf 86' lang='lat' dir='ltr'><strong>nurtqtram</strong></span> <span class='ocrx_word' id='word_1_354' title='bbox 542 2531 618 2579; x_wconf 88' lang='lat' dir='ltr'><strong>earet</strong></span> <span class='ocrx_word' id='word_1_355' title='bbox 642 2524 687 2580; x_wconf 84' lang='lat' dir='ltr'><strong>illa</strong></span> <span class='ocrx_word' id='word_1_356' title='bbox 701 2526 874 2584; x_wconf 68' lang='lat' dir='ltr'><strong>aemulatione</strong></span> <span class='ocrx_word' id='word_1_357' title='bbox 887 2530 921 2584; x_wconf 75' lang='lat' dir='ltr'><strong>de</strong></span> <span class='ocrx_word' id='word_1_358' title='bbox 972 2530 1176 2577; x_wconf 89' lang='lat' dir='ltr'><strong>sacramentnm</strong></span> <span class='ocrx_word' id='word_1_359' title='bbox 1203 2537 1309 2593; x_wconf 86' lang='lat' dir='ltr'><strong>magnae</strong></span> <span class='ocrx_word' id='word_1_360' title='bbox 1336 2521 1445 2591; x_wconf 89' lang='lat' dir='ltr'><strong>pietatis</strong></span> <span class='ocrx_word' id='word_1_361' title='bbox 1476 2521 1607 2592; x_wconf 80' lang='lat' dir='ltr'><strong>implerit,</strong></span> <span class='ocrx_word' id='word_1_362' title='bbox 1641 2522 1762 2578; x_wconf 88' lang='lat' dir='ltr'><strong>humana</strong></span> 
     </span>
     <span class='ocr_line' id='line_1_28' title="bbox 129 2612 1763 2684; baseline 0.002 -18"><span class='ocrx_word' id='word_1_363' title='bbox 129 2626 186 2681; x_wconf 89' lang='lat' dir='ltr'><strong>qua</strong></span> <span class='ocrx_word' id='word_1_364' title='bbox 199 2612 312 2669; x_wconf 87' lang='lat' dir='ltr'><strong>dicitur:</strong></span> <span class='ocrx_word' id='word_1_365' title='bbox 329 2613 420 2669; x_wconf 83' lang='lat' dir='ltr'><strong>Fortia</strong></span> <span class='ocrx_word' id='word_1_366' title='bbox 429 2624 467 2670; x_wconf 82' lang='lat' dir='ltr'><strong>est</strong></span> <span class='ocrx_word' id='word_1_367' title='bbox 476 2616 516 2670; x_wconf 79' lang='lat' dir='ltr'><strong>&#39;ut</strong></span> <span class='ocrx_word' id='word_1_368' title='bbox 529 2631 599 2670; x_wconf 88' lang='lat' dir='ltr'><strong>mors</strong></span> <span class='ocrx_word' id='word_1_369' title='bbox 610 2616 734 2683; x_wconf 82' lang='lat' dir='ltr'><strong>dilectio,</strong></span> <span class='ocrx_word' id='word_1_370' title='bbox 755 2618 824 2673; x_wconf 84' lang='lat' dir='ltr'><strong>dara</strong></span> <span class='ocrx_word' id='word_1_371' title='bbox 850 2620 920 2675; x_wconf 84' lang='lat' dir='ltr'><strong>aetat</strong></span> <span class='ocrx_word' id='word_1_372' title='bbox 972 2612 1113 2669; x_wconf 90' lang='lat' dir='ltr'><strong>humilitas</strong></span> <span class='ocrx_word' id='word_1_373' title='bbox 1126 2623 1177 2681; x_wconf 89' lang='lat' dir='ltr'><strong>cst,</strong></span> <span class='ocrx_word' id='word_1_374' title='bbox 1190 2629 1252 2684; x_wconf 71' lang='lat' dir='ltr'><strong>quae</strong></span> <span class='ocrx_word' id='word_1_375' title='bbox 1264 2615 1291 2667; x_wconf 92' lang='lat' dir='ltr'><strong>in</strong></span> <span class='ocrx_word' id='word_1_376' title='bbox 1304 2612 1418 2684; x_wconf 89' lang='lat' dir='ltr'><strong>gloriam</strong></span> <span class='ocrx_word' id='word_1_377' title='bbox 1432 2612 1532 2668; x_wconf 79' lang='lat' dir='ltr'><strong>divinae</strong></span> <span class='ocrx_word' id='word_1_378' title='bbox 1548 2614 1657 2684; x_wconf 88' lang='lat' dir='ltr'><strong>pietatis</strong></span> <span class='ocrx_word' id='word_1_379' title='bbox 1670 2623 1763 2669; x_wconf 88' lang='lat' dir='ltr'><strong>crecta</strong></span> 
     </span>
     <span class='ocr_line' id='line_1_29' title="bbox 128 2704 1761 2778; baseline 0.001 -21"><span class='ocrx_word' id='word_1_380' title='bbox 128 2705 610 2778; x_wconf 56' lang='lat' dir='ltr'><strong>ieprameututettetcmtmmm).</strong></span> <span class='ocrx_word' id='word_1_381' title='bbox 635 2706 835 2764; x_wconf 84' lang='lat' dir='ltr'><strong>llacnimitum</strong></span> <span class='ocrx_word' id='word_1_382' title='bbox 851 2710 920 2765; x_wconf 89' lang='lat' dir='ltr'><strong>dura</strong></span> <span class='ocrx_word' id='word_1_383' title='bbox 970 2714 1023 2771; x_wconf 83' lang='lat' dir='ltr'><strong>est,</strong></span> <span class='ocrx_word' id='word_1_384' title='bbox 1045 2706 1073 2759; x_wconf 90' lang='lat' dir='ltr'><strong>in</strong></span> <span class='ocrx_word' id='word_1_385' title='bbox 1102 2712 1176 2760; x_wconf 90' lang='lat' dir='ltr'><strong>tanta</strong></span> <span class='ocrx_word' id='word_1_386' title='bbox 1203 2705 1308 2759; x_wconf 71' lang='lat' dir='ltr'><strong>animle</strong></span> <span class='ocrx_word' id='word_1_387' title='bbox 1332 2706 1367 2760; x_wconf 89' lang='lat' dir='ltr'><strong>ab</strong></span> <span class='ocrx_word' id='word_1_388' title='bbox 1390 2705 1451 2774; x_wconf 87' lang='lat' dir='ltr'><strong>ipso</strong></span> <span class='ocrx_word' id='word_1_389' title='bbox 1476 2712 1609 2774; x_wconf 88' lang='lat' dir='ltr'><strong>conceptu</strong></span> <span class='ocrx_word' id='word_1_390' title='bbox 1634 2704 1761 2775; x_wconf 82' lang='lat' dir='ltr'><strong>uirginis,</strong></span> 
     </span>
     <span class='ocr_line' id='line_1_30' title="bbox 127 2793 1763 2869; baseline 0.007 -19"><span class='ocrx_word' id='word_1_391' title='bbox 127 2796 272 2853; x_wconf 69' lang='lat' dir='ltr'><strong>ehamarus</strong></span> <span class='ocrx_word' id='word_1_392' title='bbox 287 2798 461 2854; x_wconf 85' lang='lat' dir='ltr'><strong>aemulatione</strong></span> <span class='ocrx_word' id='word_1_393' title='bbox 477 2798 651 2855; x_wconf 86' lang='lat' dir='ltr'><strong>insectandas</strong></span> <span class='ocrx_word' id='word_1_394' title='bbox 665 2808 707 2855; x_wconf 90' lang='lat' dir='ltr'><strong>est</strong></span> <span class='ocrx_word' id='word_1_395' title='bbox 725 2801 880 2869; x_wconf 73' lang='lat' dir='ltr'><strong>haereticus,</strong></span> <span class='ocrx_word' id='word_1_396' title='bbox 893 2811 920 2858; x_wconf 86' lang='lat' dir='ltr'><strong>et</strong></span> <span class='ocrx_word' id='word_1_397' title='bbox 972 2796 1075 2852; x_wconf 87' lang='lat' dir='ltr'><strong>deitate</strong></span> <span class='ocrx_word' id='word_1_398' title='bbox 1093 2805 1120 2851; x_wconf 88' lang='lat' dir='ltr'><strong>et</strong></span> <span class='ocrx_word' id='word_1_399' title='bbox 1150 2795 1321 2850; x_wconf 69' lang='lat' dir='ltr'><strong>humanit-‘tlt</strong></span> <span class='ocrx_word' id='word_1_400' title='bbox 1345 2804 1482 2861; x_wconf 64' lang='lat' dir='ltr'><strong>emittit-‘¹2</strong></span> <span class='ocrx_word' id='word_1_401' title='bbox 1502 2801 1533 2849; x_wconf 73' lang='lat'><strong>¹¹¹</strong></span> <span class='ocrx_word' id='word_1_402' title='bbox 1553 2808 1604 2850; x_wconf 70' lang='lat'><strong>¹¹0⁰</strong></span> <span class='ocrx_word' id='word_1_403' title='bbox 1629 2793 1689 2849; x_wconf 63' lang='lat'><strong>⁸5⁰⁸</strong></span> <span class='ocrx_word' id='word_1_404' title='bbox 1712 2794 1763 2849; x_wconf 88' lang='lat'>¹¹⁰·</span> 
     </span>
     <span class='ocr_line' id='line_1_31' title="bbox 126 2870 1761 2957; baseline 0.001 -18"><span class='ocrx_word' id='word_1_405' title='bbox 126 2886 208 2954; x_wconf 88' lang='lat' dir='ltr'><strong>quasi</strong></span> <span class='ocrx_word' id='word_1_406' title='bbox 219 2888 315 2957; x_wconf 80' lang='lat' dir='ltr'><strong>uulpes</strong></span> <span class='ocrx_word' id='word_1_407' title='bbox 325 2887 475 2945; x_wconf 87' lang='lat' dir='ltr'><strong>demoliens</strong></span> <span class='ocrx_word' id='word_1_408' title='bbox 488 2889 607 2956; x_wconf 80' lang='lat' dir='ltr'><strong>vineam,</strong></span> <span class='ocrx_word' id='word_1_409' title='bbox 628 2890 753 2947; x_wconf 82' lang='lat' dir='ltr'><strong>uidelicet</strong></span> <span class='ocrx_word' id='word_1_410' title='bbox 767 2870 917 2948; x_wconf 83' lang='lat' dir='ltr'><strong>Ecclesiam</strong></span> <span class='ocrx_word' id='word_1_411' title='bbox 951 2890 1046 2944; x_wconf 74' lang='lat' dir='ltr'><strong>mine</strong></span> <span class='ocrx_word' id='word_1_412' title='bbox 1074 2888 1177 2955; x_wconf 84' lang='lat' dir='ltr'><strong>divina,</strong></span> <span class='ocrx_word' id='word_1_413' title='bbox 1200 2902 1250 2942; x_wconf 90' lang='lat' dir='ltr'><strong>aec</strong></span> <span class='ocrx_word' id='word_1_414' title='bbox 1280 2887 1340 2942; x_wconf 92' lang='lat' dir='ltr'><strong>sine</strong></span> <span class='ocrx_word' id='word_1_415' title='bbox 1369 2886 1424 2941; x_wconf 83' lang='lat' dir='ltr'><strong>heo</strong></span> <span class='ocrx_word' id='word_1_416' title='bbox 1451 2892 1597 2956; x_wconf 87' lang='lat' dir='ltr'><strong>agerentur</strong></span> <span class='ocrx_word' id='word_1_417' title='bbox 1629 2883 1761 2940; x_wconf 81' lang='lat' dir='ltr'><strong>hnmana.</strong></span> 
     </span>
     <span class='ocr_line' id='line_1_32' title="bbox 127 2976 1763 3069; baseline 0.001 -39"><span class='ocrx_word' id='word_1_418' title='bbox 127 2976 417 3048; x_wconf 80' lang='lat' dir='ltr'><strong>wirtzelburgensem,</strong></span> <span class='ocrx_word' id='word_1_419' title='bbox 436 2980 462 3033; x_wconf 92' lang='lat' dir='ltr'><strong>in</strong></span> <span class='ocrx_word' id='word_1_420' title='bbox 478 2995 532 3050; x_wconf 91' lang='lat' dir='ltr'><strong>qua</strong></span> <span class='ocrx_word' id='word_1_421' title='bbox 558 2981 646 3037; x_wconf 87' lang='lat' dir='ltr'><strong>latitat</strong></span> <span class='ocrx_word' id='word_1_422' title='bbox 656 2990 766 3039; x_wconf 89' lang='lat' dir='ltr'><strong>nectens</strong></span> <span class='ocrx_word' id='word_1_423' title='bbox 779 2983 875 3039; x_wconf 88' lang='lat' dir='ltr'><strong>trullas</strong></span> <span class='ocrx_word' id='word_1_424' title='bbox 890 2984 917 3039; x_wconf 94' lang='lat' dir='ltr'><strong>in</strong></span> <span class='ocrx_word' id='word_1_425' title='bbox 932 3014 953 3069; x_wconf 72' lang='lat' dir='ltr'>C</span> <span class='ocrx_word' id='word_1_426' title='bbox 970 2979 1085 3051; x_wconf 83' lang='lat' dir='ltr'><strong>Propter</strong></span> <span class='ocrx_word' id='word_1_427' title='bbox 1094 2981 1167 3052; x_wconf 90' lang='lat' dir='ltr'><strong>quod</strong></span> <span class='ocrx_word' id='word_1_428' title='bbox 1181 2976 1391 3036; x_wconf 84' lang='lat' dir='ltr'><strong>steurbotninus</strong></span> <span class='ocrx_word' id='word_1_429' title='bbox 1403 2977 1556 3049; x_wconf 83' lang='lat' dir='ltr'><strong>majestatis</strong></span> <span class='ocrx_word' id='word_1_430' title='bbox 1570 2976 1672 3034; x_wconf 91' lang='lat' dir='ltr'><strong>dicitur</strong></span> <span class='ocrx_word' id='word_1_431' title='bbox 1686 2978 1763 3034; x_wconf 83' lang='lat' dir='ltr'><strong>exal·</strong></span> 
     </span>
     <span class='ocr_line' id='line_1_33' title="bbox 126 3066 1081 3139; baseline 0.002 -19"><span class='ocrx_word' id='word_1_432' title='bbox 126 3067 189 3123; x_wconf 90' lang='lat' dir='ltr'><strong>loco</strong></span> <span class='ocrx_word' id='word_1_433' title='bbox 202 3067 250 3136; x_wconf 91' lang='lat' dir='ltr'><strong>qui</strong></span> <span class='ocrx_word' id='word_1_434' title='bbox 265 3066 365 3123; x_wconf 89' lang='lat' dir='ltr'><strong>dicitur</strong></span> <span class='ocrx_word' id='word_1_435' title='bbox 387 3067 573 3137; x_wconf 87' lang='lat' dir='ltr'><strong>Truienstain,</strong></span> <span class='ocrx_word' id='word_1_436' title='bbox 595 3069 795 3139; x_wconf 85' lang='lat' dir='ltr'><strong>pertrahendus</strong></span> <span class='ocrx_word' id='word_1_437' title='bbox 821 3081 864 3128; x_wconf 92' lang='lat' dir='ltr'><strong>est</strong></span> <span class='ocrx_word' id='word_1_438' title='bbox 885 3074 919 3127; x_wconf 86' lang='lat' dir='ltr'><strong>de</strong></span> <span class='ocrx_word' id='word_1_439' title='bbox 971 3080 1081 3127; x_wconf 69' lang='lat' dir='ltr'><strong>totitas</strong></span> 
     </span>
     <span class='ocr_line' id='line_1_34' title="bbox 126 3158 1760 3232; baseline 0 -19"><span class='ocrx_word' id='word_1_440' title='bbox 126 3158 206 3214; x_wconf 86' lang='lat' dir='ltr'><strong>lovea</strong></span> <span class='ocrx_word' id='word_1_441' title='bbox 219 3175 280 3225; x_wconf 90' lang='lat' dir='ltr'><strong>sua,</strong></span> <span class='ocrx_word' id='word_1_442' title='bbox 301 3158 415 3216; x_wconf 81' lang='lat' dir='ltr'><strong>homino</strong></span> <span class='ocrx_word' id='word_1_443' title='bbox 430 3161 546 3229; x_wconf 85' lang='lat' dir='ltr'><strong>nolente,</strong></span> <span class='ocrx_word' id='word_1_444' title='bbox 560 3160 594 3215; x_wconf 90' lang='lat' dir='ltr'><strong>ad</strong></span> <span class='ocrx_word' id='word_1_445' title='bbox 609 3160 709 3229; x_wconf 90' lang='lat' dir='ltr'><strong>lucem,</strong></span> <span class='ocrx_word' id='word_1_446' title='bbox 736 3178 799 3220; x_wconf 84' lang='lat' dir='ltr'><strong>cunr</strong></span> <span class='ocrx_word' id='word_1_447' title='bbox 822 3173 918 3221; x_wconf 88' lang='lat' dir='ltr'><strong>sauata</strong></span> <span class='ocrx_word' id='word_1_448' title='bbox 1004 3162 1048 3218; x_wconf 90' lang='grc' dir='ltr'><strong>ΙΙΙ.</strong></span> <span class='ocrx_word' id='word_1_449' title='bbox 1066 3162 1130 3219; x_wconf 79' lang='lat' dir='ltr'><strong>llaec</strong></span> <span class='ocrx_word' id='word_1_450' title='bbox 1154 3163 1212 3232; x_wconf 88' lang='lat' dir='ltr'><strong>ipsa</strong></span> <span class='ocrx_word' id='word_1_451' title='bbox 1235 3161 1294 3217; x_wconf 88' lang='lat' dir='ltr'><strong>Caii</strong></span> <span class='ocrx_word' id='word_1_452' title='bbox 1316 3177 1393 3232; x_wconf 77' lang='lat' dir='ltr'><strong>papae</strong></span> <span class='ocrx_word' id='word_1_453' title='bbox 1412 3162 1548 3217; x_wconf 90' lang='lat' dir='ltr'><strong>sententia</strong></span> <span class='ocrx_word' id='word_1_454' title='bbox 1572 3160 1711 3215; x_wconf 82' lang='lat' dir='ltr'><strong>invertitur</strong></span> <span class='ocrx_word' id='word_1_455' title='bbox 1731 3159 1760 3213; x_wconf 92' lang='lat' dir='ltr'><strong>in</strong></span> 
     </span>
     <span class='ocr_line' id='line_1_35' title="bbox 126 3249 1761 3329; baseline 0 -26"><span class='ocrx_word' id='word_1_456' title='bbox 126 3249 252 3305; x_wconf 80' lang='lat' dir='ltr'><strong>Ronmna</strong></span> <span class='ocrx_word' id='word_1_457' title='bbox 268 3249 400 3320; x_wconf 83' lang='lat' dir='ltr'><strong>Ecclesia,</strong></span> <span class='ocrx_word' id='word_1_458' title='bbox 415 3261 593 3329; x_wconf 87' lang='lat' dir='ltr'><strong>utsperamus</strong></span> <span class='ocrx_word' id='word_1_459' title='bbox 608 3254 718 3311; x_wconf 87' lang='lat' dir='ltr'><strong>habehit</strong></span> <span class='ocrx_word' id='word_1_460' title='bbox 730 3269 836 3326; x_wconf 90' lang='lat' dir='ltr'><strong>pacem.</strong></span> <span class='ocrx_word' id='word_1_461' title='bbox 849 3254 918 3311; x_wconf 83' lang='lat' dir='ltr'><strong>Con·</strong></span> <span class='ocrx_word' id='word_1_462' title='bbox 968 3256 1021 3312; x_wconf 89' lang='lat' dir='ltr'><strong>lide</strong></span> <span class='ocrx_word' id='word_1_463' title='bbox 1037 3255 1221 3324; x_wconf 82' lang='lat' dir='ltr'><strong>Leonispapae</strong></span> <span class='ocrx_word' id='word_1_464' title='bbox 1234 3254 1267 3308; x_wconf 89' lang='lat' dir='ltr'><strong>ad</strong></span> <span class='ocrx_word' id='word_1_465' title='bbox 1284 3263 1409 3309; x_wconf 86' lang='lat' dir='ltr'><strong>sanctum</strong></span> <span class='ocrx_word' id='word_1_466' title='bbox 1423 3252 1546 3307; x_wconf 82' lang='lat' dir='ltr'><strong>Flauium</strong></span> <span class='ocrx_word' id='word_1_467' title='bbox 1559 3261 1655 3308; x_wconf 93' lang='lat' dir='ltr'><strong>contra</strong></span> <span class='ocrx_word' id='word_1_468' title='bbox 1677 3250 1761 3321; x_wconf 81' lang='lat' dir='ltr'><strong>Euty-</strong></span> 
     </span>
     <span class='ocr_line' id='line_1_36' title="bbox 126 3341 1760 3415; baseline 0 -19"><span class='ocrx_word' id='word_1_469' title='bbox 126 3341 237 3397; x_wconf 82' lang='lat' dir='ltr'><strong>hdiruus</strong></span> <span class='ocrx_word' id='word_1_470' title='bbox 249 3342 322 3398; x_wconf 92' lang='lat' dir='ltr'><strong>euim</strong></span> <span class='ocrx_word' id='word_1_471' title='bbox 339 3342 479 3399; x_wconf 86' lang='lat' dir='ltr'><strong>Christum</strong></span> <span class='ocrx_word' id='word_1_472' title='bbox 496 3345 544 3415; x_wconf 89' lang='lat' dir='ltr'><strong>qui</strong></span> <span class='ocrx_word' id='word_1_473' title='bbox 567 3362 642 3403; x_wconf 92' lang='lat' dir='ltr'><strong>nunc</strong></span> <span class='ocrx_word' id='word_1_474' title='bbox 654 3346 776 3402; x_wconf 90' lang='lat' dir='ltr'><strong>dormire</strong></span> <span class='ocrx_word' id='word_1_475' title='bbox 797 3345 915 3414; x_wconf 86' lang='lat' dir='ltr'><strong>uidetur,</strong></span> <span class='ocrx_word' id='word_1_476' title='bbox 967 3347 1074 3403; x_wconf 90' lang='lat' dir='ltr'><strong>chetem</strong></span> <span class='ocrx_word' id='word_1_477' title='bbox 1086 3343 1287 3412; x_wconf 81' lang='lat' dir='ltr'><strong>etllestoria&#39;m,</strong></span> <span class='ocrx_word' id='word_1_478' title='bbox 1312 3361 1395 3415; x_wconf 89' lang='lat' dir='ltr'><strong>qnam</strong></span> <span class='ocrx_word' id='word_1_479' title='bbox 1412 3345 1510 3400; x_wconf 79' lang='lat' dir='ltr'><strong>beatam</strong></span> <span class='ocrx_word' id='word_1_480' title='bbox 1523 3343 1672 3415; x_wconf 83' lang='lat' dir='ltr'><strong>Gregorius</strong></span> <span class='ocrx_word' id='word_1_481' title='bbox 1690 3357 1760 3412; x_wconf 86' lang='lat' dir='ltr'><strong>papa</strong></span> 
     </span>
     <span class='ocr_line' id='line_1_37' title="bbox 125 3432 915 3507; baseline 0.006 -20"><span class='ocrx_word' id='word_1_482' title='bbox 125 3432 182 3488; x_wconf 87' lang='lat' dir='ltr'><strong>cito</strong></span> <span class='ocrx_word' id='word_1_483' title='bbox 204 3442 391 3489; x_wconf 87' lang='lat' dir='ltr'><strong>surrecturum</strong></span> <span class='ocrx_word' id='word_1_484' title='bbox 419 3446 447 3491; x_wconf 91' lang='lat' dir='ltr'><strong>et</strong></span> <span class='ocrx_word' id='word_1_485' title='bbox 468 3437 663 3507; x_wconf 85' lang='lat' dir='ltr'><strong>imperaturum</strong></span> <span class='ocrx_word' id='word_1_486' title='bbox 677 3437 766 3494; x_wconf 85' lang='lat' dir='ltr'><strong>uentis</strong></span> <span class='ocrx_word' id='word_1_487' title='bbox 791 3446 819 3493; x_wconf 89' lang='lat' dir='ltr'><strong>et</strong></span> <span class='ocrx_word' id='word_1_488' title='bbox 841 3438 915 3507; x_wconf 85' lang='lat' dir='ltr'><strong>nari,</strong></span> 
     </span>
     <span class='ocr_line' id='line_1_38' title="bbox 126 3523 1759 3600; baseline 0.002 -23"><span class='ocrx_word' id='word_1_489' title='bbox 126 3532 159 3578; x_wconf 92' lang='lat' dir='ltr'><strong>ut</strong></span> <span class='ocrx_word' id='word_1_490' title='bbox 169 3523 216 3578; x_wconf 88' lang='lat' dir='ltr'><strong>liat</strong></span> <span class='ocrx_word' id='word_1_491' title='bbox 228 3526 411 3597; x_wconf 88' lang='lat' dir='ltr'><strong>tranquillitas</strong></span> <span class='ocrx_word' id='word_1_492' title='bbox 432 3543 540 3600; x_wconf 89' lang='lat' dir='ltr'><strong>magna.</strong></span> <span class='ocrx_word' id='word_1_493' title='bbox 559 3528 637 3587; x_wconf 84' lang='lat' dir='ltr'><strong>Tunc</strong></span> <span class='ocrx_word' id='word_1_494' title='bbox 661 3531 685 3587; x_wconf 90' lang='lat' dir='ltr'><strong>si</strong></span> <span class='ocrx_word' id='word_1_495' title='bbox 710 3530 846 3589; x_wconf 82' lang='lat' dir='ltr'><strong>Dominus</strong></span> <span class='ocrx_word' id='word_1_496' title='bbox 864 3547 916 3588; x_wconf 82' lang='lat' dir='ltr'><strong>uo·</strong></span> <span class='ocrx_word' id='word_1_497' title='bbox 966 3530 1048 3587; x_wconf 89' lang='lat' dir='ltr'><strong>iidem</strong></span> <span class='ocrx_word' id='word_1_498' title='bbox 1064 3529 1151 3587; x_wconf 88' lang='lat' dir='ltr'><strong>sancti</strong></span> <span class='ocrx_word' id='word_1_499' title='bbox 1178 3527 1279 3584; x_wconf 85' lang='lat' dir='ltr'><strong>Leonis</strong></span> <span class='ocrx_word' id='word_1_500' title='bbox 1304 3540 1382 3599; x_wconf 84' lang='lat' dir='ltr'><strong>papae</strong></span> <span class='ocrx_word' id='word_1_501' title='bbox 1403 3537 1484 3600; x_wconf 90' lang='lat' dir='ltr'><strong>auget</strong></span> <span class='ocrx_word' id='word_1_502' title='bbox 1511 3527 1554 3583; x_wconf 82' lang='lat' dir='ltr'><strong>uel</strong></span> <span class='ocrx_word' id='word_1_503' title='bbox 1580 3526 1691 3591; x_wconf 85' lang='lat' dir='ltr'><strong>minuit,</strong></span> <span class='ocrx_word' id='word_1_504' title='bbox 1714 3526 1759 3581; x_wconf 84' lang='lat' dir='ltr'><strong>rel</strong></span> 
     </span>
     <span class='ocr_line' id='line_1_39' title="bbox 125 3612 1757 3694; baseline 0.002 -27"><span class='ocrx_word' id='word_1_505' title='bbox 125 3612 218 3681; x_wconf 88' lang='lat' dir='ltr'><strong>luerit,</strong></span> <span class='ocrx_word' id='word_1_506' title='bbox 241 3623 268 3669; x_wconf 89' lang='lat' dir='ltr'><strong>et</strong></span> <span class='ocrx_word' id='word_1_507' title='bbox 280 3615 303 3670; x_wconf 92' lang='lat' dir='ltr'><strong>si</strong></span> <span class='ocrx_word' id='word_1_508' title='bbox 319 3616 424 3684; x_wconf 83' lang='lat' dir='ltr'><strong>vixero,</strong></span> <span class='ocrx_word' id='word_1_509' title='bbox 438 3617 497 3687; x_wconf 92' lang='lat' dir='ltr'><strong>ipso</strong></span> <span class='ocrx_word' id='word_1_510' title='bbox 517 3618 673 3690; x_wconf 83' lang='lat' dir='ltr'><strong>adjurante,</strong></span> <span class='ocrx_word' id='word_1_511' title='bbox 701 3619 826 3677; x_wconf 83' lang='lat' dir='ltr'><strong>Romano</strong></span> <span class='ocrx_word' id='word_1_512' title='bbox 845 3636 915 3693; x_wconf 87' lang='lat' dir='ltr'><strong>pon·</strong></span> <span class='ocrx_word' id='word_1_513' title='bbox 966 3622 1097 3694; x_wconf 86' lang='lat' dir='ltr'><strong>usquead</strong></span> <span class='ocrx_word' id='word_1_514' title='bbox 1112 3635 1199 3676; x_wconf 83' lang='lat' dir='ltr'><strong>arnum</strong></span> <span class='ocrx_word' id='word_1_515' title='bbox 1214 3627 1337 3674; x_wconf 89' lang='lat' dir='ltr'><strong>atomum</strong></span> <span class='ocrx_word' id='word_1_516' title='bbox 1363 3619 1480 3688; x_wconf 85' lang='lat' dir='ltr'><strong>pleniter</strong></span> <span class='ocrx_word' id='word_1_517' title='bbox 1497 3632 1552 3673; x_wconf 92' lang='lat' dir='ltr'><strong>nou</strong></span> <span class='ocrx_word' id='word_1_518' title='bbox 1570 3616 1757 3687; x_wconf 85' lang='lat' dir='ltr'><strong>amplectitur,</strong></span> 
     </span>
     <span class='ocr_line' id='line_1_40' title="bbox 126 3703 1760 3783; baseline 0.004 -25"><span class='ocrx_word' id='word_1_519' title='bbox 126 3704 192 3758; x_wconf 86' lang='lat' dir='ltr'><strong>titlci</strong></span> <span class='ocrx_word' id='word_1_520' title='bbox 208 3703 262 3760; x_wconf 93' lang='lat' dir='ltr'><strong>hoc</strong></span> <span class='ocrx_word' id='word_1_521' title='bbox 280 3704 369 3775; x_wconf 90' lang='lat' dir='ltr'><strong>ipsum</strong></span> <span class='ocrx_word' id='word_1_522' title='bbox 388 3707 508 3763; x_wconf 89' lang='lat' dir='ltr'><strong>libellum</strong></span> <span class='ocrx_word' id='word_1_523' title='bbox 530 3709 571 3764; x_wconf 88' lang='lat' dir='ltr'><strong>uei</strong></span> <span class='ocrx_word' id='word_1_524' title='bbox 587 3723 636 3780; x_wconf 88' lang='lat' dir='ltr'><strong>per</strong></span> <span class='ocrx_word' id='word_1_525' title='bbox 651 3725 696 3766; x_wconf 90' lang='lat' dir='ltr'><strong>me</strong></span> <span class='ocrx_word' id='word_1_526' title='bbox 719 3711 762 3768; x_wconf 86' lang='lat' dir='ltr'><strong>vel</strong></span> <span class='ocrx_word' id='word_1_527' title='bbox 787 3726 836 3783; x_wconf 89' lang='lat' dir='ltr'><strong>per</strong></span> <span class='ocrx_word' id='word_1_528' title='bbox 855 3727 916 3769; x_wconf 89' lang='lat' dir='ltr'><strong>cer·</strong></span> <span class='ocrx_word' id='word_1_529' title='bbox 965 3728 1021 3769; x_wconf 89' lang='lat' dir='ltr'><strong>uon</strong></span> <span class='ocrx_word' id='word_1_530' title='bbox 1036 3713 1122 3768; x_wconf 87' lang='lat' dir='ltr'><strong>modo</strong></span> <span class='ocrx_word' id='word_1_531' title='bbox 1136 3712 1281 3783; x_wconf 86' lang='lat' dir='ltr'><strong>episeopus</strong></span> <span class='ocrx_word' id='word_1_532' title='bbox 1298 3725 1352 3764; x_wconf 90' lang='lat' dir='ltr'><strong>non</strong></span> <span class='ocrx_word' id='word_1_533' title='bbox 1366 3710 1562 3777; x_wconf 89' lang='lat' dir='ltr'><strong>estdiceudus,</strong></span> <span class='ocrx_word' id='word_1_534' title='bbox 1577 3710 1625 3766; x_wconf 90' lang='lat' dir='ltr'><strong>sed</strong></span> <span class='ocrx_word' id='word_1_535' title='bbox 1644 3711 1760 3765; x_wconf 75' lang='lat' dir='ltr'><strong>anatim:</strong></span> 
     </span>
     <span class='ocr_line' id='line_1_41' title="bbox 124 3795 1760 3873; baseline 0.007 -26"><span class='ocrx_word' id='word_1_536' title='bbox 124 3802 185 3848; x_wconf 93' lang='lat' dir='ltr'><strong>tum</strong></span> <span class='ocrx_word' id='word_1_537' title='bbox 207 3795 332 3851; x_wconf 88' lang='lat' dir='ltr'><strong>nautium</strong></span> <span class='ocrx_word' id='word_1_538' title='bbox 365 3797 545 3866; x_wconf 78' lang='lat' dir='ltr'><strong>praesentabo.</strong></span> <span class='ocrx_word' id='word_1_539' title='bbox 572 3797 685 3857; x_wconf 84' lang='lat' dir='ltr'><strong>interim</strong></span> <span class='ocrx_word' id='word_1_540' title='bbox 715 3816 780 3857; x_wconf 84' lang='lat' dir='ltr'><strong>uero</strong></span> <span class='ocrx_word' id='word_1_541' title='bbox 802 3802 915 3859; x_wconf 88' lang='lat' dir='ltr'><strong>semotis</strong></span> <span class='ocrx_word' id='word_1_542' title='bbox 965 3813 1039 3860; x_wconf 87' lang='lat' dir='ltr'><strong>mate</strong></span> <span class='ocrx_word' id='word_1_543' title='bbox 1049 3800 1419 3873; x_wconf 75' lang='lat' dir='ltr'><strong>sempiternoplcctendus.»</strong></span> <span class='ocrx_word' id='word_1_544' title='bbox 1436 3799 1604 3856; x_wconf 85' lang='lat' dir='ltr'><strong>hicitautem</strong></span> <span class='ocrx_word' id='word_1_545' title='bbox 1619 3799 1760 3858; x_wconf 82' lang='lat' dir='ltr'><strong>taemlea</strong></span> 
     </span>
     <span class='ocr_line' id='line_1_42' title="bbox 124 3886 1757 3964; baseline 0.002 -23"><span class='ocrx_word' id='word_1_546' title='bbox 124 3886 313 3943; x_wconf 79' lang='lat' dir='ltr'><strong>aemulismeis</strong></span> <span class='ocrx_word' id='word_1_547' title='bbox 329 3888 381 3944; x_wconf 92' lang='lat' dir='ltr'><strong>hoc</strong></span> <span class='ocrx_word' id='word_1_548' title='bbox 400 3889 615 3959; x_wconf 78' lang='lat' dir='ltr'><strong>diffamantibus,</strong></span> <span class='ocrx_word' id='word_1_549' title='bbox 632 3892 705 3962; x_wconf 90' lang='lat' dir='ltr'><strong>quod</strong></span> <span class='ocrx_word' id='word_1_550' title='bbox 718 3907 770 3964; x_wconf 85' lang='lat' dir='ltr'><strong>ego</strong></span> <span class='ocrx_word' id='word_1_551' title='bbox 795 3894 825 3949; x_wconf 94' lang='lat' dir='ltr'><strong>in</strong></span> <span class='ocrx_word' id='word_1_552' title='bbox 845 3909 922 3950; x_wconf 73' lang='lat' dir='ltr'><strong>con·v</strong></span> <span class='ocrx_word' id='word_1_553' title='bbox 965 3894 994 3950; x_wconf 93' lang='lat' dir='ltr'><strong>in</strong></span> <span class='ocrx_word' id='word_1_554' title='bbox 1008 3893 1131 3964; x_wconf 75' lang='lat' dir='ltr'><strong>eiusdem</strong></span> <span class='ocrx_word' id='word_1_555' title='bbox 1155 3908 1213 3948; x_wconf 85' lang='lat' dir='ltr'><strong>suae</strong></span> <span class='ocrx_word' id='word_1_556' title='bbox 1229 3891 1290 3946; x_wconf 89' lang='lat' dir='ltr'><strong>lidei</strong></span> <span class='ocrx_word' id='word_1_557' title='bbox 1313 3890 1500 3960; x_wconf 82' lang='lat' dir='ltr'><strong>expositione:</strong></span> <span class='ocrx_word' id='word_1_558' title='bbox 1532 3886 1615 3944; x_wconf 78' lang='lat' dir='ltr'><strong>«Nec</strong></span> <span class='ocrx_word' id='word_1_559' title='bbox 1636 3886 1757 3944; x_wconf 80' lang='lat' dir='ltr'><strong>Verbum</strong></span> 
     </span>
     <span class='ocr_line' id='line_1_43' title="bbox 124 3976 1757 4057; baseline 0.003 -26"><span class='ocrx_word' id='word_1_560' title='bbox 124 3976 200 4032; x_wconf 88' lang='lat' dir='ltr'><strong>llictu</strong></span> <span class='ocrx_word' id='word_1_561' title='bbox 213 3976 433 4051; x_wconf 83' lang='lat' dir='ltr'><strong>babenbergensi</strong></span> <span class='ocrx_word' id='word_1_562' title='bbox 444 3982 557 4037; x_wconf 90' lang='lat' dir='ltr'><strong>omuino</strong></span> <span class='ocrx_word' id='word_1_563' title='bbox 585 3982 743 4052; x_wconf 75' lang='lat' dir='ltr'><strong>defecerim,</strong></span> <span class='ocrx_word' id='word_1_564' title='bbox 769 3986 843 4057; x_wconf 87' lang='lat' dir='ltr'><strong>qood</strong></span> <span class='ocrx_word' id='word_1_565' title='bbox 863 3986 915 4042; x_wconf 88' lang='lat' dir='ltr'><strong>lai·</strong></span> <span class='ocrx_word' id='word_1_566' title='bbox 965 3984 1191 4050; x_wconf 91' lang='lat' dir='ltr'><strong>incarnem,nec</strong></span> <span class='ocrx_word' id='word_1_567' title='bbox 1211 3983 1238 4037; x_wconf 94' lang='lat' dir='ltr'><strong>in</strong></span> <span class='ocrx_word' id='word_1_568' title='bbox 1267 3981 1387 4039; x_wconf 75' lang='lat' dir='ltr'><strong>Verbum</strong></span> <span class='ocrx_word' id='word_1_569' title='bbox 1410 3995 1476 4037; x_wconf 92' lang='lat' dir='ltr'><strong>caro</strong></span> <span class='ocrx_word' id='word_1_570' title='bbox 1493 3989 1598 4035; x_wconf 72' lang='lat' dir='ltr'><strong>mutua</strong></span> <span class='ocrx_word' id='word_1_571' title='bbox 1621 3989 1680 4047; x_wconf 88' lang='lat' dir='ltr'><strong>est·;</strong></span> <span class='ocrx_word' id='word_1_572' title='bbox 1709 3981 1757 4036; x_wconf 87' lang='lat' dir='ltr'><strong>sed</strong></span> 
     </span>
     <span class='ocr_line' id='line_1_44' title="bbox 124 4070 1755 4146; baseline 0.002 -23"><span class='ocrx_word' id='word_1_573' title='bbox 124 4083 188 4124; x_wconf 92' lang='lat' dir='ltr'><strong>sum</strong></span> <span class='ocrx_word' id='word_1_574' title='bbox 204 4083 265 4126; x_wconf 87' lang='lat' dir='ltr'><strong>csse</strong></span> <span class='ocrx_word' id='word_1_575' title='bbox 276 4078 304 4124; x_wconf 89' lang='lat' dir='ltr'><strong>tu</strong></span> <span class='ocrx_word' id='word_1_576' title='bbox 317 4070 400 4139; x_wconf 89' lang='lat' dir='ltr'><strong>nosti,</strong></span> <span class='ocrx_word' id='word_1_577' title='bbox 415 4072 489 4142; x_wconf 91' lang='lat' dir='ltr'><strong>qnod</strong></span> <span class='ocrx_word' id='word_1_578' title='bbox 514 4071 602 4129; x_wconf 87' lang='lat' dir='ltr'><strong>eidem</strong></span> <span class='ocrx_word' id='word_1_579' title='bbox 624 4072 763 4130; x_wconf 80' lang='lat' dir='ltr'><strong>conflictui</strong></span> <span class='ocrx_word' id='word_1_580' title='bbox 791 4090 913 4145; x_wconf 83' lang='lat' dir='ltr'><strong>praesens</strong></span> <span class='ocrx_word' id='word_1_581' title='bbox 964 4085 1112 4146; x_wconf 89' lang='lat' dir='ltr'><strong>utrumqne</strong></span> <span class='ocrx_word' id='word_1_582' title='bbox 1133 4076 1161 4130; x_wconf 92' lang='lat' dir='ltr'><strong>in</strong></span> <span class='ocrx_word' id='word_1_583' title='bbox 1174 4090 1229 4130; x_wconf 93' lang='lat' dir='ltr'><strong>uno</strong></span> <span class='ocrx_word' id='word_1_584' title='bbox 1242 4083 1345 4141; x_wconf 87' lang='lat' dir='ltr'><strong>manet,</strong></span> <span class='ocrx_word' id='word_1_585' title='bbox 1369 4082 1397 4129; x_wconf 89' lang='lat' dir='ltr'><strong>et</strong></span> <span class='ocrx_word' id='word_1_586' title='bbox 1419 4073 1529 4127; x_wconf 91' lang='lat' dir='ltr'><strong>uuusio</strong></span> <span class='ocrx_word' id='word_1_587' title='bbox 1559 4079 1755 4141; x_wconf 82' lang='lat' dir='ltr'><strong>atroqueest:</strong></span> 
     </span>
     <span class='ocr_line' id='line_1_45' title="bbox 124 4160 1755 4239; baseline 0.001 -22"><span class='ocrx_word' id='word_1_588' title='bbox 124 4160 247 4230; x_wconf 86' lang='lat' dir='ltr'><strong>adluisti,</strong></span> <span class='ocrx_word' id='word_1_589' title='bbox 272 4163 373 4235; x_wconf 89' lang='lat' dir='ltr'><strong>quique</strong></span> <span class='ocrx_word' id='word_1_590' title='bbox 400 4175 429 4221; x_wconf 91' lang='lat' dir='ltr'><strong>ut</strong></span> <span class='ocrx_word' id='word_1_591' title='bbox 449 4163 611 4221; x_wconf 79' lang='lat' dir='ltr'><strong>offendicula</strong></span> <span class='ocrx_word' id='word_1_592' title='bbox 638 4165 761 4237; x_wconf 67' lang='lat' dir='ltr'><strong>quadam</strong></span> <span class='ocrx_word' id='word_1_593' title='bbox 788 4170 914 4239; x_wconf 82' lang='lat' dir='ltr'><strong>exemplo</strong></span> <span class='ocrx_word' id='word_1_594' title='bbox 964 4165 1315 4232; x_wconf 84' lang='lat' dir='ltr'><strong>necdiversitatedirisus,</strong></span> <span class='ocrx_word' id='word_1_595' title='bbox 1330 4180 1381 4220; x_wconf 91' lang='lat' dir='ltr'><strong>nee</strong></span> <span class='ocrx_word' id='word_1_596' title='bbox 1409 4163 1586 4233; x_wconf 90' lang='lat' dir='ltr'><strong>permistione</strong></span> <span class='ocrx_word' id='word_1_597' title='bbox 1610 4160 1755 4229; x_wconf 89' lang='lat' dir='ltr'><strong>coulusus,</strong></span> 
     </span>
     <span class='ocr_line' id='line_1_46' title="bbox 123 4252 1757 4328; baseline -0.001 -19"><span class='ocrx_word' id='word_1_598' title='bbox 123 4253 195 4309; x_wconf 90' lang='lat' dir='ltr'><strong>heati</strong></span> <span class='ocrx_word' id='word_1_599' title='bbox 206 4252 350 4327; x_wconf 80' lang='lat' dir='ltr'><strong>Augustini</strong></span> <span class='ocrx_word' id='word_1_600' title='bbox 368 4264 554 4323; x_wconf 89' lang='lat' dir='ltr'><strong>retractarem,</strong></span> <span class='ocrx_word' id='word_1_601' title='bbox 578 4265 641 4328; x_wconf 89' lang='lat' dir='ltr'><strong>post</strong></span> <span class='ocrx_word' id='word_1_602' title='bbox 665 4256 821 4316; x_wconf 88' lang='lat' dir='ltr'><strong>condictum</strong></span> <span class='ocrx_word' id='word_1_603' title='bbox 835 4258 911 4315; x_wconf 91' lang='lat' dir='ltr'><strong>illum</strong></span> <span class='ocrx_word' id='word_1_604' title='bbox 964 4272 1015 4313; x_wconf 88' lang='lat' dir='ltr'><strong>nce</strong></span> <span class='ocrx_word' id='word_1_605' title='bbox 1027 4257 1096 4313; x_wconf 85' lang='lat' dir='ltr'><strong>alter</strong></span> <span class='ocrx_word' id='word_1_606' title='bbox 1114 4272 1147 4312; x_wconf 80' lang='lat' dir='ltr'><strong>er</strong></span> <span class='ocrx_word' id='word_1_607' title='bbox 1158 4255 1250 4323; x_wconf 89' lang='lat' dir='ltr'><strong>Patre,</strong></span> <span class='ocrx_word' id='word_1_608' title='bbox 1264 4256 1333 4311; x_wconf 91' lang='lat' dir='ltr'><strong>alter</strong></span> <span class='ocrx_word' id='word_1_609' title='bbox 1346 4270 1381 4311; x_wconf 80' lang='lat' dir='ltr'><strong>cx</strong></span> <span class='ocrx_word' id='word_1_610' title='bbox 1404 4263 1510 4310; x_wconf 77' lang='lat' dir='ltr'><strong>unane:</strong></span> <span class='ocrx_word' id='word_1_611' title='bbox 1523 4253 1571 4309; x_wconf 88' lang='lat' dir='ltr'><strong>sed</strong></span> <span class='ocrx_word' id='word_1_612' title='bbox 1589 4252 1661 4310; x_wconf 88' lang='lat' dir='ltr'><strong>idem</strong></span> <span class='ocrx_word' id='word_1_613' title='bbox 1675 4253 1757 4309; x_wconf 88' lang='lat' dir='ltr'><strong>aliter</strong></span> 
     </span>
     <span class='ocr_line' id='line_1_47' title="bbox 124 4342 1754 4422; baseline -0.002 -20"><span class='ocrx_word' id='word_1_614' title='bbox 124 4345 237 4417; x_wconf 89' lang='lat' dir='ltr'><strong>rogasti,</strong></span> <span class='ocrx_word' id='word_1_615' title='bbox 253 4348 420 4404; x_wconf 88' lang='lat' dir='ltr'><strong>consulendo</strong></span> <span class='ocrx_word' id='word_1_616' title='bbox 434 4348 526 4420; x_wconf 89' lang='lat' dir='ltr'><strong>potius</strong></span> <span class='ocrx_word' id='word_1_617' title='bbox 552 4365 635 4422; x_wconf 90' lang='lat' dir='ltr'><strong>quam</strong></span> <span class='ocrx_word' id='word_1_618' title='bbox 652 4349 845 4420; x_wconf 88' lang='lat' dir='ltr'><strong>praecipiendo,</strong></span> <span class='ocrx_word' id='word_1_619' title='bbox 871 4350 913 4406; x_wconf 86' lang='lat' dir='ltr'><strong>id·</strong></span> <span class='ocrx_word' id='word_1_620' title='bbox 930 4350 998 4409; x_wconf 76' lang='lat' dir='ltr'><strong>Dea</strong></span> <span class='ocrx_word' id='word_1_621' title='bbox 1012 4345 1093 4402; x_wconf 89' lang='lat' dir='ltr'><strong>Patre</strong></span> <span class='ocrx_word' id='word_1_622' title='bbox 1104 4356 1167 4401; x_wconf 90' lang='lat' dir='ltr'><strong>aute</strong></span> <span class='ocrx_word' id='word_1_623' title='bbox 1177 4360 1258 4401; x_wconf 86' lang='lat' dir='ltr'><strong>omrte</strong></span> <span class='ocrx_word' id='word_1_624' title='bbox 1270 4344 1445 4415; x_wconf 91' lang='lat' dir='ltr'><strong>principium,</strong></span> <span class='ocrx_word' id='word_1_625' title='bbox 1459 4343 1538 4399; x_wconf 88' lang='lat' dir='ltr'><strong>aliter</strong></span> <span class='ocrx_word' id='word_1_626' title='bbox 1554 4342 1588 4399; x_wconf 90' lang='lat' dir='ltr'><strong>dc</strong></span> <span class='ocrx_word' id='word_1_627' title='bbox 1615 4350 1703 4398; x_wconf 87' lang='lat' dir='ltr'><strong>tuatre</strong></span> <span class='ocrx_word' id='word_1_628' title='bbox 1724 4343 1754 4399; x_wconf 92' lang='lat' dir='ltr'><strong>in</strong></span> 
     </span>
     <span class='ocr_line' id='line_1_48' title="bbox 124 4433 1753 4511; baseline -0.004 -17"><span class='ocrx_word' id='word_1_629' title='bbox 124 4439 214 4509; x_wconf 91' lang='lat' dir='ltr'><strong>ipsum</strong></span> <span class='ocrx_word' id='word_1_630' title='bbox 233 4455 354 4511; x_wconf 89' lang='lat' dir='ltr'><strong>quoque,</strong></span> <span class='ocrx_word' id='word_1_631' title='bbox 375 4441 535 4498; x_wconf 88' lang='lat' dir='ltr'><strong>consulente</strong></span> <span class='ocrx_word' id='word_1_632' title='bbox 557 4441 669 4498; x_wconf 92' lang='lat' dir='ltr'><strong>domino</strong></span> <span class='ocrx_word' id='word_1_633' title='bbox 692 4439 911 4511; x_wconf 83' lang='lat' dir='ltr'><strong>babenbergensi</strong></span> <span class='ocrx_word' id='word_1_634' title='bbox 963 4437 1017 4493; x_wconf 86' lang='lat' dir='ltr'><strong>line</strong></span> <span class='ocrx_word' id='word_1_635' title='bbox 1030 4437 1193 4493; x_wconf 74' lang='lat' dir='ltr'><strong>saeculorum</strong></span> <span class='ocrx_word' id='word_1_636' title='bbox 1203 4452 1214 4502; x_wconf 91' lang='lat'><strong>,·</strong></span> <span class='ocrx_word' id='word_1_637' title='bbox 1230 4445 1260 4491; x_wconf 86' lang='lat' dir='ltr'><strong>ut</strong></span> <span class='ocrx_word' id='word_1_638' title='bbox 1277 4444 1351 4492; x_wconf 88' lang='lat' dir='ltr'><strong>esset</strong></span> <span class='ocrx_word' id='word_1_639' title='bbox 1362 4435 1495 4490; x_wconf 89' lang='lat' dir='ltr'><strong>mediator</strong></span> <span class='ocrx_word' id='word_1_640' title='bbox 1511 4433 1559 4489; x_wconf 85' lang='lat' dir='ltr'><strong>hei</strong></span> <span class='ocrx_word' id='word_1_641' title='bbox 1569 4441 1597 4489; x_wconf 89' lang='lat' dir='ltr'><strong>et</strong></span> <span class='ocrx_word' id='word_1_642' title='bbox 1611 4433 1753 4488; x_wconf 84' lang='lat' dir='ltr'><strong>hortunam</strong></span> 
     </span>
     <span class='ocr_line' id='line_1_49' title="bbox 123 4526 1754 4604; baseline -0.005 -16"><span class='ocrx_word' id='word_1_643' title='bbox 123 4529 331 4600; x_wconf 77' lang='lat' dir='ltr'><strong>attimacum,</strong></span> <span class='ocrx_word' id='word_1_644' title='bbox 349 4533 496 4603; x_wconf 85' lang='lat' dir='ltr'><strong>utputaui,</strong></span> <span class='ocrx_word' id='word_1_645' title='bbox 521 4531 628 4600; x_wconf 92' lang='lat' dir='ltr'><strong>amicis,</strong></span> <span class='ocrx_word' id='word_1_646' title='bbox 650 4547 746 4591; x_wconf 82' lang='lat' dir='ltr'><strong>uerum</strong></span> <span class='ocrx_word' id='word_1_647' title='bbox 769 4534 840 4590; x_wconf 89' lang='lat' dir='ltr'><strong>sicut</strong></span> <span class='ocrx_word' id='word_1_648' title='bbox 859 4548 911 4604; x_wconf 89' lang='lat' dir='ltr'><strong>po·</strong></span> <span class='ocrx_word' id='word_1_649' title='bbox 963 4534 1046 4589; x_wconf 90' lang='lat' dir='ltr'><strong>homo</strong></span> <span class='ocrx_word' id='word_1_650' title='bbox 1059 4531 1188 4589; x_wconf 86' lang='lat' dir='ltr'><strong>Christus</strong></span> <span class='ocrx_word' id='word_1_651' title='bbox 1201 4530 1291 4598; x_wconf 84' lang='lat' dir='ltr'><strong>lesus,</strong></span> <span class='ocrx_word' id='word_1_652' title='bbox 1304 4531 1332 4586; x_wconf 92' lang='lat' dir='ltr'><strong>in</strong></span> <span class='ocrx_word' id='word_1_653' title='bbox 1347 4545 1403 4602; x_wconf 90' lang='lat' dir='ltr'><strong>quo</strong></span> <span class='ocrx_word' id='word_1_654' title='bbox 1425 4528 1590 4585; x_wconf 86' lang='lat' dir='ltr'><strong>inhabitaret</strong></span> <span class='ocrx_word' id='word_1_655' title='bbox 1614 4526 1754 4598; x_wconf 86' lang='lat' dir='ltr'><strong>plenitudo</strong></span> 
     </span>
     <span class='ocr_line' id='line_1_50' title="bbox 123 4620 1750 4696; baseline -0.003 -18"><span class='ocrx_word' id='word_1_656' title='bbox 123 4624 311 4694; x_wconf 87' lang='lat' dir='ltr'><strong>stcacomperi</strong></span> <span class='ocrx_word' id='word_1_657' title='bbox 328 4640 382 4680; x_wconf 92' lang='lat' dir='ltr'><strong>non</strong></span> <span class='ocrx_word' id='word_1_658' title='bbox 398 4624 677 4695; x_wconf 83' lang='lat' dir='ltr'><strong>ptaneamieamthus,</strong></span> <span class='ocrx_word' id='word_1_659' title='bbox 688 4626 752 4696; x_wconf 89' lang='lat' dir='ltr'><strong>quia</strong></span> <span class='ocrx_word' id='word_1_660' title='bbox 766 4640 814 4695; x_wconf 87' lang='lat' dir='ltr'><strong>per</strong></span> <span class='ocrx_word' id='word_1_661' title='bbox 826 4641 910 4682; x_wconf 91' lang='lat' dir='ltr'><strong>unum</strong></span> <span class='ocrx_word' id='word_1_662' title='bbox 962 4625 1113 4681; x_wconf 84' lang='lat' dir='ltr'><strong>divinitatis</strong></span> <span class='ocrx_word' id='word_1_663' title='bbox 1123 4625 1313 4696; x_wconf 86' lang='lat' dir='ltr'><strong>corporaliter.</strong></span> <span class='ocrx_word' id='word_1_664' title='bbox 1342 4622 1412 4690; x_wconf 84' lang='lat' dir='ltr'><strong>Qrtia</strong></span> <span class='ocrx_word' id='word_1_665' title='bbox 1436 4620 1572 4690; x_wconf 88' lang='lat' dir='ltr'><strong>assumpti</strong></span> <span class='ocrx_word' id='word_1_666' title='bbox 1597 4633 1653 4675; x_wconf 82' lang='lat' dir='ltr'><strong>troo</strong></span> <span class='ocrx_word' id='word_1_667' title='bbox 1668 4633 1750 4675; x_wconf 87' lang='lat' dir='ltr'><strong>assu·</strong></span> 
     </span>
     <span class='ocr_line' id='line_1_51' title="bbox 122 4710 1754 4788; baseline -0.003 -18"><span class='ocrx_word' id='word_1_668' title='bbox 122 4715 232 4773; x_wconf 88' lang='lat' dir='ltr'><strong>illorum</strong></span> <span class='ocrx_word' id='word_1_669' title='bbox 250 4716 358 4777; x_wconf 88' lang='lat' dir='ltr'><strong>libellus</strong></span> <span class='ocrx_word' id='word_1_670' title='bbox 371 4716 415 4772; x_wconf 91' lang='lat' dir='ltr'><strong>ille</strong></span> <span class='ocrx_word' id='word_1_671' title='bbox 426 4716 539 4788; x_wconf 88' lang='lat' dir='ltr'><strong>repudio</strong></span> <span class='ocrx_word' id='word_1_672' title='bbox 550 4716 650 4788; x_wconf 89' lang='lat' dir='ltr'><strong>dignus</strong></span> <span class='ocrx_word' id='word_1_673' title='bbox 661 4726 757 4773; x_wconf 86' lang='lat' dir='ltr'><strong>contra</strong></span> <span class='ocrx_word' id='word_1_674' title='bbox 773 4732 817 4772; x_wconf 93' lang='lat' dir='ltr'><strong>me</strong></span> <span class='ocrx_word' id='word_1_675' title='bbox 840 4718 910 4785; x_wconf 55' lang='lat' dir='ltr'><strong>scri:</strong></span> <span class='ocrx_word' id='word_1_676' title='bbox 961 4718 1062 4774; x_wconf 86' lang='lat' dir='ltr'><strong>mentis</strong></span> <span class='ocrx_word' id='word_1_677' title='bbox 1073 4718 1211 4788; x_wconf 81' lang='lat' dir='ltr'><strong>protectio</strong></span> <span class='ocrx_word' id='word_1_678' title='bbox 1222 4723 1275 4783; x_wconf 87' lang='lat' dir='ltr'><strong>est,</strong></span> <span class='ocrx_word' id='word_1_679' title='bbox 1290 4714 1363 4784; x_wconf 90' lang='lat' dir='ltr'><strong>qnod</strong></span> <span class='ocrx_word' id='word_1_680' title='bbox 1375 4713 1446 4768; x_wconf 85' lang='lat' dir='ltr'><strong>Deus</strong></span> <span class='ocrx_word' id='word_1_681' title='bbox 1465 4711 1542 4765; x_wconf 91' lang='lat' dir='ltr'><strong>illum</strong></span> <span class='ocrx_word' id='word_1_682' title='bbox 1566 4710 1705 4775; x_wconf 83' lang='lat' dir='ltr'><strong>exaltavit,</strong></span> <span class='ocrx_word' id='word_1_683' title='bbox 1726 4717 1754 4766; x_wconf 89' lang='lat' dir='ltr'><strong>ct</strong></span> 
     </span>
     <span class='ocr_line' id='line_1_52' title="bbox 121 4807 1751 4883; baseline -0.005 -18"><span class='ocrx_word' id='word_1_684' title='bbox 121 4820 196 4882; x_wconf 88' lang='lat' dir='ltr'><strong>ptus,</strong></span> <span class='ocrx_word' id='word_1_685' title='bbox 207 4827 290 4882; x_wconf 88' lang='lat' dir='ltr'><strong>quem</strong></span> <span class='ocrx_word' id='word_1_686' title='bbox 306 4826 356 4883; x_wconf 89' lang='lat' dir='ltr'><strong>ego</strong></span> <span class='ocrx_word' id='word_1_687' title='bbox 374 4826 515 4883; x_wconf 92' lang='lat' dir='ltr'><strong>nunquam</strong></span> <span class='ocrx_word' id='word_1_688' title='bbox 530 4810 584 4866; x_wconf 84' lang='lat' dir='ltr'><strong>vidi</strong></span> <span class='ocrx_word' id='word_1_689' title='bbox 603 4820 648 4866; x_wconf 92' lang='lat' dir='ltr'><strong>aut</strong></span> <span class='ocrx_word' id='word_1_690' title='bbox 674 4811 737 4882; x_wconf 84' lang='lat' dir='ltr'><strong>legi,</strong></span> <span class='ocrx_word' id='word_1_691' title='bbox 753 4811 855 4867; x_wconf 92' lang='lat' dir='ltr'><strong>missus</strong></span> <span class='ocrx_word' id='word_1_692' title='bbox 868 4824 911 4868; x_wconf 92' lang='lat' dir='ltr'><strong>est</strong></span> <span class='ocrx_word' id='word_1_693' title='bbox 961 4809 1074 4866; x_wconf 87' lang='lat' dir='ltr'><strong>donarit</strong></span> <span class='ocrx_word' id='word_1_694' title='bbox 1091 4809 1129 4864; x_wconf 91' lang='lat' dir='ltr'><strong>illi</strong></span> <span class='ocrx_word' id='word_1_695' title='bbox 1142 4823 1253 4874; x_wconf 91' lang='lat' dir='ltr'><strong>nomen,</strong></span> <span class='ocrx_word' id='word_1_696' title='bbox 1267 4807 1340 4877; x_wconf 89' lang='lat' dir='ltr'><strong>quod</strong></span> <span class='ocrx_word' id='word_1_697' title='bbox 1357 4812 1400 4860; x_wconf 92' lang='lat' dir='ltr'><strong>est</strong></span> <span class='ocrx_word' id='word_1_698' title='bbox 1425 4820 1508 4875; x_wconf 89' lang='lat' dir='ltr'><strong>super</strong></span> <span class='ocrx_word' id='word_1_699' title='bbox 1535 4818 1617 4860; x_wconf 91' lang='lat' dir='ltr'><strong>omne</strong></span> <span class='ocrx_word' id='word_1_700' title='bbox 1639 4817 1751 4859; x_wconf 86' lang='lat' dir='ltr'><strong>nornen.</strong></span> 
     </span>
     <span class='ocr_line' id='line_1_53' title="bbox 121 4896 1751 4973; baseline -0.006 -13"><span class='ocrx_word' id='word_1_701' title='bbox 121 4903 235 4960; x_wconf 90' lang='lat' dir='ltr'><strong>domino</strong></span> <span class='ocrx_word' id='word_1_702' title='bbox 246 4902 327 4960; x_wconf 87' lang='lat' dir='ltr'><strong>Petro</strong></span> <span class='ocrx_word' id='word_1_703' title='bbox 341 4902 443 4959; x_wconf 86' lang='lat' dir='ltr'><strong>Wieusi</strong></span> <span class='ocrx_word' id='word_1_704' title='bbox 464 4902 497 4959; x_wconf 88' lang='lat' dir='ltr'><strong>ad</strong></span> <span class='ocrx_word' id='word_1_705' title='bbox 513 4902 717 4973; x_wconf 82' lang='lat' dir='ltr'><strong>atrtpliationcm</strong></span> <span class='ocrx_word' id='word_1_706' title='bbox 736 4902 910 4970; x_wconf 87' lang='lat' dir='ltr'><strong>lacerationis</strong></span> <span class='ocrx_word' id='word_1_707' title='bbox 960 4903 1016 4962; x_wconf 87' lang='lat' dir='ltr'><strong>Nec</strong></span> <span class='ocrx_word' id='word_1_708' title='bbox 1028 4904 1151 4969; x_wconf 89' lang='lat' dir='ltr'><strong>interest,</strong></span> <span class='ocrx_word' id='word_1_709' title='bbox 1162 4917 1195 4956; x_wconf 79' lang='lat' dir='ltr'><strong>ex</strong></span> <span class='ocrx_word' id='word_1_710' title='bbox 1208 4916 1263 4972; x_wconf 91' lang='lat' dir='ltr'><strong>qna</strong></span> <span class='ocrx_word' id='word_1_711' title='bbox 1275 4899 1401 4955; x_wconf 87' lang='lat' dir='ltr'><strong>Christus</strong></span> <span class='ocrx_word' id='word_1_712' title='bbox 1412 4898 1566 4954; x_wconf 89' lang='lat' dir='ltr'><strong>substantia</strong></span> <span class='ocrx_word' id='word_1_713' title='bbox 1577 4896 1751 4963; x_wconf 92' lang='lat' dir='ltr'><strong>nominetur;</strong></span> 
     </span>
     <span class='ocr_line' id='line_1_54' title="bbox 120 4976 1751 5068; baseline -0.007 -17"><span class='ocrx_word' id='word_1_714' title='bbox 120 4995 203 5052; x_wconf 81' lang='lat' dir='ltr'><strong>lamae</strong></span> <span class='ocrx_word' id='word_1_715' title='bbox 220 5012 287 5053; x_wconf 77' lang='lat' dir='ltr'><strong>meae</strong></span> <span class='ocrx_word' id='word_1_716' title='bbox 301 4976 383 5067; x_wconf 83' lang='lat' dir='ltr'><strong>quam</strong></span> <span class='ocrx_word' id='word_1_717' title='bbox 396 5011 450 5052; x_wconf 90' lang='lat' dir='ltr'><strong>uon</strong></span> <span class='ocrx_word' id='word_1_718' title='bbox 462 4996 548 5052; x_wconf 91' lang='lat' dir='ltr'><strong>debeo</strong></span> <span class='ocrx_word' id='word_1_719' title='bbox 562 4995 708 5068; x_wconf 86' lang='lat' dir='ltr'><strong>negligere,</strong></span> <span class='ocrx_word' id='word_1_720' title='bbox 727 4995 789 5066; x_wconf 92' lang='lat' dir='ltr'><strong>quia</strong></span> <span class='ocrx_word' id='word_1_721' title='bbox 818 5002 849 5050; x_wconf 92' lang='lat' dir='ltr'><strong>ut</strong></span> <span class='ocrx_word' id='word_1_722' title='bbox 872 4994 911 5050; x_wconf 89' lang='lat' dir='ltr'><strong>ait</strong></span> <span class='ocrx_word' id='word_1_723' title='bbox 960 5011 1023 5051; x_wconf 90' lang='lat' dir='ltr'><strong>eum</strong></span> <span class='ocrx_word' id='word_1_724' title='bbox 1039 4992 1258 5064; x_wconf 88' lang='lat' dir='ltr'><strong>inseparahiliter</strong></span> <span class='ocrx_word' id='word_1_725' title='bbox 1270 5000 1397 5046; x_wconf 89' lang='lat' dir='ltr'><strong>manente</strong></span> <span class='ocrx_word' id='word_1_726' title='bbox 1410 4990 1513 5046; x_wconf 89' lang='lat' dir='ltr'><strong>unitate</strong></span> <span class='ocrx_word' id='word_1_727' title='bbox 1529 5003 1663 5060; x_wconf 78' lang='lat' dir='ltr'><strong>personae,</strong></span> <span class='ocrx_word' id='word_1_728' title='bbox 1677 4985 1751 5042; x_wconf 89' lang='lat' dir='ltr'><strong>idem</strong></span> 
     </span>
     <span class='ocr_line' id='line_1_55' title="bbox 120 5082 1751 5159; baseline -0.007 -18"><span class='ocrx_word' id='word_1_729' title='bbox 120 5088 302 5157; x_wconf 79' lang='lat' dir='ltr'><strong>Augustinus,</strong></span> <span class='ocrx_word' id='word_1_730' title='bbox 328 5088 399 5159; x_wconf 80' lang='lat' dir='ltr'><strong>«qui</strong></span> <span class='ocrx_word' id='word_1_731' title='bbox 421 5086 522 5143; x_wconf 89' lang='lat' dir='ltr'><strong>lamam</strong></span> <span class='ocrx_word' id='word_1_732' title='bbox 544 5101 623 5144; x_wconf 91' lang='lat' dir='ltr'><strong>suam</strong></span> <span class='ocrx_word' id='word_1_733' title='bbox 648 5085 761 5158; x_wconf 85' lang='lat' dir='ltr'><strong>negligit</strong></span> <span class='ocrx_word' id='word_1_734' title='bbox 791 5084 910 5143; x_wconf 89' lang='lat' dir='ltr'><strong>crudelis</strong></span> <span class='ocrx_word' id='word_1_735' title='bbox 961 5086 1007 5153; x_wconf 86' lang='lat' dir='ltr'><strong>sit,</strong></span> <span class='ocrx_word' id='word_1_736' title='bbox 1026 5095 1053 5140; x_wconf 89' lang='lat' dir='ltr'><strong>et</strong></span> <span class='ocrx_word' id='word_1_737' title='bbox 1066 5093 1139 5139; x_wconf 90' lang='lat' dir='ltr'><strong>totus</strong></span> <span class='ocrx_word' id='word_1_738' title='bbox 1155 5082 1227 5136; x_wconf 79' lang='lat' dir='ltr'><strong>lilius</strong></span> <span class='ocrx_word' id='word_1_739' title='bbox 1243 5082 1362 5137; x_wconf 77' lang='lat' dir='ltr'><strong>leontinis</strong></span> <span class='ocrx_word' id='word_1_740' title='bbox 1379 5091 1489 5152; x_wconf 85' lang='lat' dir='ltr'><strong>propter</strong></span> <span class='ocrx_word' id='word_1_741' title='bbox 1500 5095 1623 5144; x_wconf 89' lang='lat' dir='ltr'><strong>carnem,</strong></span> <span class='ocrx_word' id='word_1_742' title='bbox 1634 5085 1661 5131; x_wconf 89' lang='lat' dir='ltr'><strong>et</strong></span> <span class='ocrx_word' id='word_1_743' title='bbox 1676 5083 1751 5130; x_wconf 88' lang='lat' dir='ltr'><strong>totus</strong></span> 
     </span>
     <span class='ocr_line' id='line_1_56' title="bbox 120 5161 1751 5267; baseline -0.012 -33"><span class='ocrx_word' id='word_1_744' title='bbox 120 5185 173 5234; x_wconf 87' lang='lat' dir='ltr'><strong>cst.</strong></span> <span class='ocrx_word' id='word_1_745' title='bbox 196 5195 206 5228; x_wconf 79' lang='lat' dir='ltr'><strong>r</strong></span> <span class='ocrx_word' id='word_1_746' title='bbox 228 5177 349 5235; x_wconf 85' lang='lat' dir='ltr'><strong>Eurissor</strong></span> <span class='ocrx_word' id='word_1_747' title='bbox 361 5181 452 5249; x_wconf 86' lang='lat' dir='ltr'><strong>itaqtte</strong></span> <span class='ocrx_word' id='word_1_748' title='bbox 466 5179 550 5249; x_wconf 76' lang='lat' dir='ltr'><strong>liujus</strong></span> <span class='ocrx_word' id='word_1_749' title='bbox 566 5176 648 5233; x_wconf 83' lang='lat' dir='ltr'><strong>tthdtt</strong></span> <span class='ocrx_word' id='word_1_750' title='bbox 659 5176 784 5248; x_wconf 88' lang='lat' dir='ltr'><strong>quisquis</strong></span> <span class='ocrx_word' id='word_1_751' title='bbox 798 5177 842 5232; x_wconf 92' lang='lat' dir='ltr'><strong>ille</strong></span> <span class='ocrx_word' id='word_1_752' title='bbox 856 5186 908 5243; x_wconf 86' lang='lat' dir='ltr'><strong>est,</strong></span> <span class='ocrx_word' id='word_1_753' title='bbox 960 5175 1009 5231; x_wconf 84' lang='lat' dir='ltr'><strong>Dei</strong></span> <span class='ocrx_word' id='word_1_754' title='bbox 1025 5174 1098 5244; x_wconf 75' lang='lat' dir='ltr'><strong>lilius</strong></span> <span class='ocrx_word' id='word_1_755' title='bbox 1109 5182 1220 5243; x_wconf 87' lang='lat' dir='ltr'><strong>propter</strong></span> <span class='ocrx_word' id='word_1_756' title='bbox 1231 5186 1312 5226; x_wconf 77' lang='lat' dir='ltr'><strong>tritam</strong></span> <span class='ocrx_word' id='word_1_757' title='bbox 1324 5186 1386 5225; x_wconf 91' lang='lat' dir='ltr'><strong>cum</strong></span> <span class='ocrx_word' id='word_1_758' title='bbox 1398 5169 1479 5224; x_wconf 86' lang='lat' dir='ltr'><strong>Patre</strong></span> <span class='ocrx_word' id='word_1_759' title='bbox 1492 5168 1619 5223; x_wconf 87' lang='lat' dir='ltr'><strong>deitatem</strong></span> <span class='ocrx_word' id='word_1_760' title='bbox 1648 5161 1751 5267; x_wconf 64' lang='grc' dir='ltr'>ειιιιιΙ·</span> 
     </span>
     <span class='ocr_line' id='line_1_57' title="bbox 121 5258 1749 5342; baseline -0.011 -17"><span class='ocrx_word' id='word_1_761' title='bbox 121 5285 177 5326; x_wconf 94' lang='lat' dir='ltr'><strong>non</strong></span> <span class='ocrx_word' id='word_1_762' title='bbox 193 5270 357 5342; x_wconf 76' lang='lat' dir='ltr'><strong>velotiudex</strong></span> <span class='ocrx_word' id='word_1_763' title='bbox 371 5270 398 5327; x_wconf 90' lang='lat' dir='ltr'><strong>in</strong></span> <span class='ocrx_word' id='word_1_764' title='bbox 411 5271 520 5341; x_wconf 87' lang='lat' dir='ltr'><strong>scriptis</strong></span> <span class='ocrx_word' id='word_1_765' title='bbox 532 5269 634 5326; x_wconf 89' lang='lat' dir='ltr'><strong>nostris</strong></span> <span class='ocrx_word' id='word_1_766' title='bbox 652 5269 846 5335; x_wconf 89' lang='lat' dir='ltr'><strong>admittendus,</strong></span> <span class='ocrx_word' id='word_1_767' title='bbox 862 5269 909 5324; x_wconf 91' lang='lat' dir='ltr'><strong>sed</strong></span> <span class='ocrx_word' id='word_1_768' title='bbox 959 5269 1016 5324; x_wconf 88' lang='lat' dir='ltr'><strong>lum</strong></span> <span class='ocrx_word' id='word_1_769' title='bbox 1041 5266 1126 5322; x_wconf 90' lang='lat' dir='ltr'><strong>estin</strong></span> <span class='ocrx_word' id='word_1_770' title='bbox 1146 5265 1197 5319; x_wconf 88' lang='lat' dir='ltr'><strong>hac</strong></span> <span class='ocrx_word' id='word_1_771' title='bbox 1221 5264 1324 5319; x_wconf 74' lang='lat' dir='ltr'><strong>unitae</strong></span> <span class='ocrx_word' id='word_1_772' title='bbox 1347 5260 1531 5322; x_wconf 89' lang='lat' dir='ltr'><strong>mendacium,</strong></span> <span class='ocrx_word' id='word_1_773' title='bbox 1555 5258 1620 5313; x_wconf 92' lang='lat' dir='ltr'><strong>dum</strong></span> <span class='ocrx_word' id='word_1_774' title='bbox 1632 5269 1749 5310; x_wconf 79' lang='lat' dir='ltr'><strong>inuicem</strong></span> 
     </span>
    </p>
   </div>
   <div class='ocr_carea' id='block_1_7' title="bbox 119 5345 1749 5711">
    <p class='ocr_par' dir='ltr' id='par_1_8' title="bbox 119 5345 1749 5711">
     <span class='ocr_line' id='line_1_58' title="bbox 120 5345 1749 5451; baseline -0.01 -33"><span class='ocrx_word' id='word_1_775' title='bbox 120 5361 200 5436; x_wconf 89' lang='lat' dir='ltr'><strong>quasi</strong></span> <span class='ocrx_word' id='word_1_776' title='bbox 212 5361 347 5419; x_wconf 88' lang='lat' dir='ltr'><strong>detractor</strong></span> <span class='ocrx_word' id='word_1_777' title='bbox 365 5365 503 5420; x_wconf 78' lang='lat' dir='ltr'><strong>macrinus</strong></span> <span class='ocrx_word' id='word_1_778' title='bbox 516 5373 567 5418; x_wconf 90' lang='lat' dir='ltr'><strong>est.</strong></span> <span class='ocrx_word' id='word_1_779' title='bbox 581 5360 909 5432; x_wconf 80' lang='lat' dir='ltr'><strong>hujusmodiergoaemu·</strong></span> <span class='ocrx_word' id='word_1_780' title='bbox 960 5369 1035 5426; x_wconf 92' lang='lat' dir='ltr'><strong>sunt,</strong></span> <span class='ocrx_word' id='word_1_781' title='bbox 1053 5369 1080 5416; x_wconf 91' lang='lat' dir='ltr'><strong>et</strong></span> <span class='ocrx_word' id='word_1_782' title='bbox 1090 5358 1230 5413; x_wconf 87' lang='lat' dir='ltr'><strong>humilitas</strong></span> <span class='ocrx_word' id='word_1_783' title='bbox 1240 5355 1394 5411; x_wconf 74' lang='lat' dir='ltr'><strong>leominiset</strong></span> <span class='ocrx_word' id='word_1_784' title='bbox 1405 5350 1521 5410; x_wconf 89' lang='lat' dir='ltr'><strong>altitudo</strong></span> <span class='ocrx_word' id='word_1_785' title='bbox 1536 5346 1655 5451; x_wconf 69' lang='lat' dir='ltr'><strong>«teitaus.</strong></span> <span class='ocrx_word' id='word_1_786' title='bbox 1671 5345 1749 5402; x_wconf 87' lang='lat' dir='ltr'><strong>Sicut</strong></span> 
     </span>
     <span class='ocr_line' id='line_1_59' title="bbox 120 5438 1747 5526; baseline -0.014 -14"><span class='ocrx_word' id='word_1_787' title='bbox 120 5456 157 5513; x_wconf 90' lang='lat' dir='ltr'><strong>lis</strong></span> <span class='ocrx_word' id='word_1_788' title='bbox 172 5470 228 5512; x_wconf 85' lang='lat' dir='ltr'><strong>troo</strong></span> <span class='ocrx_word' id='word_1_789' title='bbox 241 5455 352 5526; x_wconf 87' lang='lat' dir='ltr'><strong>quidem</strong></span> <span class='ocrx_word' id='word_1_790' title='bbox 364 5471 380 5511; x_wconf 93' lang='lat' dir='ltr'><strong>a</strong></span> <span class='ocrx_word' id='word_1_791' title='bbox 390 5456 516 5522; x_wconf 85' lang='lat' dir='ltr'><strong>lectione,</strong></span> <span class='ocrx_word' id='word_1_792' title='bbox 531 5454 577 5513; x_wconf 89' lang='lat' dir='ltr'><strong>sed</strong></span> <span class='ocrx_word' id='word_1_793' title='bbox 588 5470 604 5511; x_wconf 89' lang='lat' dir='ltr'><strong>a</strong></span> <span class='ocrx_word' id='word_1_794' title='bbox 617 5453 785 5511; x_wconf 89' lang='lat' dir='ltr'><strong>correctione</strong></span> <span class='ocrx_word' id='word_1_795' title='bbox 792 5452 909 5523; x_wconf 74' lang='lat' dir='ltr'><strong>scripto</strong></span> <span class='ocrx_word' id='word_1_796' title='bbox 959 5451 1033 5508; x_wconf 93' lang='lat' dir='ltr'><strong>enim</strong></span> <span class='ocrx_word' id='word_1_797' title='bbox 1049 5448 1121 5506; x_wconf 86' lang='lat' dir='ltr'><strong>bens</strong></span> <span class='ocrx_word' id='word_1_798' title='bbox 1133 5464 1187 5504; x_wconf 86' lang='lat' dir='ltr'><strong>nen</strong></span> <span class='ocrx_word' id='word_1_799' title='bbox 1201 5454 1324 5503; x_wconf 88' lang='lat' dir='ltr'><strong>mutatur</strong></span> <span class='ocrx_word' id='word_1_800' title='bbox 1338 5442 1524 5507; x_wconf 89' lang='lat' dir='ltr'><strong>miseratione,</strong></span> <span class='ocrx_word' id='word_1_801' title='bbox 1543 5447 1579 5493; x_wconf 86' lang='lat' dir='ltr'><strong>tta</strong></span> <span class='ocrx_word' id='word_1_802' title='bbox 1591 5438 1674 5517; x_wconf 69' lang='lat' dir='ltr'><strong>horreo</strong></span> <span class='ocrx_word' id='word_1_803' title='bbox 1692 5450 1747 5490; x_wconf 91' lang='lat' dir='ltr'><strong>nou</strong></span> 
     </span>
     <span class='ocr_line' id='line_1_60' title="bbox 119 5529 1746 5635; baseline -0.011 -29"><span class='ocrx_word' id='word_1_804' title='bbox 119 5565 182 5606; x_wconf 85' lang='lat' dir='ltr'><strong>rum</strong></span> <span class='ocrx_word' id='word_1_805' title='bbox 206 5564 329 5605; x_wconf 86' lang='lat' dir='ltr'><strong>meorum</strong></span> <span class='ocrx_word' id='word_1_806' title='bbox 356 5551 544 5620; x_wconf 81' lang='lat' dir='ltr'><strong>sequestratis,</strong></span> <span class='ocrx_word' id='word_1_807' title='bbox 561 5542 705 5606; x_wconf 85' lang='lat' dir='ltr'><strong>contentus</strong></span> <span class='ocrx_word' id='word_1_808' title='bbox 734 5561 782 5603; x_wconf 91' lang='lat' dir='ltr'><strong>ero</strong></span> <span class='ocrx_word' id='word_1_809' title='bbox 804 5546 909 5618; x_wconf 85' lang='lat' dir='ltr'><strong>judicio</strong></span> <span class='ocrx_word' id='word_1_810' title='bbox 959 5537 1283 5610; x_wconf 86' lang='lat' dir='ltr'><strong>consumitardignitatc.</strong></span> <span class='ocrx_word' id='word_1_811' title='bbox 1300 5535 1364 5607; x_wconf 81' lang='lat' dir='ltr'><strong>Agit</strong></span> <span class='ocrx_word' id='word_1_812' title='bbox 1375 5533 1570 5635; x_wconf 77' lang='lat' dir='ltr'><strong>euimutraque</strong></span> <span class='ocrx_word' id='word_1_813' title='bbox 1583 5529 1670 5584; x_wconf 86' lang='lat' dir='ltr'><strong>torma</strong></span> <span class='ocrx_word' id='word_1_814' title='bbox 1684 5542 1746 5586; x_wconf 83' lang='lat' dir='ltr'><strong>curn</strong></span> 
     </span>
     <span class='ocr_line' id='line_1_61' title="bbox 119 5618 1747 5711; baseline -0.002 -15"><span class='ocrx_word' id='word_1_815' title='bbox 119 5641 343 5710; x_wconf 86' lang='lat' dir='ltr'><strong>tuo,uenercnde</strong></span> <span class='ocrx_word' id='word_1_816' title='bbox 362 5640 610 5711; x_wconf 74' lang='lat' dir='ltr'><strong>percutiebamus,</strong></span> <span class='ocrx_word' id='word_1_817' title='bbox 628 5639 801 5697; x_wconf 79' lang='lat' dir='ltr'><strong>lovaniensis</strong></span> <span class='ocrx_word' id='word_1_818' title='bbox 821 5639 908 5696; x_wconf 84' lang='lat' dir='ltr'><strong>ecclc·</strong></span> <span class='ocrx_word' id='word_1_819' title='bbox 959 5634 1073 5691; x_wconf 87' lang='lat' dir='ltr'><strong>alterius</strong></span> <span class='ocrx_word' id='word_1_820' title='bbox 1096 5630 1291 5689; x_wconf 89' lang='lat' dir='ltr'><strong>communione</strong></span> <span class='ocrx_word' id='word_1_821' title='bbox 1306 5627 1380 5699; x_wconf 80' lang='lat' dir='ltr'><strong>otroti</strong></span> <span class='ocrx_word' id='word_1_822' title='bbox 1408 5639 1549 5696; x_wconf 62' lang='lat' dir='ltr'><strong>timidum</strong></span> <span class='ocrx_word' id='word_1_823' title='bbox 1574 5635 1626 5692; x_wconf 70' lang='lat'><strong>0³²»</strong></span> <span class='ocrx_word' id='word_1_824' title='bbox 1657 5618 1747 5678; x_wconf 55' lang='grc' dir='ltr'><strong>ΜΟ</strong></span> 
     </span>
    </p>
   </div>
   <div class='ocr_carea' id='block_1_8' title="bbox 0 0 1950 6067">
    <p class='ocr_par' dir='ltr' id='par_1_9' title="bbox 0 0 1950 6067">
     <span class='ocr_line' id='line_1_62' title="bbox 0 0 1950 6067; baseline 0 8"><span class='ocrx_word' id='word_1_825' title='bbox 0 0 1950 6067; x_wconf 95' lang='lat' dir='ltr'><strong> </strong></span> 
     </span>
    </p>
   </div>
  </div>
 </body>
</html>
