3892 6067
96 372 154 428 555
388 361 665 421 continntnnlnn
685 359 719 416 tn
735 359 905 416 asianos.
924 390 958 400 -·
977 359 1066 415 PARS
1087 359 1141 415 t'n.
1162 390 1195 401 —
1212 359 1310 416 PSAL.
1330 359 1433 418 Lxxn.
1683 364 1737 423 nt

97 496 183 562 portu
199 484 234 541 ad
255 483 332 539 littus
346 481 459 536 omnino
485 480 612 545 solidum,
630 480 676 534 ubi
698 480 804 535 nulium
819 479 933 540 dein-A
949 493 1037 544 arxvr,
1055 477 1111 547 55).
1135 497 1145 529 a
1174 474 1220 533 Sic
1235 477 1322 532 tenuit
1337 491 1449 532 manum
1471 474 1534 531 Filii
1556 475 1600 533 aui
1615 484 1737 550 tempore

98 594 168 648 ceps
190 572 342 645 periculum
357 569 392 627 sit
416 570 577 633 timendum.
596 571 670 641 quod
685 571 753 626 mibi
772 570 893 626 laturum
946 568 1094 638 passionis,
1107 582 1141 623 uo
1155 583 1184 623 se
1195 578 1259 623 tunc
1270 566 1430 635 vindicaret,
1442 568 1597 638 exemplum
1608 570 1737 628 danauo-

99 669 129 727 in
143 666 248 738 Spiritu
264 661 387 719 veritatis
405 662 538 732 propbeta
564 662 683 717 dicens:
705 661 738 727 iu
755 662 895 716 consilium
946 657 998 722 bis,
1015 666 1086 712 utet
1101 674 1150 712 uos
1166 657 1202 713 ita
1222 656 1367 722 iaciamus,
1392 658 1554 729 animasque
1576 669 1686 719 nostras
1707 661 1736 720 in

100 769 181 814 taram
202 753 313 809 dedam
326 767 378 817 nae,
390 759 415 804 et
433 761 526 821 posteo
547 751 575 804 in
594 749 680 821 pierio
697 752 824 820 suscipies
843 766 893 805 me.
945 749 1077 821 patientia
1090 750 1290 819 possideamus,
1306 750 1370 820 quia
1390 751 1557 806 «tribulatio
1576 754 1738 823 patientiam

100 847 257 905 Consilium
271 842 318 898 oei
331 842 410 912 quasi
425 852 520 912 portus
538 850 580 897 est
591 851 699 912 optatus
712 842 746 896 ab
761 841 813 896 boc
825 841 895 895 mari
945 852 1084 914 operatur,
1096 843 1225 913 patientia
1237 843 1438 913 probationem,
1449 844 1574 915 probatio
1584 860 1649 901 vero
1659 862 1738 917 spem

100 944 242 1007 magnoet
256 934 379 1004 spatioso
391 931 558 1002 fugientibus
574 948 581 984 ε
595 931 671 986 rerbi
693 931 794 1003 gratia,
810 931 895 1001 virgi·
946 933 1034 1002 (ilum.
1051 949 1078 999 v,
1090 933 1117 999 3,
1132 933 1172 1002 i),
1192 947 1271 1003 ›qua
1288 947 1429 1003 speremus
1452 933 1587 1000 coelesna,
1604 949 1659 991 non
1681 946 1739 991 ter⁴

101 1027 176 1081 nitas
199 1032 228 1080 et
252 1021 406 1077 voluntaria
432 1031 589 1092 paupertas,
610 1022 762 1093 devmaque
780 1020 894 1077 Patruru
945 1023 1054 1078 restria.

100 1133 152 1190 per
168 1113 479 1171 omniactinomuibns
501 1113 655 1168 obedientia
672 1113 804 1185 usquead
821 1128 896 1167 mor·
982 1113 1054 1179 Quid
1070 1115 1141 1167 euim
1164 1115 1228 1169 miii
1246 1122 1285 1169 eat
1300 1116 1327 1169 iu
1344 1114 1430 1169 roeto?
1453 1113 1520 1169 Etr
1540 1123 1565 1169 ta
1582 1114 1645 1185 quiri
1665 1112 1739 1170 colai

102 1220 169 1266 term
183 1207 250 1274 Quae
262 1205 354 1262 omnia
368 1205 466 1275 bisque
480 1204 579 1260 similia
594 1204 656 1260 vitae
667 1205 759 1259 ardua
770 1204 895 1260 instituta
945 1222 1024 1275 anper
1044 1207 1165 1260 terrum?
1182 1203 1241 1260 Nou
1256 1205 1318 1261 dico
1328 1205 1439 1262 deiiuite
1457 1225 1464 1261 a
1483 1206 1536 1262 boc
1549 1208 1592 1262 rel
1606 1205 1673 1261 iilud
1688 1206 1739 1261 bo·

101 1300 185 1372 qnasi
207 1308 302 1369 portus
324 1297 436 1367 quidam
461 1295 601 1366 excipiunt
619 1309 678 1361 eos,
705 1295 752 1365 qui
774 1295 896 1350 undosas
946 1316 1012 1356 num
1028 1301 1230 1370 repositumest
1243 1302 1350 1358 mibiiu
1371 1304 1446 1367 coto,
1461 1304 1508 1361 scd
1533 1303 1672 1360 indefinite
1696 1303 1737 1360 ai·

103 1390 203 1449 mnndi
221 1389 303 1460 buius
318 1388 454 1460 procellas
468 1387 585 1458 lugiunt,
599 1403 660 1459 quae
677 1387 738 1442 solo
752 1387 896 1441 mandato·
946 1391 1079 1461 guilicans
1100 1401 1238 1461 utcunque
1253 1391 1319 1448 iliud
1334 1410 1473 1449 summum
1487 1396 1642 1465 praemium,
1663 1394 1740 1466 quod

101 1499 167 1539 rum
191 1480 302 1552 navigio
328 1479 435 1536 deditos
456 1479 602 1550 aliquoties
626 1478 757 1534 obruunt.
783 1475 821 1532 ile
843 1476 896 1533 boc
946 1483 1043 1538 oculus
1060 1499 1113 1537 nou
1125 1483 1202 1547 vidit,
1217 1497 1268 1538 nec
1283 1483 1358 1539 auris
1372 1484 1489 1552 audivit,
1507 1501 1559 1541 nco
1578 1486 1606 1540 iu
1621 1501 1670 1542 cor
1685 1488 1737 1542 iro·

101 1586 187 1648 portu
213 1575 247 1631 ad
272 1574 350 1629 littus
373 1580 482 1628 aeternae
501 1572 657 1628 stabilitatis
677 1570 757 1627 lacilc
775 1570 895 1638 venitur,
946 1572 1030 1628 minis
1054 1573 1189 1639 ascendit,
1212 1588 1268 1643 prae
1291 1573 1473 1630 admiratione
1490 1589 1589 1651 magna
1611 1574 1738 1630 exclamo

103 1669 152 1724 ubi
169 1667 256 1739 gioria
278 1673 380 1721 aeterna
396 1664 544 1718 invenitur.
569 1662 627 1718 iioc
641 1662 793 1735 egoAaoplr
807 1662 835 1716 iu
848 1675 896 1731 spe
945 1677 998 1734 ego
1021 1662 1114 1732 Asopia
1136 1663 1232 1719 dicens
1260 1682 1267 1719 :
1291 1664 1362 1730 natat
1382 1666 1453 1720 euim
1470 1665 1536 1719 otini
1548 1652 1588 1719 eat
1604 1666 1634 1718 in
1653 1663 1740 1719 roeio?

101 1766 179 1814 certa
206 1756 274 1812 mibi
289 1755 418 1826 promitto
434 1755 468 1810 de
492 1762 550 1821 tuo,
567 1753 651 1820 lieris,
676 1752 824 1823 adjutorio,
848 1752 896 1824 qui
947 1752 1041 1820 Quid?
1060 1753 1117 1810 iioo
1140 1763 1182 1811 est
1207 1756 1360 1826 quantum?
1382 1771 1466 1827 quam
1481 1756 1634 1828 magnuml
1654 1769 1741 1826 qaam

102 1848 285 1906 inconniium
296 1858 370 1903 tuom
382 1848 493 1903 dedoces
506 1864 556 1912 rue,
572 1854 670 1902 utatc
682 1846 790 1901 audiam
806 1844 896 1900 liban·
914 1818 1138 1904 Binaestimabile
1162 1848 1305 1919 praemiam
1334 1849 1400 1904 milri
1431 1858 1616 1920 praeparatum
1646 1858 1686 1903 eat
1709 1849 1741 1903 ira

102 1952 146 1998 let·
158 1953 186 1999 et
208 1941 365 1996 obedienter
380 1954 435 1995 non
453 1939 543 1994 soluto
562 1946 759 2008 proponentem
775 1935 897 1993 salubria
948 1943 1024 2009 coeio,
1038 1942 1061 1999 si
1074 1940 1160 1997 Deum
1172 1941 1274 2013 diligo?
1288 1940 1356 1997 Nam
1370 1958 1400 1998 se
1415 1942 1592 2013 diligentibus
1606 1940 1682 1997 dabit
1696 1956 1737 2006 sc,

102 2034 247 2100 mandale,
263 2033 310 2089 sed
330 2041 357 2087 ct
374 2030 556 2087 saluberrima
580 2026 754 2100 perfectiouis
769 2028 896 2094 consilia,
948 2036 1021 2107 quod
1032 2043 1074 2092 est
1087 2035 1228 2106 praemium
1244 2035 1442 2090 inaestimabile,
1455 2032 1512 2090 Hoc
1522 2041 1562 2100 tu,
1574 2032 1656 2102 oeus,
1672 2049 1740 2105 prm·

102 2133 129 2180 ti
139 2133 233 2195 ll⁰⁸¹⁶⁴¹
252 2124 281 2178 5¹¹
298 2122 384 2193 olma
399 2121 527 2191 misisti
544 2126 898 2175 m20⁰¹18¹¹mffl³¹³0280¹·
947 2127 1051 2199 parasti
1068 2127 1244 2200 diligentibus
1265 2136 1302 2194 tc,
1319 2143 1352 2184 ac
1368 2128 1484 2197 proinde
1498 2130 1581 2184 stulte
1596 2127 1669 2184 aliud
1687 2143 1738 2199 ap·

103 2227 170 2272 vata
184 2231 271 2286 arsque
289 2214 324 2271 ad
347 2224 462 2270 mortem
475 2222 575 2269 rrrtute
589 2213 758 2280 obedientiae,
774 2228 835 2284 quae
848 2227 897 2269 ve-
948 2219 1032 2290 potivi
1044 2233 1094 2291 pro
1114 2227 1151 2275 te.
1169 2216 1234 2275 vnis
1252 2220 1430 2274 commutatio
1451 2219 1538 2275 lutum
1549 2231 1674 2290 captasse
1687 2235 1738 2291 pro

104 2319 147 2365 rut
161 2308 236 2365 scala
255 2308 419 2378 patriarche
439 2304 524 2361 Jacob
538 2314 650 2362 ostensa
675 2321 724 2376 per
747 2305 898 2362 obseruari·
948 2324 1028 2376 auro,
1042 2320 1143 2365 terram
1159 2311 1472 2380 procoe10,crcaturam
1489 2310 1674 2366 transitoriam
1687 2324 1738 2380 pro

103 2403 173 2457 tiam
199 2402 392 2456 mandatorum
415 2409 495 2455 terrac
516 2400 652 2467 inuititur,
671 2400 719 2456 sed
741 2402 898 2472 perobscr-
948 2400 1167 2471 Creatoreipsol
1184 2399 1337 2467 oetaeum
1347 2401 1500 2457 milrieatin
1515 2400 1736 2473 ceiolbiagnom

103 2492 228 2546 santiam
239 2491 419 2546 consiliorum
434 2489 566 2561 usquead
584 2491 684 2546 coelum
699 2491 835 2546 exaltatur
852 2491 896 2547 di·
948 2494 1012 2566 prid
1023 2493 1114 2549 rerbis
1124 2492 1241 2564 exprimi
1253 2507 1309 2549 non
1322 2500 1420 2565 potest,
1435 2492 1542 2565 acquiri
1555 2501 1654 2563 potest,
1668 2492 1740 2550 esti·

105 2590 186 2637 cerne
201 2581 336 2637 veritate:
353 2600 363 2634 r
381 2576 473 2637 Vende
487 2597 548 2651 quae
567 2580 663 2646 babes,
677 2588 705 2636 et
718 2582 751 2637 da
769 2580 897 2652 pauperi·
947 2585 1018 2641 mari
1034 2600 1089 2641 non
1107 2593 1206 2654 potest.

104 2673 171 2740 bos,
189 2680 217 2728 et
231 2674 305 2742 veni,
320 2688 435 2745 sequere
448 2666 509 2740 me,
521 2681 548 2729 et
566 2672 680 2729 babebis
693 2673 854 2730 thesaurum
868 2671 897 2729 in
984 2674 1186 2732 Econtrarioa
1199 2683 1224 2729 te
1235 2675 1299 2746 prid
1312 2675 1383 2730 colui
1398 2690 1476 2744 saper
1488 2681 1585 2729 orrum
1596 2675 1610 2728 l
1621 2672 1738 2730 Delicias

106 2766 179 2822 coelo
190 2764 300 2835 (bottis.
317 2781 376 2831 arr,
390 2764 447 2835 ii).
460 2781 471 2818 r
947 2768 1139 2840 voluptatum?
1154 2768 1251 2823 breves
1265 2776 1330 2823 suut
1345 2775 1373 2822 et
1389 2770 1416 2822 in
1430 2774 1546 2821 aetemas
1560 2780 1657 2836 poeuaa
1674 2764 1739 2819 ruit·

143 2853 229 2914 Vens.
243 2856 290 2912 25.
311 2855 382 2923 outo
393 2856 462 2911 enim
475 2855 540 2910 aridi
553 2867 592 2912 ert
605 2858 633 2911 in
645 2853 732 2911 reio?
753 2853 819 2910 nou
841 2869 897 2910 uon
949 2866 1018 2915 tunt.
1035 2857 1102 2913 Nam
1116 2856 1194 2928 quasi
1209 2856 1324 2926 putredo
1341 2870 1449 2911 vermes
1463 2856 1588 2925 gignunt,
1600 2854 1647 2924 qni
1671 2868 1739 2910 con·

106 2945 366 3018 salomomonis,
381 2945 569 3001 verumetiam
585 2944 898 3001 consillitdlvinfisobe·
948 2950 1092 3008 scientiam
1122 2949 1251 3005 rodentes
1282 2963 1336 3003 non
1363 2948 1516 3002 morientur
1540 2945 1568 3000 iu
1593 2954 1737 3011 aeteruum,

106 3041 206 3108 clienti,
221 3049 249 3095 et
263 3039 299 3094 ob
317 3040 369 3093 boc
383 3038 544 3094 thesaurum
570 3037 598 3093 in
615 3038 685 3093 coeio
707 3036 816 3092 babenti
833 3034 898 3107 quid
949 3044 1014 3115 qnia
1035 3057 1086 3099 nac
1100 3040 1172 3111 ignis
1190 3055 1285 3096 eorum
1298 3039 1498 3110 exstinguetur,
1513 3052 1563 3094 nee
1575 3037 1677 3092 vermis
1691 3050 1739 3092 eo-

105 3138 284 3203 noviantum
308 3128 372 3185 boui
397 3129 547 3200 repositum
565 3140 607 3185 est
630 3130 658 3184 in
682 3129 766 3183 roeioi
792 3128 933 3204 Abiriucc
949 3150 1011 3190 rum
1037 3134 1182 3200 morietur,
1201 3131 1302 3203 quibus
1327 3130 1354 3186 in
1376 3129 1482 3201 judicio
1509 3129 1642 3184 dicetur:
1661 3145 1672 3181 a
1688 3126 1737 3194 ite,

105 3239 169 3295 pura
181 3230 279 3292 quarta
292 3219 389 3290 psalmi
405 3220 527 3289 coarguit
540 3221 658 3290 priorem
672 3220 823 3281 stultitiam.
843 3234 898 3289 qua
949 3225 1097 3291 maledicti,
1126 3225 1268 3295 inignem
1290 3219 1555 3289 aternum.(ilottir.
1572 3234 1635 3283 xxv,
1650 3216 1736 3285 iiis

106 3322 219 3370 terrcrra
235 3311 393 3368 scelestibus
409 3309 623 3382 prmicrebarrtur
635 3311 669 3365 ab
682 3310 737 3376 iris,
749 3310 795 3379 qui
812 3308 898 3363 ileruu
949 3315 1020 3381 Quid
1030 3316 1100 3370 volut
1110 3331 1189 3385 saper
1201 3314 1321 3369 terram?
1332 3311 1401 3367 Puta
1412 3311 1495 3382 hujus
1505 3310 1599 3366 mundi
1607 3310 1736 3381 gloriam.

106 3404 258 3461 laudabant
267 3412 295 3459 et
317 3402 482 3458 laudandum
503 3403 637 3472 putabant
659 3401 834 3458 solummodo
856 3399 898 3455 vei
949 3407 1013 3474 spo,
1029 3423 1047 3462 0
1066 3422 1149 3478 quam
1170 3406 1270 3472 inanis,
1284 3420 1367 3477 quarn
1393 3403 1477 3459 fallax
1500 3411 1543 3460 est
1565 3402 1663 3474 gioria,
1677 3417 1740 3472 qna

106 3493 228 3550 mxime
248 3508 299 3563 ΡΝ
312 3494 445 3564 ibiibile
460 3493 585 3562 c⁰iil⁰ris
608 3501 636 3549 θῑ
657 3491 841 3563 prosperitate
856 3491 899 3547 iel
948 3499 1028 3571 quasi
1043 3499 1094 3555 lios
1107 3498 1163 3554 leui
1173 3499 1230 3555 cito
1239 3496 1356 3564 decidet,
1369 3505 1396 3552 et
1410 3497 1454 3552 aui
1469 3504 1607 3550 amatores
1619 3494 1645 3549 in
1659 3502 1738 3549 aeter·

106 3583 247 3639 affluentia
272 3598 364 3639 rurum
387 3582 588 3655 tempot'tlium·
619 3581 783 3651 Uniusmodi
806 3590 898 3636 autem
948 3607 1014 3646 nam
1031 3590 1223 3647 confusionem
1236 3590 1391 3659 demerget!
1411 3585 1600 3643 consideratis
1621 3586 1649 3639 in
1665 3584 1742 3640 bunc

106 3674 205 3731 hildes
219 3690 273 3729 ¹¹0ss
286 3673 442 3730 deseoefflssl
454 3688 488 3729 θλ
507 3683 564 3729 ⁸⁰²⁰
578 3674 606 3729 ¹¹¹
622 3672 669 3730 ⁰21
683 3672 793 3743 i>⁰i²¹¹102
808 3672 899 3741 prius·
948 3682 1061 3739 modurn
1075 3681 1192 3752 siugulis
1209 3688 1238 3738 et
1256 3679 1395 3746 omnibus,
1418 3693 1480 3748 qua
1499 3678 1572 3733 rotat
1591 3691 1671 3745 saper
1685 3684 1741 3729 ter·

106 3782 192 3838 qoam
208 3764 341 3822 Dominus
356 3778 449 3822 noster
465 3764 521 3821 Rex
534 3765 656 3820 omnium
673 3763 835 3820 saeculorum
848 3761 898 3817 ad·
948 3770 1213 3838 f0m‚n0ns..ve,110
1234 3770 1309 3826 atiud
1329 3784 1373 3825 ma
1391 3780 1516 3839 captasse
1538 3766 1590 3823 nisi
1611 3766 1738 3820 umbram

106 3858 308 3923 aerumnosa
326 3859 380 3924 bis,
395 3874 456 3928 quaa
469 3873 568 3928 passos
581 3866 633 3923 est,
645 3858 820 3912 continuaret
836 3868 898 3922 uos,
948 3872 983 3927 pp
1003 3870 1211 3926 similitudinem
1234 3870 1322 3934 canpe,
1336 3867 1371 3924 ὼ
1391 3884 1448 3939 qm,
1462 3867 1489 3922 j„
1513 3864 1612 3921 fabulis
1627 3862 1738 3930 dicitur,

107 3964 143 4006 ne
155 3948 406 4004 scandalizaremur
420 3949 507 4005 maius
526 3948 692 4018 prosperari,
706 3947 793 4003 bonos
807 3955 898 4002 autom
948 3962 1145 4034 quomrum
1163 3960 1191 4015 j„
1205 3974 1253 4015 0oe
1268 3958 1386 4014 frustum
1398 3957 1500 4023 mnis,
1514 3954 1580 4011 dum
1600 3955 1628 4009 5„
1649 3951 1740 4025 pm

107 4038 212 4110 ¹¹²l¹¹⁸¹il
233 4040 349 4110 ⁰ili³l¹¹ni
368 4040 500 4096 lidelm-
516 4039 585 4106 0⁰3⁸
610 4038 788 4107 0⁰5ffl11¹⁸⁸¹¹⁸
804 4037 899 4093 l⁵d⁰¹¹⁸
949 4053 1047 4109 semita
1062 4051 1192 4108 transiret
1212 4065 1323 4121 aquam,
1337 4049 1503 4118 vidissetque
1518 4047 1545 4102 iu
1561 4061 1632 4116 aspra
1646 4045 1741 4101 carnis

108 4131 343 4204 ipsamjustitiam
355 4146 416 4188 esse
428 4131 586 4187 erucitlxam
600 4130 635 4187 ab
649 4131 702 4197 bia,
718 4144 834 4200 quorum
848 4128 900 4183 iui·
949 4141 1087 4206 umhmm,
1111 4138 1279 4208 capessendo
1294 4137 1473 4204 „mammam
1496 4134 1612 4204 perdidit
1628 4146 1739 4187 carnem

107 4224 203 4294 lusti-‘r
214 4222 293 4293 quasi
316 4239 349 4277 θ’(
372 4224 452 4292 affini
466 4223 576 4292 prodiit,
591 4221 638 4294 (issi
656 4222 682 4276 ln
707 4221 800 4276 ¹³b0le
815 4218 902 4276 bomi·
949 4244 1054 4287 veram.
1074 4227 1120 4284 Sic
1140 4235 1168 4283 et
1181 4242 1233 4297 ego
1244 4226 1425 4282 desiderando
1445 4224 1514 4281 laisa
1538 4233 1566 4279 et
1588 4222 1741 4278 umbratica

107 4330 177 4370 num
192 4330 247 4369 uon
262 4323 341 4371 erant
354 4326 382 4370 et
402 4330 465 4370 cum
481 4313 637 4371 bominibus
656 4329 709 4369 non
724 4312 900 4381 flagellabau·
952 4325 1023 4380 pona
1041 4337 1119 4392 ,uper
1141 4329 1240 4374 amam
1265 4316 1370 4388 pardius
1387 4331 1462 4383 vem,
1480 4329 1531 4370 uec
1549 4329 1581 4370 ρ,
1604 4313 1742 4368 ullatenus

106 4416 172 4474 “¹³3
201 4407 274 4477 (iuis,
296 4406 420 4478 inquam,
433 4407 525 4477 1⁰⁸¹*ss
542 4422 604 4463 cum
629 4403 900 4475 simili‘ilfidssiffllle
951 4429 1064 4488 possum
1083 4411 1216 4467 rehabere
1238 4409 1291 4465 nisi
1314 4423 1376 4465 rere
1399 4406 1566 4479 poeuiteudo,
1588 4414 1616 4461 et
1632 4403 1687 4472 bis,
1706 4403 1741 4459 da

109 4499 267 4570 contigerit,
289 4498 363 4554 dieat
381 4499 438 4569 jam
462 4516 469 4552 ι
490 4495 561 4568 Erpa
578 4499 633 4552 aine
656 4513 737 4552 cnara
753 4495 901 4567 justificari
916 4491 939 4547 n
953 4505 1054 4576 quipus
1067 4501 1197 4574 poerriten,
1210 4498 1347 4557 contraria
1363 4496 1497 4555 iaciendo.
1516 4495 1565 4551 Eat
1579 4503 1669 4550 auton
1685 4493 1741 4565 pri·

109 4606 158 4645 cor
182 4606 280 4655 meacm
303 4600 327 4644 rt
348 4589 402 4644 troi
427 4590 495 4643 iuter
521 4589 669 4643 irurcceuter
693 4604 784 4643 munos
806 4587 903 4642 meari
953 4613 1017 4653 mus
1031 4589 1474 4669 graduspoentrenpaedefloem
1498 4586 1583 4655 malo,
1604 4584 1742 4642 secundus

109 4679 181 4737 Natu
196 4682 219 4737 si
236 4682 356 4737 narravit
367 4683 417 4748 sic,
433 4698 491 4737 ecce
505 4682 636 4735 irationem
646 4679 764 4750 filiorum
775 4677 835 4745 Dei,
846 4678 903 4732 imo
952 4687 1084 4758 proficere
1096 4684 1123 4739 in
1139 4684 1222 4739 pono,
1241 4681 1388 4750 Propterea

110 4773 202 4843 ipsam
227 4771 360 4830 naturalis
391 4770 452 4827 Filii
479 4770 527 4827 ilci
552 4771 707 4841 passionem
736 4767 901 4840 reprobavit.
989 4764 1742 4844 vasso,nasutummmercarmnm‚1iaepeeia

110 4863 187 4922 Bene
201 4879 267 4936 orgo
279 4865 306 4920 in
320 4864 581 4921 commemoratione
596 4862 720 4935 flagellati
736 4870 763 4916 et
779 4858 902 4917 crucifixi
953 4883 1016 4924 cam
1028 4884 1086 4922 mea
1099 4866 1265 4938 poenjaenfiae
1284 4860 1511 4933 castigationibus
1529 4861 1641 4928 afflicta,
1657 4869 1687 4916 ur
1706 4858 1744 4916 aa}

110 4958 199 5028 bajus
216 4958 377 5015 naturaiiter
393 4958 461 5030 justi
476 4966 504 5013 et
517 4955 581 5013 boni
601 4955 621 5009 F
624 4956 661 5011 ilii
673 4995 682 5022 ,
694 4954 738 5010 die
750 4953 902 5024 palmarum
952 4960 1118 5028 malaopera
1132 4958 1168 5013 sit
1182 4953 1320 5026 languida.
1337 4951 1473 5024 deperiret
1488 4967 1534 5007 eor
1544 4967 1630 5006 areant
1645 4966 1661 5006 a
1675 4964 1744 5006 ron⁶

110 5056 227 5103 cantant
247 5047 294 5103 iiiii
305 5048 424 5120 adoptivi
439 5064 487 5119 per
498 5049 574 5104 iilum
588 5046 731 5119 iustincati
745 5045 788 5101 rei
802 5042 904 5116 justili-
953 5049 1097 5105 suetudine
1112 5061 1145 5102 ac
1157 5045 1249 5102 studio
1261 5044 1397 5118 cogitandi
1420 5058 1491 5099 vana
1504 5051 1531 5096 et
1546 5040 1663 5106 inutilia,
1678 5051 1743 5108 qum

110 5138 194 5195 candi
218 5155 225 5192 :
252 5138 340 5206 Quam
357 5139 439 5195 benaa
459 5138 547 5196 lamet
565 5138 635 5196 Deua
651 5139 729 5195 rectia
754 5135 850 5192 corde!
873 5145 904 5192 ut
953 5137 977 5193 si
992 5137 1139 5208 aliquando
1152 5136 1291 5193 memoriae
1302 5136 1399 5192 oculos
1410 5133 1593 5196 diverberant,
1603 5130 1638 5185 ad
1649 5126 1744 5182 cordis·

83 5227 92 5245 ⁸
110 5228 168 5285 iato
183 5231 291 5288 cantico
303 5231 429 5288 instructi
439 5232 520 5288 etiam
532 5230 603 5287 inter
618 5232 732 5288 adversa
748 5227 831 5286 ὓθιιιιι
845 5229 903 5284 iau·
954 5238 1045 5286 tamem
1069 5229 1250 5285 uoluntariam
1272 5228 1495 5300 approbationem
1520 5230 1662 5293 propterea
1685 5232 1740 5272 non

110 5320 223 5391 demna,
238 5334 265 5380 et
285 5340 341 5381 uon
362 5333 526 5389 moveantur
538 5324 621 5395 pedes
636 5323 732 5390 nostri,
751 5322 833 5379 idest
856 5336 903 5375 ra·
954 5323 1102 5393 attingunt,
1113 5322 1178 5393 quia
1189 5322 1249 5391 ejus
1265 5320 1362 5377 intima
1375 5326 1478 5375 secreta
1494 5312 1654 5369 melioribus
1665 5308 1741 5365 desi·

109 5412 153 5467 tio
166 5421 194 5467 et
205 5398 341 5485 iudicium
353 5424 490 5482 nostrum,
501 5414 612 5486 quarrdo
622 5428 715 5484 pacem
728 5422 903 5483 peccatorum
954 5413 1038 5470 deriis
1054 5421 1185 5484 occupata
1199 5420 1274 5467 sunt.
1289 5409 1358 5465 Nam
1376 5404 1550 5463 nauseantis
1562 5403 1623 5467 atei,
1641 5410 1666 5456 et
1678 5414 1741 5469 pora

109 5505 253 5575 ridemus,
275 5524 366 5580 nequo
388 5510 582 5580 nosmetipsos,
602 5508 685 5564 etiam
711 5521 774 5563 cum
801 5521 903 5577 possu·
954 5524 1013 5562 mea
1029 5506 1099 5562 Deua
1117 5506 1145 5561 in
1159 5514 1297 5570 arternum,
1316 5500 1390 5573 quod
1406 5497 1551 5554 cstdicerc
1569 5491 1660 5547 :Deos
1674 5507 1741 5564 pos·-

111 5614 189 5667 mus,
210 5599 392 5667 vindicemus,
413 5601 461 5657 sed
484 5597 540 5655 Deo
560 5600 636 5669 justo
650 5606 677 5654 ct
696 5598 743 5669 pio
756 5597 903 5653 vindictam
955 5600 1026 5657 ridet
1050 5614 1098 5655 cor
1120 5613 1224 5664 meum,
1247 5604 1276 5652 et
1292 5610 1343 5668 ego
1366 5591 1487 5649 ricissim
1512 5587 1640 5659 possideo
1664 5599 1739 5640 curu.

110 5705 301 5757 reservemus,
315 5693 362 5763 qui
373 5708 407 5748 eo
420 5694 480 5764 ipso
490 5700 564 5748 tenet
576 5705 689 5746 mauum
700 5696 835 5757 nostram,
848 5705 904 5760 quo
957 5690 1026 5745 Deua
1037 5691 1125 5745 cordia
1146 5693 1208 5757 naci,
1232 5687 1364 5746 subaudis
1379 5704 1387 5741 z
1402 5695 1544 5756 possessor
1558 5687 1601 5736 est
1617 5689 1665 5733 :et
1678 5691 1742 5747 pora

110 5784 181 5843 dicit
203 5802 213 5840 ε
236 5803 247 5838 r
263 5783 335 5859 ‘ilibi
359 5785 526 5854 vindictam,
537 5795 564 5842 ct
577 5796 631 5858 ape
647 5782 794 5840 retribuam
810 5780 901 5856 (near.
955 5798 1025 5852 m,
1037 5781 1063 5839 id
1078 5793 1120 5838 ast
1132 5780 1343 5854 possessiomes
1356 5777 1428 5836 oras
1444 5789 1501 5834 nou
1514 5771 1549 5830 ad
1563 5772 1658 5830 boram
1675 5783 1742 5844 gau·
