3892 6067
107 240 177 298 llll
710 236 813 292 tinen
832 236 877 292 bt:
894 238 1055 296 dbtttdttt
1072 240 1138 297 biit.
1666 242 1743 304 {did

111 342 228 406 nrilttnn
254 346 452 415 reclamanda,
478 363 539 420 quae
554 349 669 421 illisper
692 349 779 423 legem
802 350 848 407 liei
863 351 899 408 de
914 365 933 417 Α
949 352 992 410 nir
1004 354 1214 420 desideriorum,
1228 356 1275 425 qni
1294 355 1347 411 sibi
1372 357 1566 417 desiderabiles
1581 361 1659 419 cibes
1673 358 1744 418 aab·

108 452 195 498 mann
216 438 283 494 sunt'
297 440 495 509 extorquenda,
516 441 589 500 sicut
609 440 694 500 iudaei
711 443 791 499 bodie
806 444 899 500 viren-
948 454 1078 512 traxerat,
1087 462 1137 516 pro
1148 445 1201 501 illia
1215 448 1314 513 oravit,
1323 450 1431 504 tandem
1443 448 1743 524 bunrrsmgetustttrti

110 539 162 597 tes,
175 528 308 600 quioniam
330 528 459 586 Patribus
482 532 541 587 suis
553 531 656 590 Christi
675 534 900 591 interlectoribus
947 535 1108 605 prevaluit:
1132 545 1160 590 et
1183 534 1217 590 de
1240 537 1399 594 abbreviato
1424 541 1589 611 captivitatis
1616 552 1739 613 tempore

109 622 138 678 in
153 635 247 677 errore
273 621 434 686 succedunt,
449 622 485 680 ab
505 638 599 680 corum
620 624 796 682 damnatione
817 624 898 682 alieni
949 625 1040 681 laetam
1065 624 1280 682 consolationem
1308 626 1410 683 danieli
1445 640 1604 700 apportans,
1632 641 1738 688 moram

110 728 165 769 non
181 720 248 768 sant
264 729 271 767 ι
288 712 328 768 sic
337 713 459 783 episcopi
469 714 551 772 malis
562 714 696 786 episcopis
710 716 898 784 succedentes,
949 731 1059 786 quoque
1069 717 1213 787 diligenter
1231 721 1369 787 exposuit,
1387 720 1452 790 uaria
1466 722 1592 778 uldelicet
1602 722 1739 794 principes

110 804 163 860 ruisi
177 803 248 860 male
264 802 389 859 ordinata
405 803 533 860 studeant
545 804 580 860 ad
592 803 717 861 ordinem
730 805 835 875 justum
853 820 894 860 rc·
949 808 1038 863 malos
1058 810 1117 863 suis
1144 809 1271 878 precibns
1286 811 1460 867 adversantes
1483 812 1588 869 babuit.
1615 815 1739 881 Qrmrum

109 892 240 961 lorrrtare,
255 893 459 950 damnationem
472 895 703 966 predecessorum
718 906 901 968 nonpossuut
950 898 1043 954 nullus
1068 909 1131 954 ante
1167 898 1251 954 beorn
1275 901 1354 956 bonis
1378 904 1482 973 angelis
1507 917 1558 973 pro
1571 905 1659 961 sainte
1682 913 1740 962 sat·

107 982 236 1044 eradere.
950 989 1094 1059 agentibus
1115 988 1251 1043 adversari
1264 989 1372 1057 poterit,
1384 1002 1430 1045 aut
1440 1001 1594 1061 prasumet,
1609 994 1661 1050 nisi
1676 1010 1740 1065 peo-

407 1095 524 1156 cppug
542 1097 599 1155 vn·
951 1080 1021 1134 calis
1035 1078 1177 1133 bominum
1204 1077 1374 1149 exigentibus
1386 1080 1490 1148 justam
1504 1097 1519 1137 a
1534 1081 1591 1138 beo
1601 1083 1739 1140 licentiam

109 1208 270 1281 AEdidciam
298 1210 346 1266 dei
363 1210 505 1266 consistere
517 1229 570 1267 nott
589 1197 685 1284 potest,
704 1214 757 1269 nisi
785 1217 900 1287 episcopi
951 1170 1095 1239 mmm
1222 1261 1228 1273 .
1279 1261 1285 1289 ,
1357 1262 1362 1273 .
1550 1264 1556 1276 .

144 1282 236 1364 mm
251 1281 330 1363 ’,ψ-ω
342 1281 444 1348 mg,
456 1281 485 1335 ,g
499 1291 549 1348 m,
564 1298 686 1354 pompam
701 1284 900 1353 mmmmm,
990 1259 1074 1318 Satan
1089 1274 1165 1331 crgo,
1183 1276 1230 1329 quur
1244 1275 1380 1331 epscopus
1396 1262 1558 1318 adversandi
1569 1273 1734 1334 potestatem

145 1352 295 1405 ministeria
324 1351 450 1417 militum,
476 1351 622 1423 scolecium
647 1356 708 1410 nite
728 1355 900 1427 margelicoe,
950 1353 1053 1425 justam
1069 1352 1164 1408 tandiu
1189 1354 1280 1414 babet.
1297 1355 1416 1424 quamlin
1445 1357 1622 1412 sacerdotalis
1631 1358 1742 1413 almitas

145 1430 211 1486 (ω’
229 1421 377 1475 ‘mam-
952 1452 1029 1498 roste
1051 1441 1160 1497 sordida
1182 1442 1209 1496 in
1229 1443 1269 1496 eis
1284 1442 1492 1507 dehonestatur,
1518 1458 1573 1498 uon
1605 1446 1742 1515 potestalt

144 1531 204 1588 Non
221 1533 301 1590 debet
322 1533 405 1590 alicui
419 1534 521 1590 mirum
535 1535 634 1605 rideri,
661 1538 732 1609 quod
748 1539 777 1594 in
801 1539 903 1596 distin·
953 1514 1053 1605 angelo
1063 1533 1135 1588 ltono
1146 1534 1300 1604 comprimi,
1327 1533 1378 1587 nisi
1393 1533 1538 1603 episcopus
1549 1551 1612 1589 curn
1630 1535 1742 1591 Daniele

110 1626 219 1695 gnendo
231 1626 417 1683 ecclesiastica
430 1636 459 1682 et
470 1627 571 1698 regalia
590 1627 684 1683 tandiu
701 1629 898 1697 immoramur,
954 1635 1073 1697 apponat
1086 1640 1134 1681 eor
1153 1643 1234 1682 suum
1246 1627 1279 1681 ad
1313 1627 1527 1697 intelligendum.
1549 1637 1579 1682 ut
1597 1643 1627 1682 se
1642 1629 1744 1700 affliget

109 1715 176 1786 graia
196 1716 249 1772 lroc
274 1716 309 1772 ad
325 1725 492 1773 structuram
516 1718 635 1785 editicii,
658 1719 763 1791 dequo
780 1730 900 1778 tractare
916 1689 978 1773 ¹3in
995 1727 1143 1788 conspectu
1159 1717 1277 1785 donnini,
1303 1719 1354 1771 nisi
1380 1728 1481 1775 restem
1503 1719 1642 1774 sordidato
1657 1720 1743 1790 proii-

109 1805 309 1876 disposuimus,
328 1807 477 1877 plurimum
508 1807 598 1864 catere
621 1809 800 1866 arbitramur.
824 1809 904 1868 Sicut
950 1810 1015 1876 ciat,
1030 1818 1058 1864 et
1074 1810 1286 1876 lineisindutus,
1313 1815 1536 1868 atramentarium
1552 1813 1696 1884 scriptoris
1707 1814 1742 1869 ad

110 1897 186 1955 enim
202 1900 342 1970 quondam
358 1900 411 1956 snb
425 1899 579 1956 zorobabel
593 1899 663 1957 duce
680 1912 708 1957 ra
718 1901 784 1958 iesu
801 1917 902 1974 magno
950 1915 1031 1957 rencs
1049 1901 1163 1967 habeare,
1180 1909 1226 1955 tau
1254 1902 1383 1968 litteram,
1409 1906 1460 1959 boc
1473 1914 1526 1971 est,
1539 1905 1631 1961 crucis
1646 1905 1743 1975 mysti-

109 1988 253 2046 sacerdme
276 1988 450 2046 reaediiicatio
471 1989 562 2060 templi
577 2005 625 2060 per
645 1990 699 2048 boc
723 1991 827 2046 tardata
843 2000 901 2059 est,
951 2006 1012 2047 αιιιι
1040 1992 1167 2062 liguram,
1195 1990 1332 2049 frontibus
1359 1994 1405 2049 bei
1425 2010 1567 2049 serrorum
1602 1994 1743 2051 inscribat.

111 2076 242 2148 quodiea
269 2076 329 2146 bet,
353 2078 647 2149 qualliishominum
662 2080 745 2138 lsrael
770 2080 902 2152 alienige·
951 2082 1117 2138 'luncenim
1134 2083 1241 2154 gladius
1264 2082 1499 2140 Satauaclterius
1529 2100 1584 2140 rron
1595 2084 1695 2156 poterit
1705 2083 1745 2139 illi

112 2186 164 2228 aas
178 2184 279 2226 uxores
292 2170 444 2237 interdixit,
459 2171 628 2242 usqueadeo
643 2172 786 2243 profanata
805 2183 835 2230 et
852 2180 902 2229 ne·
952 2174 1091 2254 adversari
1104 2192 1111 2227 :
1122 2174 1168 2228 seri
1183 2175 1258 2239 velit,
1274 2174 1351 2238 nolit,
1373 2189 1436 2245 pars
1454 2175 1611 2231 adversaria
1633 2185 1746 2245 cogetur

113 2263 201 2335 glecta
214 2272 267 2330 est,
284 2272 314 2317 ut
326 2262 409 2318 etiam
424 2263 482 2334 ipse
495 2261 575 2320 lesus
589 2264 695 2336 legatur
711 2281 824 2322 atrorem
836 2266 903 2322 alie·
952 2268 1102 2339 peremnia
1130 2267 1167 2321 illi
1184 2265 1322 2333 iarnnlari,
1347 2284 1395 2324 eoa
1411 2269 1601 2324 tantummodo
1623 2270 1746 2325 laedenda

113 2355 242 2426 sigenam
255 2354 367 2412 duxisse
379 2355 463 2425 (unde
482 2364 510 2410 et
528 2356 624 2414 beatus
643 2354 826 2430 Hieronymus
838 2357 904 2414 dicit
952 2369 980 2417 ct
996 2358 1193 2425 interficiendo,
1217 2359 1264 2429 qui
1280 2374 1335 2414 non
1357 2360 1448 2416 crucis
1470 2362 1585 2431 liguram
1608 2360 1747 2416 latratibus

112 2460 179 2501 enrn
200 2454 312 2516 propter
327 2445 380 2501 boa
396 2445 423 2500 ia
449 2455 517 2503 nene
540 2447 649 2501 sordida
674 2446 815 2504 zachariae
839 2462 905 2518 pre·
953 2452 1012 2509 suis
1024 2451 1125 2507 liabent
1137 2451 1174 2505 ita
1187 2451 1358 2522 impressam,
1379 2463 1408 2507 ut
1422 2460 1562 2522 gementes
1585 2461 1612 2506 et
1622 2451 1746 2509 dolentes

114 2528 202 2608 pinetae
214 2539 374 2608 apparuisse
387 2537 483 2613 [laed.
501 2555 543 2608 tat,
559 2540 598 2613 51,
615 2541 657 2596 sic
675 2548 771 2596 nostro
782 2548 904 2611 tempore
953 2542 988 2598 de
999 2542 1051 2607 luis,
1066 2555 1127 2611 quae
1139 2541 1207 2595 liunt
1221 2541 1249 2595 in
1271 2542 1360 2596 medio
1371 2556 1535 2613 eorum,per
1549 2543 1663 2597 nimium
1680 2542 1745 2597 boui

114 2638 216 2686 muctae
233 2629 281 2686 lici
291 2629 423 2687 Ecclesia
435 2647 485 2702 per
498 2633 550 2688 hoc
561 2639 604 2687 est
626 2630 771 2690 adttmttu
786 2632 905 2701 impedi·
954 2632 1070 2688 fervoris
1085 2631 1236 2687 emaciatum
1258 2633 1336 2701 quasi
1350 2647 1397 2702 per
1412 2634 1503 2688 mucis
1515 2634 1623 2704 signum
1638 2632 1746 2701 possiunt

114 2733 157 2789 ta,
174 2723 247 2794 nostrl
269 2734 364 2780 contra
383 2724 543 2779 mandatnm
560 2723 661 2780 divinae
680 2724 749 2800 legis
766 2724 905 2780 nerninem
954 2725 1069 2780 eradere
1082 2723 1240 2778 vindictam.

115 2812 174 2869 lieo
188 2815 351 2870 militantem
364 2816 542 2871 sacularibus
555 2816 672 2887 negotiis
690 2815 826 2885 implicari
840 2831 905 2886 per·
991 2814 1063 2884 Ergo
1090 2815 1162 2869 sicut
1186 2814 1238 2883 ipsi
1263 2813 1401 2883 principos
1420 2813 1569 2871 Ecclesiam
1593 2815 1746 2872 lacerantes

114 2906 261 2972 mittentis,
287 2906 345 2976 ipsa
361 2906 503 2962 secularia
517 2905 710 2962 ecclesiasticis
733 2905 905 2977 usqueadeo
954 2907 1096 2963 tradentur
1106 2904 1239 2959 inmanus
1249 2904 1328 2974 gladii
1341 2904 1368 2958 in
1383 2906 1508 2975 prasenti
1520 2907 1629 2972 saecum,
1644 2915 1671 2961 et
1685 2921 1749 2975 par·

115 3008 180 3053 sum
201 2998 344 3067 permista,
370 3004 401 3051 ut
422 2998 504 3054 otiam
530 2999 669 3064 sacerdos,
693 3012 775 3069 quem
802 2998 845 3054 lea
869 2999 938 3096 deC
956 3003 997 3053 tes
1011 2995 1133 3065 vulpium
1146 3002 1227 3049 erunt
1248 2994 1275 3048 iu
1288 2993 1391 3061 lutura,
1408 2994 1449 3052 sie
1461 3009 1665 3051 omneseorunr
1682 3011 1750 3052 mn·

115 3088 221 3146 sarrctis
232 3088 323 3157 egredi
336 3088 472 3159 prohibet,
487 3087 555 3146 ioris
567 3099 698 3161 appareat
708 3099 783 3148 neate
793 3090 907 3147 sordido
954 3092 1103 3148 sentientes
1127 3087 1194 3143 ioris
1222 3088 1337 3143 vastabit
1368 3087 1489 3158 gladius:
1513 3096 1540 3143 et
1559 3087 1634 3143 intus
1650 3099 1747 3158 paror.

115 3177 239 3245 indutus,
253 3180 307 3235 boc
320 3189 371 3247 est,
384 3182 531 3237 mundanis
543 3182 637 3237 causis
652 3182 808 3253 implicatus
819 3190 847 3236 ct
861 3180 905 3236 in·
954 3184 1029 3253 Quos
1042 3184 1136 3241 uticum
1150 3197 1199 3239 aet
1215 3181 1282 3238 ioris
1296 3180 1413 3249 gladius,
1437 3194 1488 3236 nec
1501 3180 1576 3235 intus
1591 3195 1674 3250 paror
1683 3193 1749 3235 curn

117 3271 236 3326 rotatus.
253 3268 316 3326 ideo
327 3278 353 3325 et
369 3268 453 3326 Satan
464 3287 513 3342 per
526 3287 557 3328 se
570 3273 660 3344 ipsum
671 3289 705 3330 ac
719 3274 841 3330 membra
853 3285 903 3328 sua
956 3279 1048 3348 aliqua
1077 3277 1119 3333 sui
1148 3278 1259 3333 lesione
1275 3283 1404 3339 vastaret,
1430 3275 1454 3329 si
1468 3288 1517 3329 eos
1543 3272 1751 3327 nudosnudam

116 3364 155 3419 iili
169 3364 286 3419 multum
301 3363 478 3431 adversatum
490 3363 561 3420 etde
572 3365 763 3436 corporalibus
776 3364 906 3422 Ecclesia
955 3386 1063 3427 erucem
1080 3376 1226 3439 sequentes
1242 3375 1288 3422 tau
1304 3366 1395 3421 littera
1414 3365 1598 3436 consignaret.
1615 3362 1668 3418 Sed
1683 3363 1750 3434 quia

116 3457 208 3524 bortis,
224 3466 352 3528 nunquam
366 3457 399 3512 de
416 3471 532 3526 corpore
544 3455 657 3528 lloysis,
669 3457 829 3528 plerumque
842 3474 905 3514 cnm
957 3470 1063 3517 terrena
1085 3460 1212 3529 diligunt,
1227 3473 1289 3529 puae
1303 3473 1318 3512 a
1333 3456 1427 3512 mundi
1443 3454 1613 3525 principibus
1627 3452 1686 3510 dari
1707 3451 1752 3507 rel

117 3565 152 3605 ra
162 3565 210 3620 per
224 3550 342 3605 militam
362 3548 470 3620 linguas
491 3549 648 3605 altercator·
664 3548 751 3616 Quen
774 3547 906 3605 Satanan
957 3554 1059 3611 autern
1073 3561 1199 3625 possunt,
1216 3566 1328 3608 necesse
1344 3559 1387 3606 est
1402 3564 1450 3605 ens
1462 3563 1562 3619 parare
1583 3544 1752 3613 transfode

118 3643 300 3716 archangelus
313 3641 415 3697 (ibristi
429 3640 558 3698 Ecclesiae
573 3641 601 3696 in
622 3640 788 3711 adjutorium
803 3642 907 3697 missus
957 3646 1048 3718 gladio
1058 3643 1172 3712 uastari,
1187 3643 1297 3714 quando
1312 3657 1405 3713 pacem
1433 3650 1570 3695 terrenam
1593 3652 1640 3707 per
1656 3632 1752 3690 mundi

118 3735 274 3790 nonnanes
299 3734 452 3803 inerepare,
475 3732 538 3804 quta
564 3733 710 3802 episcopos
741 3739 817 3787 veste
844 3745 907 3786 sor·
958 3734 1263 3808 prineipesvtdunnnn
1288 3732 1402 3787 serrari.
1420 3729 1482 3784 ttaec
1496 3730 1589 3798 itaque
1599 3724 1752 3782 restratus

118 3826 183 3881 dida
196 3824 318 3892 indotos,
333 3824 451 3880 militum
465 3823 654 3878 vexationibus
664 3821 738 3891 juste
755 3820 829 3877 ridel
842 3820 909 3877 sub-
959 3824 1116 3883 auctuario
1136 3823 1247 3894 incipiet
1263 3823 1327 3893 quin
1355 3820 1470 3877 prudens
1486 3817 1681 3888 proprietario,
1697 3814 1754 3870 Eu.

116 3917 220 3992 ]acere.
959 3915 1049 3973 elesiae
1061 3912 1226 3972 sanctuariis
1240 3913 1351 3982 indigne
1375 3910 1537 3966 irtcnbantea
1559 3908 1753 3978 primoester·

155 4002 908 4075 Guisententiaeilludconcordat,qnodangeiusboans.
960 4006 1061 4063 minari
1083 4005 1235 4076 continget;
1252 4019 1314 4058 cum
1338 4002 1451 4066 divitiae,
1477 4013 1546 4070 quas
1569 3997 1753 4068 possidens·

120 4099 308 4172 ‘imbricum
334 4096 453 4153 ⁰²⁰¹0¹l⁸
477 4094 575 4161 adluit,
591 4105 673 4166 ΜΗΘ
703 4094 763 4150 3¹¹²ss
789 4102 911 4166 utpotae
960 4097 1104 4163 militibus,
1124 4096 1232 4152 nemine
1258 4093 1429 4156 defendente,
1445 4092 1753 4147 auferarrturetconsu-

120 4190 387 4248 rirodesideriorunr
399 4189 504 4245 oblatas
518 4185 574 4245 cito
585 4185 708 4244 exaudiri
722 4184 910 4242 desiderarit:
962 4199 1082 4246 urentur.
1100 4187 1202 4243 mindo
1217 4186 1268 4256 ipsi
1283 4193 1331 4241 aut
1351 4182 1479 4254 peribunt
1506 4181 1541 4236 ab
1558 4179 1674 4236 invicem
1697 4177 1754 4233 dis

123 4292 215 4340 tamen
230 4280 324 4353 riginii
347 4288 375 4336 et
397 4293 453 4335 nno
468 4278 565 4336 diebus
586 4294 635 4350 per
649 4276 761 4349 angelos
783 4276 911 4333 adversa·
962 4279 1200 4353 persi,nut,quod
1214 4277 1301 4348 magis
1312 4285 1354 4332 est
1367 4277 1401 4330 ab
1415 4272 1543 4328 omnibus
1558 4271 1638 4326 bunis
1648 4276 1750 4339 optan-

123 4376 180 4432 rios
191 4387 295 4431 moram
311 4374 382 4430 tulit.
395 4372 530 4441 Quoniam
542 4371 668 4441 princeps
678 4368 835 4433 Persarum,
852 4383 911 4423 mtt-
926 4381 948 4436 lt
962 4378 1027 4431 dum
1041 4372 1112 4429 etde
1126 4372 1186 4441 ipso
1195 4369 1324 4426 boaritatis
1334 4367 1408 4423 ionic
1419 4365 1593 4436 sperandum,
1604 4360 1754 4420 saltabun-

122 4474 168 4531 lus
182 4471 287 4530 scilicet
306 4470 430 4543 angelus,
453 4469 530 4541 qrrasi
554 4483 666 4524 cansam
688 4466 791 4537 justam
817 4473 913 4522 contra
963 4463 1156 4523 turconrersi.
1741 4467 1747 4477 ·

125 4566 201 4621 iilum
220 4562 323 4619 habuit.
336 4561 414 4630 dam,
430 4559 555 4632 quamuis
567 4573 660 4630 preces
673 4557 794 4615 Danielis
807 4556 914 4612 mnndae
999 4560 1155 4626 Enimvero,
1174 4555 1198 4612 si
1215 4555 1359 4626 episeopus
1370 4548 1755 4618 nultttudinepnntnmcnrn

125 4656 252 4721 fuissem,
267 4664 358 4711 1⁸an
383 4661 524 4725 propterea
547 4650 650 4706 tardius
665 4650 788 4706 exaudiri
812 4650 915 4706 debue-
963 4670 1017 4726 que
1032 4657 1218 4708 numerosacl
1231 4645 1428 4704 consuetudine
1449 4651 1672 4713 qnatrtmcunqne
1693 4637 1756 4691 ins·

125 4755 200 4811 ΝΜ,
216 4745 289 4815 duod
314 4743 364 4808 llll»
391 4757 442 4813 pro
459 4741 558 4812 quibus
571 4738 669 4808 obilli,
699 4750 804 4796 mnium
828 4740 915 4809 ⁰⁰¹1)oe
965 4748 1022 4815 lita,
1037 4745 1119 4802 semel
1130 4757 1162 4798 ac
1175 4741 1257 4797 simul
1269 4741 1396 4809 despecto
1410 4737 1481 4792 lineo
1494 4741 1521 4789 ct
1537 4731 1686 4803 apostolico
1703 4730 1754 4786 lta·

125 4844 335 4895 contraxerant:
351 4833 469 4904 attusia
503 4830 606 4902 peccel!
631 4831 761 4898 vindicta,
785 4829 915 4902 principl-
965 4836 1023 4892 bitu
1055 4832 1207 4902 refulgens,
1234 4838 1261 4884 et
1287 4825 1513 4883 atramentarium
1550 4820 1694 4891 scriptoria
1719 4817 1755 4874 ad

127 4929 179 4985 bus
191 4927 271 4983 malls
282 4925 418 4982 debellasti
432 4923 583 4993 subiacere·
600 4918 654 4977 Sed
668 4930 768 4988 mmen,
783 4920 914 4991 quoniam
966 4942 1046 4985 renos
1060 4924 1175 4988 babens,
1189 4921 1242 4977 boc
1255 4929 1308 4987 est,
1325 4932 1403 4974 sacra
1417 4914 1623 4986 scripturarum
1634 4909 1756 4968 auctori·

126 5081 182 5122 non
202 5065 291 5122 solum
305 5062 425 5121 ittulllia.
447 5060 587 5116 sedetiam
602 5072 652 5129 pro
671 5053 779 5112 iniectis
790 5054 915 5111 habenda
966 5057 1147 5131 supplicantis
1168 5052 1306 5110 desiderio
1329 5048 1648 5133 concessa'praenaleant,
1671 5051 1700 5124 et
1713 5041 1756 5098 ei·

128 5146 202 5192 tlibi·
218 5154 228 5188 t
968 5132 1041 5186 iectu
1055 5126 1254 5195 mancipentur,
1270 5138 1332 5194 quae
1343 5137 1405 5178 cum
1417 5136 1488 5192 Jurts
1501 5121 1633 5200 etllegum
1648 5122 1756 5195 ratione

165 5203 339 5261 ¹¹¹¹¹⁰oe¹¹²3¹¹⁸
351 5216 421 5273 papa
434 5198 571 5270 θΡῘθΰθΡῑῦ
586 5213 634 5269 l)er
647 5195 836 5252 Missediibldm
848 5209 916 5250 ⁰⁰1¹·
968 5201 1146 5258 concordant.
1169 5193 1207 5249 Ea
1228 5208 1305 5258 nero,
1328 5206 1390 5263 quae
1415 5191 1592 5274 subreptione
1615 5184 1662 5265 nel
1679 5183 1756 5263 laissa

129 5275 233 5333 stitutio
246 5292 253 5327 :
269 5294 279 5326 ι
301 5272 390 5329 Grave
400 5286 455 5326 nou
467 5269 589 5340 oportuit
602 5267 687 5323 uideri
698 5266 831 5337 piissimis
844 5281 918 5320 men·
986 5270 1096 5326 ruribus
1110 5266 1226 5324 forsitan
1240 5265 1431 5334 impetrantur,
1454 5259 1561 5315 nullum
1575 5254 1756 5325 supplicanti.

130 5347 206 5411 tibus
220 5346 318 5399 restris
329 5343 519 5411 cuiuscunque
536 5338 678 5394 retractari
689 5338 835 5407 judicium,
852 5336 917 5405 naria
960 5289 1020 5396 ‘Rus
1032 5339 1122 5394 iurant
1137 5335 1332 5390 remedium.»
1440 5399 1446 5411 .
1690 5391 1697 5404 ⁰
1736 5388 1744 5403 .

130 5415 233 5471 veritas
248 5413 383 5482 exagitata
398 5411 508 5480 saepius,
522 5409 610 5478 magis
624 5408 789 5477 splendescit
800 5407 829 5460 in
842 5406 916 5470 lucc;
1004 5409 1078 5481 (lad)
1096 5406 1277 5476 iiieronyrnus
1286 5401 1321 5457 ad
1332 5402 1529 5474 augustinum:
1542 5415 1552 5449 t
1564 5393 1660 5468 llagrga
1671 5391 1759 5461 digus·

130 5497 158 5541 et
171 5482 307 5553 pernicies
333 5490 458 5537 revocata
476 5480 503 5535 in
521 5480 653 5550 judiciuin
677 5477 788 5548 gravius
812 5486 840 5531 et
859 5476 918 5530 sine
968 5482 1194 5544 campunarum,
1208 5482 1418 5554 rrtntraqnaeque
1444 5470 1543 5523 balneat
1557 5468 1592 5520 ab
1603 5472 1664 5520 ortu
1681 5458 1757 5524 nnti-

131 5554 291 5627 putrientis
304 5552 510 5606 condemnabit·
537 5568 546 5602 ¹
969 5551 1061 5607 nitatis
1073 5551 1100 5605 in
1114 5547 1156 5604 sui
1167 5545 1319 5600 custodtaut
1331 5537 1463 5612 Angelum
1474 5536 1639 5608 deligatum.
1654 5551 1663 5584 ι

167 5613 207 5680 Es
220 5621 352 5678 Rornanis
365 5621 468 5692 legibus
484 5637 490 5674 ε
505 5635 514 5670 ι
531 5620 576 5673 illa
588 5617 687 5688 scripta
700 5615 918 5687 uniuscnjusque
