3892 6067
92 233 165 290 llud

696 217 797 276 tmen
812 215 856 270 [tlt
876 209 1036 268 AEbtt‘tctu
1054 207 1120 263 ott.

1654 201 1723 260 llil

91 331 331 419 gratiarumactio
347 339 471 395 debetur.
489 336 549 392 Tibi
565 350 674 407 quoque
698 330 840 405 impulsori
852 338 880 384 et
893 342 916 396 ,a
931 326 974 381 sui
991 325 1081 379 adbuc
1104 321 1273 394 imperfecta,
1293 319 1411 390 qualiter
1436 318 1472 373 ab
1494 318 1608 373 exordio
1625 320 1721 404 muudi

92 434 266 497 exercitatori
283 431 426 504 parvitatis
437 445 504 485 ruere
518 427 633 500 gratiam
645 425 763 489 debebit,
771 423 885 479 euieun·

93 542 148 600 que
161 525 189 581 in
200 540 234 579 eo
248 522 334 593 quod,
350 529 376 574 te
394 519 565 583 exhortante,
580 527 629 585 per
649 511 697 568 Dei
713 512 828 583 gratiam
842 508 885 564 di·

96 633 174 686 xero,
190 613 293 698 aliquid
308 620 383 667 recte
394 608 521 680 placebit.

353 741 468 801 catut
487 738 633 796 natabat.

96 865 164 931 Quia
176 860 257 930 bajus
272 856 395 928 AEdificii
405 865 498 909 auctor
512 862 537 908 et
556 851 715 906 architectus
728 849 809 919 lquoe
828 861 887 898 raa·

133 934 222 995 tedet,
236 945 295 1000 quar
309 929 482 982 irtstrttnrrntu
494 928 508 980 l
525 922 589 995 quid
612 920 692 985 iilud,
704 935 755 989 quo
768 915 887 986 ejusdem

132 1011 220 1074 partes
232 1000 427 1069 corrjuupautar
451 1010 482 1048 ac
507 992 648 1064 perstem?
664 989 810 1058 harpiarum
824 1001 887 1054 pro-

134 1071 207 1126 cellis
225 1071 273 1122 irae
292 1065 451 1135 AEatfirtam
471 1080 521 1118 trau
546 1062 693 1127 subruitur,
719 1058 884 1119 euertiturae,

132 1141 178 1196 aed
189 1138 303 1208 ampliata
317 1138 451 1206 firmatam,
464 1143 489 1189 et
506 1132 676 1186 sardiiutotur.

134 1249 163 1307 ln
178 1250 252 1306 omni
263 1248 378 1305 aedilicio
394 1246 558 1319 perficiendo
568 1244 619 1299 tria
632 1251 696 1298 suut
710 1240 886 1298 rraccssaria:

933 417 1092 479 aeditieetur,
1105 412 1163 467 Deo
1178 418 1348 466 monstrante
1365 409 1516 464 rideamus.

970 506 1164 577 Proponamus
1180 504 1273 573 itaque
1286 511 1349 556 ante
1375 500 1472 554 oculos
1496 498 1596 553 urentis
1610 516 1643 555 ac
1665 500 1726 554 llalei

936 608 1036 655 nostre
1055 596 1132 652 illum
1156 593 1377 665 potentissimum
1403 590 1523 656 labrum,
1548 590 1627 660 euius
1654 591 1728 645 salius

935 689 1064 745 Christus
1092 702 1153 742 esse
1174 700 1228 739 nou
1243 683 1395 748 dubitatur,
1410 681 1458 752 qrai
1482 681 1510 735 in
1530 680 1677 752 Eratrgclio
1692 680 1727 750 p·

936 780 989 835 iius
1009 779 1079 851 [atri
1096 776 1206 844 (Multi.
1223 790 1282 840 xtra,
1295 774 1341 843 55)
1359 772 1522 843 appellatur.
1536 770 1623 838 Quem
1638 780 1664 827 el
1676 771 1730 826 ta-

938 883 1006 930 trom
1032 871 1141 927 saluum
1160 883 1221 923 esse
1245 882 1300 921 uon
1322 865 1508 931 dubitamus;
1534 859 1658 921 sicutde
1682 865 1729 920 illo

937 965 1054 1036 loquens
1082 959 1231 1032 Apostolus
1246 958 1329 1013 etiam
1356 956 1467 1011 domum
1486 955 1626 1021 describit,
1650 955 1730 1027 cujas

938 1057 1027 1127 ipsum
1039 1053 1231 1107 fabricatorem
1245 1048 1345 1103 asserit
1362 1066 1368 1101 :
1389 1046 1545 1117 domitoris,
1559 1046 1657 1116 inquit,
1670 1044 1730 1116 plo·

938 1148 988 1201 rte
1001 1146 1051 1200 isle
1062 1159 1117 1214 prae
1135 1142 1226 1212 diupae
1247 1141 1343 1211 alpino
1360 1140 1465 1193 babitus
1480 1147 1539 1202 ert,·
1554 1146 1653 1202 priuato
1674 1153 1732 1189 uarr-

937 1238 1047 1309 piioreut
1057 1238 1181 1289 ironorem
1198 1232 1274 1286 laudet
1289 1231 1394 1296 dotatus,
1407 1231 1453 1301 qrrt'
1475 1229 1615 1299 [adamarit
1630 1228 1733 1281 illurn?

97 1342 210 1407 artifex,
234 1339 281 1411 qui
309 1348 454 1409 operetur;
477 1335 600 1401 materia,
617 1334 650 1389 de
664 1350 717 1405 qua
737 1340 864 1403 operetur
879 1349 887 1399 ;
941 1329 1033 1385 Oraais
1045 1342 1156 1398 rrarupae
1175 1325 1269 1378 dorrrna
1282 1323 1433 1393 lubricatur·
1447 1319 1478 1373 ed
1494 1320 1594 1391 aliptae.
1607 1319 1661 1384 eri
1684 1336 1734 1373 aa·

97 1431 335 1489 iustrumentarel
349 1429 517 1500 adjumenta,
530 1426 630 1498 quibus
646 1433 785 1497 operetur.
804 1421 901 1494 igitur·
940 1433 990 1475 reru
1005 1420 1093 1473 arnaria
1105 1417 1212 1480 crearit,
1226 1414 1297 1467 licus
1311 1423 1361 1475 cst,
1375 1422 1400 1467 et
1414 1411 1515 1482 illapsus
1528 1412 1634 1482 paridem
1646 1411 1733 1481 fidelis

98 1527 123 1579 si
137 1521 234 1578 artilex
250 1520 415 1576 attenditur
429 1518 512 1588 hujus
537 1517 656 1583 aedificii,
671 1517 705 1570 de
734 1529 789 1586 qrto
802 1513 888 1569 acturi
939 1525 995 1568 erut
1010 1515 1036 1568 in
1051 1512 1192 1565 loladomo
1204 1507 1261 1578 rjus
1282 1518 1407 1576 tauquam
1423 1503 1551 1574 partiarius,
1565 1503 1593 1556 in
1617 1502 1735 1556 tertiato·

98 1629 206 1679 sumtu,
221 1613 364 1683 quaritur,
390 1610 462 1667 Deus
477 1610 522 1664 lrie
536 1624 597 1664 esse
622 1608 656 1663 ab
670 1606 803 1677 Apostulo
814 1619 890 1660 asse·
943 1606 1020 1659 ulum
1035 1617 1205 1673 ruminantur
1219 1598 1330 1653 dicenda
1342 1606 1417 1651 eruut
1431 1613 1440 1650 .·
1460 1595 1581 1651 Cluistus
1598 1612 1658 1650 cero
1671 1606 1733 1650 tarr·

99 1705 180 1760 uitur.
193 1702 306 1758 llatoria
319 1716 383 1757 uero
395 1701 538 1756 rationalis
551 1708 684 1754 creaturae
706 1713 771 1768 pars
792 1696 888 1762 electa,
907 1675 1021 1769 Βιιιωιιι
1035 1695 1108 1765 filius
1120 1696 1147 1746 in
1159 1693 1304 1754 dorrrosuu,
1322 1706 1380 1760 pare
1396 1705 1486 1742 sunum
1499 1705 1556 1753 tros,
1572 1687 1596 1741 ai
1607 1687 1733 1757 fiduciam

98 1797 197 1867 dequa
209 1794 264 1850 [leo
278 1794 430 1850 aedificante
442 1791 612 1848 construitur
624 1791 723 1847 ciuitas
747 1802 889 1859 uunquam
940 1799 964 1845 ct
983 1789 1096 1858 glorium
1120 1786 1175 1856 spei
1197 1800 1278 1854 arsqae
1298 1784 1332 1837 ad
1347 1783 1426 1852 finem
1449 1783 1555 1850 firmam
1575 1763 1733 1835 retineamus

100 1889 219 1944 ruitura.
237 1885 362 1957 Reproba
388 1899 454 1941 sero
475 1899 539 1954 pars
564 1882 734 1938 rationabilis
749 1889 890 1946 creaturae,
942 1878 1037 1952 (lledr.
1051 1893 1092 1943 ιιι,
1106 1875 1177 1944 5-6).
1723 1853 1728 1868 ’

99 1989 130 2037 et
141 1980 232 2035 onrrris
245 1977 412 2034 irrationalis
423 1991 470 2032 seu
487 1974 655 2031 insensibilis
673 1981 807 2033 creatura,
821 1986 893 2042 qrrae·
979 1968 1043 2024 ttae
1062 1969 1171 2035 llantur,
1193 1982 1275 2037 qrram
1297 1965 1342 2020 bie
1359 1964 1505 2035 Apostolus
1524 1962 1655 2029 delinivit,
1670 1971 1737 2018 trane

102 2071 246 2132 clamsuut
259 2068 427 2139 alliamenta,
442 2065 542 2137 quibus
557 2063 608 2121 iste
620 2062 717 2118 artilex
732 2062 827 2117 utitur.
840 2059 892 2127 Qui
942 2065 1026 2134 eoepit
1036 2061 1177 2128 aliiensi,
1190 2059 1299 2131 quando
1313 2059 1415 2114 crearit
1429 2057 1501 2113 lleus
1522 2056 1621 2112 etaiam
1641 2064 1669 2111 et
1681 2062 1737 2111 ter·

100 2161 167 2218 licei
185 2161 218 2217 ad
233 2159 334 2230 aliquid
363 2157 519 2212 laciendum
547 2156 648 2210 nullius
661 2152 799 2224 adjutorio
820 2150 892 2206 iudi-

101 2261 175 2324 geat,
202 2251 292 2306 orrruio
307 2256 396 2303 tauron
413 2248 470 2302 irae
487 2248 515 2302 in
530 2246 661 2316 supientia
677 2242 774 2299 iecisse
789 2257 804 2296 a
818 2239 895 2296 Psal-

101 2343 184 2399 mista
209 2339 372 2411 praedicatur
392 2337 479 2411 (Paul.
503 2353 562 2403 ortt,
584 2337 642 2407 et).
656 2335 689 2390 Et
714 2335 785 2401 ideo,
799 2335 846 2404 qrri
865 2331 894 2385 in

102 2442 160 2488 tota
174 2417 253 2487 istius
268 2430 361 2486 murrdi
388 2428 490 2484 lubrica
507 2430 590 2483 eliam
613 2437 764 2484 extromum
793 2422 894 2478 termi-

102 2528 196 2582 culam
213 2523 379 2595 superfluum
395 2538 457 2579 esse
468 2522 544 2588 dicit,
564 2519 705 2591 sapientias
720 2515 895 2572 fabricatoris

103 2613 283 2680 contradicit;
301 2627 362 2681 qrraa
376 2610 444 2665 nibil
466 2609 530 2666 iecit
551 2619 598 2664 aut
623 2608 689 2663 lacit
713 2604 894 2677 superfluum,

106 2703 176 2760 nibil
199 2687 369 2769 lurletorum,
395 2702 525 2772 quoniam
551 2715 583 2755 ex
602 2699 659 2768 ipsa
684 2706 897 2765 creaturaque

107 2811 206 2866 nempe
220 2812 269 2867 per
288 2810 318 2850 se
341 2793 514 2849 considerata
539 2790 610 2860 apud
636 2788 822 2859 insipientium
840 2786 897 2839 ani·

107 2904 170 2943 mos
197 2886 269 2943 soeda
290 2886 439 2958 judicatur,
465 2893 522 2940 tcta
548 2880 733 2937 uniuersitatis
758 2886 895 2934 structura

943 2171 1018 2219 ram;
1033 2153 1143 2224 artando
1161 2151 1263 2206 crearit
1279 2150 1429 2221 angelicam
1444 2157 1471 2203 ct
1485 2149 1632 2203 bumauam
1659 2162 1734 2202 crea·

944 2254 1051 2326 turam3
1074 2244 1185 2314 qrrarrdo
1206 2244 1263 2312 iam
1278 2242 1312 2297 de
1327 2241 1416 2312 priruo
1432 2225 1546 2295 bomine
1557 2238 1661 2308 accepit
1689 2253 1737 2293 co·

945 2346 1122 2407 stam,quam
1140 2335 1284 2390 redilicarit
1308 2334 1334 2386 in
1357 2333 1499 2388 mulierem
1528 2329 1604 2400 (Gen.
1626 2346 1657 2397 u,
1678 2329 1737 2393 22).

945 2428 979 2483 Et
992 2430 1033 2482 rtr
1048 2428 1157 2499 quidem
1172 2427 1324 2498 plasmatus
1339 2424 1451 2496 legitur;
1468 2423 1567 2478 mulier
1579 2439 1653 2489 reru,
1668 2437 1738 2494 qaro-

944 2520 1019 2575 niam
1035 2516 1183 2573 Ecclesiam
1201 2516 1346 2587 significat,
1365 2531 1419 2569 uon
1442 2515 1582 2585 plasmari,
1597 2514 1643 2568 sed
1657 2513 1741 2567 aediti·

945 2612 1002 2667 cari
1017 2611 1127 2676 dicitur,
1145 2620 1173 2665 ut
1187 2610 1321 2673 uidelicet,
1336 2622 1471 2663 turricam
1493 2623 1508 2660 a
1532 2606 1646 2660 [lautino
1659 2593 1741 2660 aedili·

945 2713 1034 2757 eatam
1046 2702 1151 2770 audias,
1170 2700 1311 2755 mulierem
1327 2700 1460 2768 cogitans,
1479 2697 1622 2752 aedificium
1639 2697 1740 2752 iutelli-

946 2808 1012 2862 gas3
1039 2801 1066 2846 et
1083 2793 1135 2845 boe
1161 2792 1233 2862 quoi
1260 2789 1396 2860 intelligis
1414 2788 1520 2859 perlici
1537 2788 1651 2859 gratiam
1679 2804 1740 2845 csse

946 2882 1105 2938 constumias.
1125 2880 1306 2936 Corrtcntione
1323 2881 1422 2950 qnippe
1436 2895 1505 2948 opus
1516 2888 1567 2945 cst,
1579 2878 1666 2933 donee
1679 2895 1741 2950 pcr-

106 2979 435 3036 coureuienteroraratur.
453 2975 506 3030 Sed
528 2989 599 3029 caea
621 2987 709 3037 meas,
732 2986 794 3041 qrrae
808 2979 894 3024 tntum
911 2974 1089 3067 claniantum
1118 2989 1152 3027 ne
1176 2973 1274 3026 mallen
1294 2972 1450 3026 rutilationis
1467 2972 1542 3036 tacti,
1558 2988 1572 3025 a
1588 2971 1688 3026 saltreia
1713 2981 1742 3027 et

105 3085 162 3126 uon
175 3069 339 3134 considerat,
356 3078 459 3139 partem
482 3066 640 3139 frequenter
661 3073 710 3120 aut
725 3062 838 3129 fastidit,
851 3071 897 3117 aut
949 3064 1034 3134 gloria
1049 3064 1105 3134 spei
1122 3074 1222 3119 nostra:
1238 3061 1405 3133 frangamur.
1427 3060 1513 3128 Quam
1536 3061 1663 3116 brlrrciam
1684 3064 1739 3118 uisi

107 3161 214 3228 irridet,
229 3162 358 3229 quoniam
372 3160 436 3231 qtrirl
453 3160 496 3215 cui
515 3168 632 3231 aptetur,
647 3171 702 3211 nou
723 3156 806 3211 ridet.
815 3153 897 3209 Verbi
949 3154 1077 3225 usquein
1092 3154 1173 3209 finem
1195 3153 1300 3208 firmam
1323 3154 1499 3217 retireanrns,
1514 3155 1540 3207 iu
1558 3153 1741 3224 rirszrssptioue

108 3252 195 3324 gratia
211 3269 218 3307 ε
232 3248 261 3307 Si
275 3251 339 3322 quis
350 3266 447 3306 uasum
462 3252 506 3306 rel
520 3251 716 3320 oculumque
731 3255 795 3304 suut
807 3255 899 3318 partes
948 3246 1048 3300 «lomus
1068 3244 1114 3300 liei
1140 3262 1189 3301 tros
1204 3262 1257 3300 nnn
1277 3245 1394 3300 arlarittit
1419 3245 1576 3316 bpustrrlus.
1604 3245 1656 3313 Qui
1677 3262 1739 3301 cum

109 3343 223 3398 humani
249 3342 385 3413 corporis,
415 3341 518 3412 absque
542 3349 599 3396 toto
619 3340 780 3406 attenderet,
801 3353 898 3409 parurn
948 3335 1081 3392 dixisset:
1099 3334 1164 3401 Quoe
1186 3336 1279 3389 dotatus
1300 3352 1390 3390 suarius
1410 3352 1468 3401 uos,
1482 3345 1679 3407 corrsequeutcr
1695 3338 1742 3391 ad·

108 3435 320 3507 pulchritudinis
345 3435 372 3488 in
390 3435 432 3490 eis
459 3434 627 3506 perpendere
651 3441 755 3503 posset.
783 3429 899 3486 l'errrm·
947 3428 1012 3498 jecit
1028 3445 1034 3482 :
1049 3425 1251 3497 statuerumt
1265 3427 1380 3499 pieriam
1394 3428 1449 3498 spei
1461 3444 1541 3499 usque
1554 3428 1588 3482 ed
1599 3429 1678 3499 prtem
1691 3430 1739 3500 pr-

110 3534 201 3580 tamen
215 3523 279 3580 lieet
298 3524 341 3579 luc
365 3535 485 3595 partesa
508 3533 564 3580 toto
577 3538 628 3580 suo
643 3532 785 3592 separatae,
808 3519 899 3578 oeulis
949 3535 1020 3573 uram
1041 3521 1209 3575 retineamus.
1723 3523 1725 3526 ’

110 3614 152 3669 uri
167 3615 468 3672 animisattendeutium
484 3615 633 3671 loeditatem
647 3615 739 3684 potius
759 3628 841 3684 otram
853 3614 900 3669 ‹le-
984 3611 1026 3667 ab
1044 3611 1097 3667 baa
1113 3611 1212 3688 fiducia
1228 3620 1256 3666 ct
1269 3627 1328 3682 spe,
1351 3611 1438 3683 prima
1454 3612 1512 3666 mul
1523 3628 1553 3668 er
1568 3611 1652 3670 lraeta
1670 3614 1742 3673 dele·

110 3718 202 3759 eorem
216 3705 339 3782 ingerant
355 3706 416 3776 ;sic
432 3706 561 3762 tamenin
587 3705 742 3775 integritate
756 3705 798 3758 aui
815 3704 900 3760 totius
950 3702 996 3772 cit,
1012 3705 1122 3775 quaudo
1143 3720 1203 3760 eam
1220 3705 1335 3761 attalicus
1356 3706 1514 3764 tentationis
1527 3705 1622 3779 tetigit.
1639 3706 1705 3776 Quare
1718 3711 1741 3766 si

112 3793 319 3851 uniuersitatem
333 3805 479 3862 eroruant,
508 3805 537 3851 ut
551 3807 579 3850 et
602 3810 688 3850 trusus
711 3795 849 3862 decorem,
873 3801 900 3850 el
950 3794 1031 3851 briem
1054 3796 1080 3850 iu
1102 3793 1149 3850 Dei
1167 3796 1302 3866 praedictis
1320 3796 1471 3864 habuisset,
1486 3812 1626 3868 natuquam
1640 3801 1673 3855 ad
1689 3801 1742 3858 boc

111 3883 209 3941 oeulrrs
224 3900 286 3940 eum
308 3887 407 3944 decore
430 3888 574 3942 utilitatem
594 3894 725 3958 praestare
747 3900 803 3940 non
820 3900 901 3955 uege-
951 3883 1043 3939 seduci
1057 3884 1209 3955 potuisset,
1231 3894 1260 3939 ut
1272 3884 1380 3940 diabolo
1396 3895 1556 3956 suggerente
1572 3888 1633 3943 iude
1649 3906 1743 3960 spora-

113 3983 156 4029 tur
170 3994 178 4044 ;
193 3986 221 4033 et
231 3992 285 4034 raon
305 3988 359 4035 tam
385 3979 443 4051 ipsa
456 3995 538 4052 quam
562 3977 742 4048 reprehensor
756 3977 850 4032 talium
863 3995 903 4033 re-
952 3985 993 4031 ret
1006 3975 1089 4029 tritam
1104 3983 1130 4029 ct
1144 3973 1189 4030 ilci
1205 3974 1423 4042 similitudinem,
1446 3977 1519 4032 unde
1534 3976 1605 4035 Deus
1619 3980 1741 4037 rainatas

111 4069 322 4139 protendendus
337 4071 483 4142 judicetur.
507 4070 553 4128 Sic
576 4085 651 4143 ergo,
673 4069 845 4142 qui'aliquid
873 4070 901 4125 iu
947 4065 1041 4144 ,iuerat
1056 4076 1182 4121 mortem.
1205 4067 1298 4137 ltaque
1316 4065 1458 4124 diabolicis
1472 4071 1558 4140 magis
1574 4087 1656 4141 qrram
1672 4074 1741 4129 ‹liri-

112 4160 247 4236 creaturls
265 4157 523 4244 relut'superlluum
544 4162 728 4234 reprehendit,
748 4176 777 4217 oe
799 4176 901 4217 caecum
948 4159 995 4226 ¹nis
1009 4159 1089 4214 (lictis
1104 4159 1182 4214 tidem
1199 4159 1364 4227 adhibendo,
1379 4176 1432 4215 trau
1449 4151 1657 4232 persuasurum
1674 4149 1743 4222 bie·

112 4258 140 4304 et
153 4251 392 4322 reprehensibilem
405 4254 534 4311 ostendit.
560 4252 695 4320 erouiam
715 4253 838 4309 cacitne
854 4267 902 4308 ea·
952 4251 1005 4305 lem
1021 4251 1053 4306 'in
1068 4252 1196 4307 omnibus
1215 4251 1304 4307 uerbis
1318 4252 1386 4308 suis.
1407 4235 1535 4309 liiac'est
1561 4233 1741 4328 enim-quod

113 4355 188 4426 rens,
205 4351 290 4397 totum
310 4344 428 4432 rideret,¹
447 4345 515 4400 nibil
541 4343 568 4431 ip
588 4346 717 4415 operibus
732 4342 780 4400 Dei
809 4358 902 4414 repre·
917 4344 939 4400 ι)
953 4343 1061 4413 culpam
1076 4359 1154 4398 suam
1175 4344 1201 4399 in
1227 4334 1379 4414 serpentem
1400 4344 1527 4416 elotnrsit;
1552 4363 1632 4419 quem
1654 4349 1742 4407 abeo

113 4429 309 4491 bendenseum
329 4434 473 4506 Psalmista
498 4438 598 4494 diceret
619 4456 630 4516 ι
652 4435 754 4492 Fidelis
771 4436 900 4513 domiuus
952 4433 1052 4494 iactum
1073 4445 1099 4491 et
1115 4437 1141 4490 iu
1160 4436 1287 4507 paradiso
1299 4436 1417 4508 positum
1433 4453 1486 4494 noa
1502 4441 1645 4511 ignoravit,
1661 4445 1741 4515 quasi

113 4530 142 4584 ia
153 4526 273 4582 omatibus
286 4528 370 4582 aeriis
393 4529 459 4596 ruia,
473 4539 498 4583 et
509 4538 618 4585 sanctus
640 4530 668 4583 in
683 4527 802 4609 aurailus
815 4528 900 4598 operi-
951 4527 1045 4597 lapsus
1062 4528 1148 4598 ipsius
1166 4545 1219 4584 non
1234 4515 1488 4599 absqrre'fireatoris
1510 4533 1588 4602 culpa
1605 4537 1739 4603 er·enerit;

115 4622 162 4677 bus
177 4620 233 4675 suis
249 4618 337 4691 (Paul.
351 4636 441 4686 erata,
452 4620 507 4690 ld).
823 4617 825 4620 ’
950 4619 998 4690 qui
1020 4621 1108 4691 ipsura
1122 4607 1272 4692 serpentem
1293 4622 1397 4692 peccati
1419 4632 1604 4694 suggestorem
1619 4625 1646 4681 iu
1661 4643 1738 4698 para·

150 4710 214 4767 llaec
232 4722 275 4767 est
288 4711 332 4766 illa
352 4728 451 4784 magna
472 4712 556 4767 totius
570 4711 665 4766 mundi
679 4711 781 4767 lubrica
796 4721 902 4783 etque
951 4711 1012 4767 diso
1027 4699 1165 4784 posuerat,
1181 4715 1208 4768 iu
1229 4730 1284 4785 quo
1300 4721 1328 4768 ct
1342 4714 1480 4770 bominem
1493 4701 1608 4787 marens,
1625 4699 1759 4776 manda-¹

114 4801 178 4858 dam
195 4802 359 4866 urrirersalis
374 4803 481 4858 officina
500 4819 507 4870 ;
531 4804 565 4889 iu¹
585 4819 650 4874 qrra,
665 4802 720 4860 lleo
740 4805 903 4860 mirabiliter
951 4812 1009 4859 turn
1026 4804 1063 4859 illi
1083 4820 1137 4861 nou
1154 4804 1281 4876 peccandi
1297 4804 1418 4861 dederat.

115 4905 256 4967 operante,
272 4895 408 4967 quoddam
423 4895 567 4950 aeditiaium
582 4891 742 4960 fabricatur,
772 4910 826 4967 quo
839 4911 900 4965 per·
986 4892 1042 4951 Nos
1053 4906 1142 4950 autem
1155 4896 1306 4966 psallamus
1320 4892 1446 4964 fideliter,
1458 4879 1741 4958 altimanniam-

114 4996 177 5042 aeto
197 4996 224 5041 et
244 4988 360 5043 malleus
370 4985 605 5058 eordriagctur,et
617 4986 674 5057 ipsa
687 4986 790 5043 lubrica
804 5003 903 5043 seeun-
949 4986 984 5040 lis
996 4985 1123 5040 Dratinus
1137 4987 1165 5039 in
1178 4986 1297 5044 omatibus
1308 4988 1391 5043 uerbis
1403 4990 1469 5060 sair,
1481 4999 1506 5044 et
1517 4989 1630 5047 Sanctus
1642 4994 1670 5046 iu
1683 5012 1741 5048 orn-

114 5078 180 5133 dum
196 5087 308 5145 statum,
324 5091 404 5149 quem
429 5093 503 5133 uurre
527 5076 628 5132 babere
650 5076 766 5142 uidetur,
790 5076 902 5133 omniuo
951 5073 1027 5128 aidus
1038 5074 1159 5145 operibus
1170 5059 1326 5150 suisti‘sal.
1340 5094 1428 5145 cautu,
1443 5082 1497 5152 id).
1511 5081 1580 5149 Quia
1593 5084 1660 5139 nibil
1674 5098 1739 5155 pro-

114 5168 280 5225 destruetur.
302 5168 510 5228 Ciuitasautem
536 5167 595 5235 liei,
624 5177 749 5240 quaeest
768 5170 795 5224 iu
816 5170 900 5226 electa
951 5169 1044 5236 mittit,
1068 5168 1165 5239 inquo
1184 5181 1339 5228 saltatorum
1360 5175 1508 5232 credulitas
1529 5174 1649 5244 saltatur,
1672 5152 1739 5232 nibil

114 5258 270 5315 rationabili
294 5271 431 5327 ereatura,
459 5276 547 5331 ueqrte
574 5276 647 5316 tratre
664 5277 752 5332 neque
775 5271 840 5317 tunc
858 5263 903 5318 do-
952 5259 1160 5330 iaeitautiecit,
1176 5264 1271 5335 inquo
1292 5283 1387 5323 corum
1411 5270 1541 5325 sanctitas
1564 5271 1737 5339 impediatur.

115 5356 249 5414 struatur,
264 5351 310 5405 sed
330 5366 404 5406 nune
416 5351 566 5407 aedificatur
580 5351 750 5407 irrevocabili
766 5351 900 5424 proiectu,
952 5353 1023 5421 Quin
1044 5354 1099 5409 imo
1113 5355 1140 5412 in
1162 5355 1221 5426 ipso
1237 5358 1327 5413 omnis
1341 5360 1486 5414 aedilieatin
1502 5371 1657 5417 coristructa
1680 5377 1740 5417 cre·

115 5448 144 5495 et
166 5447 233 5496 tune
254 5442 337 5498 stabit
361 5443 421 5498 siae
437 5442 556 5499 deiectu.
577 5442 676 5498 Verum
704 5444 768 5514 quia
794 5452 903 5499 canstat
952 5444 1014 5510 scit,
1036 5460 1090 5500 non
1104 5446 1245 5516 ‚tlemeseit
1259 5465 1266 5502 :
1281 5462 1331 5503 nec
1344 5448 1435 5519 aliqua
1454 5449 1585 5518 plantatio
1606 5451 1739 5510 eradicari

115 5530 152 5587 do
169 5529 262 5588 lutura
274 5541 491 5602 etporroausura
517 5536 596 5591 istius
608 5534 728 5591 ciuitatis
742 5533 901 5603 stabilitate,
951 5539 1061 5608 poterit,
1078 5538 1129 5594 nisi
1140 5554 1183 5604 ea,
1198 5554 1280 5610 quam
1298 5539 1356 5608 ipse
1376 5556 1429 5596 uon
1442 5540 1582 5609 plantavit.

115 5636 167 5677 nos
188 5622 222 5679 de
248 5623 387 5692 renrporali
406 5634 478 5680 statu
499 5627 558 5694 cjrrs
573 5642 686 5699 agamus
701 5645 708 5694 ;
734 5636 761 5683 et
787 5627 813 5683 iu
826 5636 903 5699 parte
991 5626 1057 5699 Quis
1072 5639 1113 5687 ost
1124 5639 1213 5689 autem
1230 5646 1244 5687 a
1259 5630 1323 5702 ileo,
1337 5639 1364 5688 et
1379 5631 1406 5688 in
1427 5632 1511 5689 ileum
1523 5633 1671 5705 plantatus,
1687 5634 1739 5692 nisi

272 5717 409 5779 uarios.
435 5717 568 5781 cxciv.
1541 5702 1602 5790 aa
1724 5712 1730 5728 '
