3892 6067
0 253 71 395 ’,1ὶέ
91 275 187 335 aras
543 275 607 331 ιιιι.
630 273 673 329 oe
693 275 822 333 etonta
841 277 886 333 rr
906 276 1048 336 uouona
1068 280 1147 335 nun
1166 282 1320 347 virentinus.
1676 294 1747 352 nm

16 432 60 469 :·-
91 389 224 462 Binetirrs
249 389 402 447 insinuarit
423 401 520 448 eontra
535 391 702 465 Eutyclteten
722 393 846 451 scribens
861 395 905 451 in·
920 401 943 460 Α
956 397 1040 467 panis
1065 397 1113 466 oui
1140 397 1174 455 de
1201 400 1271 456 eoelo
1287 401 1439 471 deseendit,
1458 401 1549 459 Verbo
1561 404 1634 476 qnod
1658 417 1701 463 est
1721 419 1749 465 et

10 470 67 573 ,ξι
90 482 282 539 trodueendo
295 483 503 540 similitudinem
517 499 628 541 coronae
647 486 763 542 dcatrro
782 495 810 541 et
830 502 905 558 gem·
939 474 1030 558 squod
1040 498 1099 543 erat
1110 488 1317 547 immutabiliter
1329 504 1518 564 permanente,
1537 497 1629 552 anima
1642 513 1708 554 uero
1721 507 1750 555 et

2 566 25 657 .},
58 560 68 585 ²
90 574 163 629 mis
176 574 346 642 compositae,
359 572 386 628 in
402 589 456 644 qna
470 575 594 633 unitione
608 576 669 632 auri
691 584 719 631 ct
732 592 903 649 genaunorum
953 591 1037 633 earne
1050 577 1171 634 humana
1186 580 1227 635 sic
1245 590 1361 649 uiolata,
1375 592 1405 637 ιιι
1418 583 1481 639 licet
1492 597 1671 655 permanente
1685 586 1747 643 illa·

12 720 18 755 :
47 652 64 755 Ὺ*
90 673 209 719 natura
219 664 502 735 permanetrsicntet
515 665 544 720 in
558 666 662 721 annulo
673 676 821 737 gemmato,
839 684 902 724 cunr
953 685 1016 724 rum
1030 672 1149 727 essentia
1169 680 1196 727 et
1214 674 1355 729 essentiali
1371 675 1534 744 differentia,
1549 692 1604 748 qua
1626 678 1747 736 differta

16 833 17 836 Ἴ
47 756 67 773 ““
92 759 145 815 sit
160 768 321 821 naturarum
334 760 505 818 diversarum
522 763 647 834 quedam
661 764 759 830 unitio,
772 765 847 820 nulla
861 766 903 820 io·
953 759 1085 816 Creatore
1096 771 1232 830 ereatura,
1247 764 1283 819 sit
1297 773 1387 821 tamen
1401 766 1442 821 eis
1453 767 1546 822 diuina
1557 770 1688 837 potentia,
1701 784 1747 825 sa·

4 918 58 942 ν
92 850 219 906 vertitur
229 850 387 907 earumdem
400 862 562 910 naturarum
576 853 620 909 vei
632 854 760 911 conlusio
770 856 812 911 vel
824 869 902 912 eom·
952 851 1066 922 pientia,
1085 854 1211 910 uirtuset
1226 856 1313 926 gloria
1334 857 1362 912 in
1383 872 1437 913 una
1465 857 1595 913 trinitatis
1616 875 1745 930 persona,

19 938 64 969 ‘³⁴
92 942 222 1022 mistio,
252 942 300 998 sed
323 958 374 998 nee
400 944 462 1000 talis
488 943 642 1012 diuisio,ut
663 946 706 1001 rel
725 962 823 1004 aurum
841 948 901 1004 sine
951 959 1014 1016 quae
1031 943 1104 1011 beus
1130 955 1158 1000 et
1182 946 1277 1014 homo,
1300 947 1373 1005 filius
1392 947 1440 1004 Dei
1453 956 1481 1004 et
1499 949 1628 1017 bominis,
1643 961 1747 1006 utrum-

33 1020 58 1057 ⁴³
90 1048 218 1102 gemma
232 1034 392 1105 velgemma
418 1033 477 1090 sine
505 1050 574 1092 auro
592 1036 647 1092 diei
670 1036 758 1093 ualeat
781 1039 901 1097 annulus
951 1051 1006 1106 que
1034 1036 1139 1094 babens
1159 1053 1209 1110 per
1226 1039 1396 1096 nativitatem
1415 1041 1508 1110 potius
1530 1057 1613 1112 quam
1630 1058 1679 1113 per
1692 1043 1764 1099 ha·'

24 1122 59 1195 χ’·
92 1134 273 1195 gemmatus.
289 1124 328 1180 lta
345 1136 373 1182 et
390 1126 538 1182 innovator
554 1136 659 1184 nature
671 1128 744 1185 Deus
763 1130 900 1186 bomola·
951 1128 1050 1185 bitum.

5 1280 20 1301 ,Α
93 1225 170 1272 ctos
188 1225 242 1284 est,
262 1215 291 1271 id
316 1216 392 1287 quod
417 1214 469 1273 luit
493 1218 691 1288 permanendo,
706 1227 733 1275 et
755 1220 830 1291 quod
844 1237 900 1277 non
986 1218 1031 1275 ll.
1052 1218 1104 1287 Qui
1116 1221 1190 1276 enim
1204 1219 1331 1279 babendo
1345 1222 1372 1276 in
1389 1237 1419 1278 se
1442 1222 1528 1279 Deum
1540 1233 1651 1296 propter
1667 1225 1745 1283 laot-

0 1302 19 1329 ’“
42 1303 56 1339 ’·
95 1310 422 1377 eratassumendo,non
444 1311 664 1367 commistionem
690 1327 789 1382 passus
811 1329 900 1383 neque
951 1315 1009 1364 lunt
1025 1309 1175 1366 benedicti
1191 1310 1307 1367 sultidil
1322 1311 1509 1380 seudliibei;
1537 1314 1610 1370 sicul
1636 1312 1744 1386 Moyses

95 1402 279 1458 diuisionem.
291 1387 520 1459 commistionem
533 1418 582 1459 seu
603 1402 898 1461 conlusionemdoeuit
949 1399 1039 1456 diulus
1056 1410 1099 1456 usi
1125 1399 1198 1457 Deus
1221 1400 1528 1468 Ρ11111101118,11Η11111
1553 1418 1624 1475 ‘tuus
1655 1403 1744 1461 laetos

43 1514 46 1523 ’
96 1493 243 1565 Eutyches
259 1493 412 1562 baeretieus,
430 1494 595 1551 diuisionem
618 1511 683 1552 vero
709 1497 830 1553 asseruit
843 1495 897 1553 Nc·
948 1502 992 1549 est
1004 1508 1096 1548 sermo
1115 1490 1163 1549 bei
1181 1493 1247 1549 dieti
1274 1502 1340 1550 sunt
1361 1494 1399 1549 dii
1419 1503 1448 1549 et
1471 1495 1519 1549 dlii
1545 1493 1652 1552 Excelsi
1667 1511 1674 1549 ι
1687 1511 1743 1551 ιιοιι

29 1584 49 1619 '·
97 1586 220 1641 storius.
235 1585 269 1639 Et
283 1595 398 1658 uterque
412 1602 428 1642 a
443 1594 539 1643 sarrcta
548 1587 671 1644 Ecclesia
682 1588 843 1658 repudiatus
855 1599 898 1645 est
948 1593 1028 1641 erant
1042 1585 1092 1640 lilii
1110 1583 1158 1640 uei
1177 1585 1235 1640 siue
1254 1584 1293 1657 dii
1308 1585 1480 1655 naturaliter,
1501 1585 1566 1657 qnia
1583 1602 1638 1642 non
1661 1601 1743 1643 aece-

0 1682 17 1711 ’·
36 1680 49 1715 ³
100 1693 155 1746 per
169 1692 228 1732 earu
246 1677 326 1734 iidem
342 1694 397 1749 qua
409 1678 540 1747 creditur,
560 1678 688 1734 Christus
704 1694 737 1734 ex
750 1680 858 1736 duabus
870 1690 897 1737 et
947 1685 1045 1745 uetuul
1060 1675 1199 1730 uusueudu
1209 1684 1238 1730 ut
1251 1683 1345 1731 esseut
1358 1677 1430 1746 quttd
1443 1676 1615 1744 dicebantur,
1627 1678 1741 1748 sediaru

98 1766 254 1823 indutibus
278 1767 385 1824 naturis
404 1767 544 1833 existens,
568 1766 706 1837 perlectus
732 1766 816 1835 Deus,
833 1784 895 1839 per·
913 1750 1021 1827 Buatis
1035 1780 1061 1826 et
1083 1769 1211 1826 formatis
1226 1770 1332 1827 indulta
1348 1779 1391 1826 est
1412 1769 1582 1840 aliquantula
1595 1769 1728 1841 participa

6 1871 23 1898 ··’
88 1859 193 1918 Icelus
214 1859 313 1927 homo;
330 1874 402 1916 unus
421 1859 535 1916 omnino
554 1873 610 1914 non
639 1857 802 1916 confusione
828 1861 895 1918 sub·

0 1961 2 1985 1
96 1950 211 2007 stantiae
223 1951 270 2007 sed
283 1950 387 2007 unitate
399 1965 532 2022 personat.

3 2053 38 2076 1
102 2100 108 2105 ,
137 2041 182 2097 ΙΙΙ,
197 2042 263 2099 item
276 2043 310 2098 de
326 2043 420 2099 babitu
437 2043 561 2100 interiori
576 2043 648 2100 sieut
661 2051 704 2099 est
715 2042 825 2100 babitus
835 2044 895 2099 ani-

95 2134 140 2197 ani
166 2136 329 2208 sapientiam
351 2135 488 2204 habentis,
512 2135 572 2207 ipsa
597 2135 731 2206 sapientia
757 2136 894 2192 intellecto

95 2236 229 2298 percepta
242 2235 270 2282 et
280 2243 331 2284 usu
347 2228 467 2294 llrmata,
481 2243 581 2300 inagna
592 2228 731 2283 inuenitur
743 2228 894 2285 similitudo

23 2334 28 2343 ·
95 2321 127 2374 in
141 2319 254 2376 bomine
267 2319 343 2378 beo:
363 2321 442 2393 eujus
458 2321 613 2377 intellectus
635 2320 774 2378 humanos
784 2331 893 2379 murone

1 2405 33 2509 ³4
95 2412 242 2484 capientia
255 2414 428 2486 perceptione
450 2415 616 2473 informatus
630 2425 659 2474 et
682 2434 735 2475 usu
755 2418 891 2486 lirmatus,

13 2552 31 2565 ,,
96 2516 154 2567 non
165 2504 237 2575 sapit
249 2506 275 2560 in
291 2504 384 2577 aliquo
398 2507 502 2573 minus,
528 2522 612 2578 quam
639 2507 698 2579 ipsa
720 2516 821 2565 aeterna
847 2523 892 2564 sa-

94 2598 212 2668 pientia,
230 2608 341 2679 quaest
356 2599 523 2656 informatus
533 2610 560 2657 et
572 2603 706 2657 firmatus.
721 2600 891 2667 Quiaonrnis

0 2712 30 2746 ¹:
96 2691 183 2745 bonno
196 2692 305 2762 sapiens
322 2700 427 2747 tontum
444 2691 527 2762 sapit,
541 2706 671 2763 quantam
688 2692 770 2748 babet
784 2694 893 2763 sapien·

4 2808 14 2838 ι
94 2782 182 2846 tianr;
203 2783 226 2839 si
241 2798 354 2853 partam
378 2797 487 2852 parurn,
509 2782 534 2836 si
557 2781 671 2836 multam
697 2782 825 2849 multum,
846 2797 890 2837 se·

10 2920 23 2933 ,.
92 2873 217 2936 eundum
233 2890 291 2930 suae
305 2873 446 2943 sapientiae
475 2873 599 2929 habiturn
623 2872 813 2929 intrinsecum.
829 2872 890 2929 Non

3 2992 19 3025 ,ν
94 2966 154 3034 ipsa
172 2963 410 3033 tamensapieutia
433 2963 493 3034 ejus
517 2971 640 3018 mutatur
665 2961 693 3017 iu
722 2962 811 3031 illurn,
840 2965 888 3019 sed

2 3084 6 3091 ,
92 3065 182 3111 mutat
193 3055 280 3123 illurn,
295 3055 397 3113 iaciens
408 3058 441 3115 dc
453 3058 537 3126 stulto
551 3059 712 3129 sapientem.
729 3057 776 3114 Sic
788 3068 888 3115 aeterua
903 3101 924 3160 c
941 3056 1151 3129 perseverantiae
1162 3056 1204 3111 ait
1217 3074 1224 3112 ι
1243 3076 1253 3108 ι
1268 3056 1317 3128 qui
1330 3055 1418 3113 tidelis
1430 3065 1482 3125 est,
1494 3057 1523 3111 in
1534 3069 1567 3111 eo
1580 3070 1673 3111 veram
1685 3069 1734 3109 na·

946 1866 986 1922 tio
1004 1863 1254 1932 sanctitatisillius,
1269 1878 1325 1934 qna
1340 1860 1422 1917 Pater
1449 1862 1525 1918 illurn
1549 1864 1739 1931 sanctificavit,

945 1967 973 2014 et
987 1959 1063 2014 misit
1078 1958 1105 2014 in
1119 1957 1264 2025 mundum,
1291 1971 1373 2027 quern
1394 1962 1503 2011 constat
1525 1970 1588 2012 esse
1609 1956 1740 2014 Sanctum

946 2053 1118 2109 sanctorum.
1135 2049 1172 2105 be
1187 2064 1243 2121 qtro
1256 2060 1284 2104 et
1298 2047 1413 2118 angelus
1428 2045 1463 2102 ad
1483 2047 1595 2102 ilariam
1607 2051 1677 2121 qued
1691 2068 1737 2106 tro·

944 2154 1042 2211 amtor,
1056 2141 1199 2214 inquines
1221 2151 1246 2195 te
1266 2148 1400 2207 tanetum,
1425 2141 1562 2195 uocabitur
1576 2140 1666 2196 Filios
1692 2141 1741 2197 uer·

945 2235 1024 2308 (Lac.
1037 2249 1058 2303 r,
1074 2234 1132 2304 55).
1148 2230 1208 2288 Non
1221 2232 1292 2290 dixit
1301 2231 1376 2304 quod
1392 2240 1522 2287 nascetur
1539 2246 1572 2287 ex
1588 2240 1613 2287 te
1628 2240 1741 2290 sanetus

944 2329 1088 2386 uocabitur
1100 2325 1188 2382 Filius
1199 2323 1259 2391 bei,
1276 2340 1311 2381 ne
1331 2324 1365 2381 ad
1380 2323 1466 2381 solius
1489 2321 1570 2380 Verbi
1592 2339 1739 2395 personant

944 2429 1024 2490 putes
1039 2416 1176 2488 pertinere
1196 2415 1270 2488 quod
1283 2413 1482 2472 dieiturFilius
1503 2413 1549 2471 Dei
1568 2433 1576 2470 r
1599 2416 1647 2472 sed
1665 2414 1739 2487 qood

945 2506 1095 2579 nascetur,
1110 2510 1210 2580 iuquit,
1223 2525 1257 2566 ex
1274 2519 1301 2566 te
1315 2516 1463 2577 sanctum;
1488 2509 1615 2565 uidelicet
1637 2525 1739 2582 eorpus

944 2605 1036 2660 anima
1051 2604 1180 2659 rationali
1195 2605 1359 2670 animatum,
1373 2602 1464 2659 Verbo
1484 2600 1532 2658 bei
1556 2603 1674 2670 unitum,
1688 2618 1739 2658 ro-

943 2697 1051 2752 rabitur
1061 2693 1149 2752 Filius
1160 2694 1218 2761 uei,
1235 2709 1290 2750 non
1304 2693 1385 2765 quasi
1407 2692 1494 2749 Deum
1514 2693 1542 2747 in
1554 2707 1584 2747 se
1599 2692 1735 2759 habendo,

944 2796 975 2843 ιιι
986 2786 1081 2842 docuit
1096 2774 1242 2852 Photinus,
1257 2793 1286 2840 et
1307 2783 1411 2842 Paulus
1429 2784 1627 2841 Samosatenos
1653 2792 1737 2854 atque

942 2874 1087 2933 Nestorius
1104 2876 1303 2945 ltaeresiarcbae,
1320 2877 1368 2931 sed
1380 2891 1443 2932 vere
1456 2875 1630 2943 uerusbeus,
1648 2883 1676 2930 et
1688 2875 1736 2929 bel

943 2966 1031 3023 Filius
1045 2968 1143 3023 unicus
1161 2968 1315 3023 existendo.
1332 2966 1408 3022 Unde
1421 2966 1592 3038 Augustinus
1607 2964 1645 3022 [le
1662 2965 1736 3020 bono

93 3146 142 3203 Ilei
160 3149 415 3222 sapiuttiulunuiui
433 3151 521 3221 uuita,
543 3160 571 3206 et
597 3150 624 3205 in
649 3150 773 3206 babitum
788 3166 889 3220 sempr·
941 3166 1031 3209 turam
1052 3150 1202 3206 humanam
1222 3150 1309 3208 eredit
1332 3149 1501 3220 suscipiente
1520 3147 1578 3205 beo
1591 3139 1679 3203 Verbo
1697 3147 1734 3202 ita
1767 3150 1770 3157 ‘

92 3253 201 3303 ternum
218 3242 257 3296 illi
269 3243 344 3310 data,
358 3258 413 3323 non
426 3253 469 3300 est
481 3244 510 3299 iu
524 3241 570 3297 illo
580 3250 698 3310 mutata,
712 3258 775 3298 curn
791 3243 828 3297 sit
837 3242 889 3297 im·‹

12 3388 15 3393 a
93 3335 235 3392 innotabilis
249 3324 278 3391 et
291 3336 395 3393 nullius
408 3337 573 3392 mutationis
595 3351 692 3406 capax.
708 3333 803 3407 Neque
814 3334 888 3391 enim

91 3438 119 3485 et
134 3428 191 3483 ullo
205 3428 289 3483 modo
300 3428 485 3499 susceptibilis
497 3427 693 3496 accidentium,
707 3442 826 3498 perque
841 3442 887 3482 so-

2 3572 10 3581 ,
91 3520 236 3576 lummodo
250 3519 279 3576 lit
303 3520 419 3577 mutatio
447 3536 542 3576 rerum
563 3520 764 3592 subjacentium
778 3518 885 3575 formis.

0 3661 1 3664 ,
91 3612 151 3668 Ιιιιο
165 3611 223 3683 ipsa
244 3621 287 3671 est
316 3621 418 3669 aeterna
446 3611 535 3668 lorma
558 3627 656 3669 carens
684 3612 811 3680 materia,
826 3628 887 3682 qun

90 3719 256 3776 permanens
267 3704 448 3762 immutabilis
462 3713 552 3761 motat
565 3704 717 3770 bominem,
725 3703 805 3776 juxta
820 3703 887 3760 illud

91 3796 224 3868 rapientis
246 3797 351 3853 dietum
375 3815 383 3853 ι
406 3794 568 3869 Stabilisque
591 3811 700 3851 monens
717 3796 768 3850 dua
791 3804 886 3850 ennete

90 3891 190 3944 moueri
200 3888 277 3961 (Sap.
291 3906 340 3958 ru,
355 3889 413 3962 23).
425 3887 597 3945 Felicissime
613 3897 706 3945 autern
728 3888 813 3945 coelos
823 3887 885 3944 illos

90 3979 159 4035 iacit
182 3980 297 4048 moueri,
322 3981 357 4035 de
383 3980 485 4053 quibus
508 3979 628 4036 dicitur:
648 3979 735 4050 (luero
758 3994 885 4033 manuum

91 4082 271 4148 lacrumarum
290 4073 358 4129 omli.
371 4072 429 4145 Ipsi
441 4072 573 4144 peribunt,
588 4081 617 4127 tu
631 4084 721 4127 cutem
736 4090 884 4145 permanea,

940 3243 1128 3311 sublimatam,
1150 3251 1180 3297 ut
1192 3241 1241 3312 qui
1254 3241 1376 3312 suscepit
1389 3250 1415 3296 et
1433 3239 1508 3311 quod
1529 3240 1663 3310 suscepit,
1677 3254 1734 3294 urta

938 3342 1011 3388 esset
1023 3333 1051 3388 in
1065 3331 1199 3387 Trinitate
1210 3347 1339 3403 persona,
1356 3332 1545 3402 assumptione
1569 3329 1615 3384 illa
1637 3329 1734 3385 inelin-

939 3424 1030 3481 biliter
1044 3424 1162 3481 iaciente
1175 3439 1300 3495 personae
1312 3424 1394 3480 unius
1406 3423 1435 3478 in
1451 3421 1508 3478 beo
1522 3431 1551 3478 et
1562 3421 1675 3477 bomine
1687 3437 1734 3475 rc·

939 3519 1073 3574 ritatem
1082 3516 1156 3574 ldem
1169 3516 1198 3572 in
1209 3514 1370 3584 Errebiridio
1386 3534 1392 3572 :
1409 3533 1418 3568 ι
1429 3514 1556 3571 Christus
1569 3513 1651 3570 lesus
1661 3511 1735 3570 Deus

937 3609 1041 3666 debeo
1055 3618 1108 3676 est,
1124 3613 1208 3664 bomo
1228 3615 1320 3664 autem
1337 3616 1419 3663 natos
1444 3606 1479 3663 de
1505 3594 1609 3677 Spiritu
1635 3612 1733 3662 sancto

937 3720 972 3760 ex
985 3703 1093 3775 uirgine
1113 3698 1211 3766 llario,
1224 3709 1344 3773 utraque
1371 3699 1536 3765 substantia,
1551 3697 1645 3753 divina
1658 3698 1733 3754 seili-

937 3805 1020 3854 celet
1035 3796 1167 3867 bumana,
1183 3792 1270 3849 Filius
1288 3801 1333 3850 est
1354 3792 1453 3848 unicus
1474 3790 1521 3846 Dei
1540 3792 1628 3863 patris
1643 3791 1732 3848 omni-

936 3887 1066 3960 potentis.
1084 3886 1185 3942 aldem
1200 3885 1228 3941 in
1242 3884 1313 3940 libro
1326 3882 1364 3939 ile
1370 3883 1609 3954 predestinatione
1618 3896 1730 3940 saneto·

937 3996 1016 4036 rum:
1039 3999 1049 4033 r
1066 3978 1113 4041 lile
1125 3979 1209 4034 homo
1221 3986 1274 4034 uta
1288 3974 1378 4033 Verbo
1394 3974 1469 4031 Patri
1483 3986 1614 4033 coaeterne
1627 3976 1656 4031 in
1666 3977 1731 4034 uni·

938 4081 992 4127 tate
1008 4084 1133 4142 personae
1144 4079 1302 4139 assumptos
1315 4066 1402 4122 Filius
1415 4066 1462 4122 bei
1477 4066 1634 4138 unigenitus
1645 4074 1730 4132 esser,

88 4175 115 4221 et
138 4182 227 4221 earnes
251 4174 281 4220 ul
300 4166 482 4221 uestimentum
494 4173 664 4234 oetermeent,
686 4173 711 4220 et
730 4166 801 4221 velut
816 4169 885 4222 omi·
936 4164 1008 4220 urrde
1031 4163 1085 4219 boc
1110 4162 1283 4217 mereretur?
1301 4161 1374 4231 qrrod
1402 4160 1505 4215 bouum
1533 4159 1594 4229 ejus
1613 4172 1730 4229 praeces·
1789 4178 1793 4183 ¹

89 4257 631 4314 ctaarmutnbiseoretnrutabnutnrrtu
647 4258 887 4332 autemideraipse
935 4255 981 4323 sit,
1010 4262 1040 4310 ut
1066 4253 1099 4308 ad
1128 4251 1201 4306 hane
1228 4248 1391 4305 ineffabilem
1415 4247 1605 4303 excellentiam
1632 4261 1731 4317 perue-

88 4352 361 4421 ea,etannituinoo
382 4351 610 4424 deficienthrel.
632 4367 669 4420 cr,
689 4350 748 4423 tl).
775 4348 885 4422 Signili-
935 4345 1025 4402 niret?
1059 4342 1176 4399 iaciente
1205 4355 1239 4397 ae
1268 4340 1435 4411 suscipiente
1468 4336 1523 4394 beo
1550 4335 1638 4392 teron
1670 4337 1729 4407 ipse

89 4453 188 4501 eantur
200 4445 302 4517 quippe
317 4446 429 4502 nomine
442 4444 575 4501 ciclorum
602 4444 742 4512 sanctior
756 4443 883 4501 bomines
898 4441 1019 4517 phomo
1038 4452 1072 4494 er
1087 4449 1143 4509 quo
1167 4449 1229 4491 esse
1251 4433 1335 4506 eoepit
1358 4431 1444 4488 Filios
1467 4430 1514 4486 bei
1546 4428 1644 4484 unicos
1665 4443 1728 4484 esse

87 4547 116 4597 ct
133 4539 222 4610 angeli
232 4539 282 4611 qui
296 4549 362 4595 sunt
371 4538 487 4596 amictus
510 4537 576 4603 liei:
593 4538 658 4610 quia
684 4539 727 4595 bis
751 4548 881 4611 tauquam
932 4531 1026 4603 carpit.
1047 4551 1056 4585 r

87 4632 252 4688 uestimento
274 4648 326 4689 sno
339 4630 387 4688 Dei
403 4630 537 4701 snpientia
552 4639 676 4687 ornatur.
690 4630 785 4687 [lehis
798 4633 881 4687 etiam
968 4622 1002 4679 il.
1023 4622 1087 4679 llaec
1104 4621 1222 4680 dieendo
1238 4629 1350 4678 sancus
1365 4616 1536 4690 dragustinus
1555 4611 1676 4668 bominis
1697 4612 1726 4665 iu

88 4731 197 4780 caristat
216 4724 311 4781 tunica
333 4724 380 4780 illa
405 4722 589 4787 inconsutilis,
605 4722 725 4793 desuper
753 4730 880 4777 contexta
932 4715 1019 4772 bean
1046 4714 1094 4772 ilci
1118 4714 1218 4770 Filium
1232 4715 1373 4786 signanter
1394 4707 1523 4779 exprimit
1544 4704 1725 4771 nativitatem,
1781 4704 1787 4712 '

87 4833 137 4889 per
147 4826 250 4887 totunm
275 4826 371 4874 sancta
397 4816 522 4874 videlieet
542 4815 666 4874 Ecclesia
684 4825 822 4887 unguento
834 4814 881 4868 illo
931 4820 993 4877 quae
1008 4806 1067 4862 sola
1084 4804 1223 4861 bominem
1250 4811 1424 4872 assumptum
1442 4796 1489 4854 Dei
1508 4795 1573 4853 lecit
1599 4794 1726 4862 unicum,

87 4910 197 4984 perime
208 4927 217 4978 ;
230 4910 306 4984 quod
319 4909 459 4966 deseendit
468 4910 497 4964 in
509 4908 622 4965 barbam
640 4905 753 4962 barbam
769 4904 872 4972 barim,

86 5006 162 5077 quod
169 5004 313 5062 descendit
327 5003 357 5058 iu
366 5018 444 5059 oram
451 4999 608 5058 vestimenti
622 4997 692 5070 ejus.
704 4995 783 5053 Unde
796 4999 879 5052 etiam

86 5101 110 5155 si
125 5099 160 5154 de
177 5098 305 5168 interiori
318 5097 414 5154 babitu
428 5095 528 5152 mentis
549 5094 584 5150 ad
607 5090 771 5150 exteriorem
785 5092 878 5149 eonsi-

87 5192 240 5249 derandum
259 5207 312 5250 nos
326 5200 477 5258 tertanms,
488 5189 567 5260 juxta
579 5202 661 5259 quem
674 5186 702 5241 in
715 5200 831 5257 corpore
841 5185 880 5240 di·

88 5288 179 5342 dmus
192 5284 278 5342 aliurn
292 5285 350 5342 alio
361 5284 533 5350 validiorem,
551 5282 595 5336 rel
609 5279 696 5336 alium
711 5278 766 5334 alio
777 5277 878 5333 melius

87 5378 228 5447 testitum,
253 5379 415 5446 calceatum,
439 5383 597 5437 armalnnu
623 5369 758 5443 sapientia
775 5377 876 5425 amnon

86 5488 147 5545 quae
165 5472 318 5529 sibiuniuit
330 5487 385 5529 non
400 5469 489 5526 solum
503 5466 631 5538 spiritum
654 5461 703 5520 sed
725 5469 753 5518 et
777 5474 877 5530 eorpus

89 5567 250 5633 humanum,
265 5566 345 5638 longe
358 5566 389 5620 iu
404 5561 542 5618 inllnitum
560 5557 667 5615 beatius
680 5554 767 5610 beatis
791 5567 876 5623 ange-

10 5668 14 5674 ’
87 5659 120 5713 lis
140 5666 167 5713 et
186 5657 355 5723 hominibus,
370 5652 485 5709 mutant
509 5650 648 5707 hominem
672 5645 724 5701 sibi
746 5643 875 5699 unitum:

86 5750 121 5806 ita
133 5760 162 5807 ιιι
173 5752 224 5808 trin
235 5759 307 5822 sata,
321 5733 451 5807 Verbum.
466 5760 543 5823 earn
558 5752 585 5801 et
610 5743 711 5818 uolunta,
725 5739 778 5796 sint
793 5751 887 5823 «nnus,

932 4908 962 4955 ut
977 4900 1119 4970 sicutipse
1136 4897 1184 4963 ait,
1207 4895 1278 4951 sicut
1301 4894 1400 4949 uniens
1414 4892 1440 4946 io
1458 4899 1575 4961 utraque
1595 4888 1724 4943 substan·

931 4992 981 5058 tia,
995 4992 1087 5047 diuina
1101 4987 1242 5045 seilicetet
1257 4986 1389 5042 bumana.
1408 4982 1486 5051 Quod
1500 4982 1525 5037 ci
1547 4997 1601 5038 non
1616 4978 1723 5051 putuis-

930 5091 972 5140 set
984 5079 1110 5138 eonlerre
1121 5078 1275 5149 assumptio
1298 5077 1357 5133 sola
1374 5076 1530 5133 extrinseco
1553 5070 1659 5129 habitui
1678 5085 1724 5123 as-

930 5173 1060 5240 similata,
1075 5185 1131 5227 non
1147 5170 1218 5227 laiso
1247 5169 1395 5239 intellectu,
1414 5168 1554 5230 sedeone,
1571 5178 1621 5221 nee
1631 5170 1721 5217 tamen

928 5266 1029 5323 ditiuae
1051 5262 1172 5321 bominis
1195 5263 1332 5319 inutilitati
1342 5261 1493 5320 contrario.
1521 5256 1591 5325 Quia
1615 5255 1656 5312 sie
1680 5261 1723 5308 est

930 5361 1013 5416 lromo
1028 5362 1055 5415 in
1068 5356 1154 5413 benna
1170 5365 1341 5428 assumptus,
1355 5365 1386 5409 ιιι
1410 5354 1447 5408 sit
1473 5351 1555 5407 etlam
1582 5349 1612 5403 in
1636 5346 1722 5403 beorn

928 5460 1010 5508 natus
1029 5469 1037 5507 ε
1053 5458 1081 5506 et
1093 5449 1133 5506 sie
1143 5456 1186 5505 est
1210 5463 1226 5504 a
1251 5445 1308 5503 ileo
1332 5453 1452 5513 creatus,
1465 5451 1495 5499 ot
1520 5443 1558 5498 sit
1588 5441 1670 5497 etiam
1692 5438 1722 5495 iu

928 5543 1014 5600 Deum
1031 5551 1111 5598 natus
1128 5559 1135 5596 :
1152 5555 1185 5595 ex
1202 5538 1289 5594 altero
1300 5538 1395 5594 dicens
1410 5533 1549 5590 :Ascendo
1564 5532 1599 5587 nd
1612 5531 1720 5586 Putrem

926 5653 1013 5693 mrum
1023 5652 1033 5701 ,·
1045 5651 1078 5692 er
1093 5633 1179 5690 altero
1193 5631 1295 5689 addens
1310 5652 1316 5689 :
1331 5631 1364 5687 Et
1380 5630 1414 5686 nd
1428 5629 1512 5685 Deum
1527 5645 1610 5682 nterim
1627 5626 1720 5701 (lanan

927 5747 973 5803 xu,
987 5728 1041 5802 ll).
