3892 6067
202 147 255 206 nro
680 120 834 199 cunnum
853 129 1343 199 aaarosnunnicuunsannu.

200 262 287 335 digito
299 258 346 317 liei
360 256 528 328 conscripta,
539 267 601 326 qua
614 253 642 308 in
652 254 706 310 boc
718 252 841 311 breviato
850 255 934 311 verbo
948 256 992 310 in·
1007 259 1031 317 n
1044 256 1196 313 seeundum
1224 253 1425 311 multitudinem
1452 251 1648 311 misericordia
1675 261 1729 312 tua
1744 245 1833 328 (Das-

200 362 375 411 staurantur:
389 345 509 418 «diliges
522 344 678 417 proximum
690 353 767 400 tuum
780 344 852 402 sicut
863 346 992 417 teipsum
1043 362 1084 415 tn,
1100 346 1157 417 bl).
1181 366 1191 401 u

201 443 310 503 tiiattlt.
329 456 397 505 usti,
415 439 471 509 57).
495 456 504 489 r
1078 434 1161 492 Vana.
1178 435 1221 492 id.
1243 434 1357 507 Fiatque
1378 434 1561 491 misericordia
1578 442 1635 502 trra,
1658 445 1688 491 ut
1710 438 1827 492 console

234 529 318 585 Vsus.
337 527 380 581 75.
399 525 495 580 Manus
511 533 564 580 tua
580 524 698 595 secernat
724 539 776 592 me,
798 532 823 579 et
843 524 990 594 plantasse·
1043 536 1145 583 terme
1166 528 1313 584 seeundum
1331 526 1464 598 eloquium
1487 535 1562 582 tuum
1575 541 1585 580 :
1599 527 1750 584 meandum
1766 543 1835 585 ver·

199 629 261 674 runt
276 634 328 672 rte.
345 616 453 673 Gratias
472 614 522 670 tibi
540 629 592 685 ago
608 612 732 670 Creatori
754 629 826 683 meo,
845 614 910 687 quia
926 630 990 671 cum
1041 616 1106 674 bum
1127 618 1320 689 promissionis
1335 616 1438 674 lactum
1452 617 1569 674 Abrahae
1580 615 1658 689 (Gen.
1672 620 1740 687 xxvi)
1753 636 1836 676 screa

93 702 94 705 ’
199 719 297 766 catera
314 709 373 766 solo
391 707 475 763 verbo
495 706 632 763 creaveris
654 705 770 762 dicendo
783 724 790 760 :
806 704 870 761 Fiat
886 707 937 763 boc
947 707 990 762 vel
1042 717 1098 776 tuo,
1110 709 1154 765 cni
1164 708 1317 781 promisisti
1327 723 1422 765 semen
1435 708 1495 778 eius
1507 699 1742 779 multiplicandum
1754 704 1835 768 si'cut

200 803 263 869 boc,
288 817 332 858 me
354 800 494 857 bominem
518 797 607 855 iecisti
628 815 698 871 opus
719 814 851 855 manuum
868 807 988 867 tuarum,
1040 800 1134 857 stellas
1156 800 1217 857 cmii
1241 799 1341 870 (and.
1364 799 1474 872 xssttu).
1494 800 1559 856 ltem
1583 799 1661 857 alteri
1685 819 1759 858 serra
1780 813 1834 860 tite

200 889 306 946 catoris
320 890 448 960 operibus
468 887 523 944 tuis
537 888 730 956 excellentium
745 888 809 960 quia
823 887 886 944 licet
899 889 990 945 nobile
1040 889 1126 963 liovsi
1140 891 1248 949 locutus
1260 907 1290 949 es
1314 891 1385 948 inter
1402 900 1499 948 catera
1518 910 1526 946 ε
1543 910 1553 945 ι
1570 891 1728 960 lliserebor,
1746 895 1835 967 cujas

199 1001 270 1056 opos
282 994 360 1040 tuum
383 983 418 1039 sit
432 981 557 1054 angelus,
574 980 658 1036 bomo
674 988 765 1035 maten
777 977 890 1050 quidam
905 994 990 1050 supra
1039 982 1456 1052 misercor,etmisericordia1n
1474 985 1621 1056 praestabo,
1644 984 1723 1055 cujus
1743 986 1835 1043 mise-

198 1076 358 1146 dignitatem
374 1074 525 1146 angelicam
538 1069 746 1141 praedestinatus
758 1078 786 1125 et
798 1069 933 1124 exaltatus
947 1078 990 1126 est
1038 1074 1120 1129 rebor
1136 1073 1223 1146 (Rom.
1238 1091 1276 1140 tx,
1291 1073 1347 1146 15).
1364 1093 1374 1128 u
1392 1073 1458 1130 ltem
1477 1082 1505 1130 et
1519 1075 1587 1130 milri
1600 1091 1673 1130 seruo
1684 1083 1728 1131 tuo
1740 1075 1835 1133 liavid

199 1166 227 1219 in
243 1165 383 1221 excelsum
401 1164 542 1229 tltronum,
568 1158 615 1216 ubi
634 1175 698 1214 eum
723 1158 821 1214 adorat
842 1159 989 1215 multitudo
1040 1162 1148 1222 loeutus
1168 1180 1198 1221 es
1217 1165 1288 1220 bona
1309 1165 1429 1222 diceus:
1455 1184 1464 1218 i
1489 1164 1583 1221 inveni
1606 1165 1692 1222 David
1715 1183 1832 1224 servum

197 1256 367 1327 angelorum.
390 1253 478 1324 Hujus
497 1252 618 1308 bominis
637 1264 687 1322 ego
710 1249 863 1305 membrum
886 1249 988 1321 gratias
1038 1257 1217 1325 meum,oleo
1237 1265 1332 1314 sancto
1359 1273 1421 1314 meo
1438 1258 1506 1313 unxi
1534 1274 1608 1327 eum,
1625 1279 1635 1312 r
1654 1268 1707 1316 etc.
1735 1259 1832 1330 (Pici.

198 1349 246 1404 tibi
269 1361 330 1418 ago,
345 1345 470 1412 Domine,
484 1344 557 1415 quod
572 1345 667 1397 mitius
683 1351 737 1397 tae
757 1342 875 1413 iecerunt
900 1357 941 1395 me
954 1340 988 1397 tle
1038 1363 1172 1413 nvxxvnv,
1184 1347 1242 1418 it.)
1255 1347 1319 1403 ltem
1335 1349 1411 1405 alteri
1422 1365 1496 1404 seruo
1511 1358 1556 1403 tuo
1577 1348 1646 1405 dicis
1663 1365 1670 1400 τ
1686 1368 1696 1403 r
1716 1347 1834 1406 Vocabo

197 1438 294 1503 nihilo,
308 1444 441 1507 quantum
464 1435 498 1489 ad
512 1435 634 1490 animam
648 1432 707 1489 siue
726 1432 889 1503 praeiacente
901 1439 989 1487 male·
1038 1454 1093 1495 non
1110 1438 1217 1510 plebem
1232 1454 1332 1509 meam,
1344 1447 1371 1495 et
1382 1454 1437 1495 non
1452 1438 1670 1496 miscricordiam
1692 1454 1833 1497 consecu-

196 1533 236 1587 ria
251 1538 371 1585 creatam
385 1525 420 1583 ad
433 1526 580 1597 imaginem
596 1535 623 1582 ct
641 1524 848 1581 similitudinem
866 1522 935 1580 liei:
952 1522 988 1577 Et
1038 1536 1094 1584 tant
1108 1528 1323 1584 misericordiam
1343 1537 1518 1587 consecutam
1540 1528 1614 1599 (Ore.
1637 1545 1667 1595 n,
1682 1530 1720 1602 l).
1739 1550 1748 1582 r
1772 1530 1833 1603 131.

195 1620 395 1689 ptusmareruat
419 1631 469 1684 me,
492 1623 625 1685 quantum
643 1615 677 1669 ad
699 1628 800 1685 corpus
823 1615 857 1670 de
872 1611 987 1668 materia
1002 1589 1023 1643 B
1039 1624 1083 1673 tur
1101 1617 1145 1674 cui
1156 1617 1198 1673 vis
1211 1619 1360 1685 misereris,
1377 1629 1404 1674 et
1423 1635 1504 1690 quem
1520 1619 1561 1676 vis
1573 1618 1701 1686 induras3
1715 1621 1758 1676 cai
1769 1621 1832 1687 ris,

196 1723 303 1765 terrena
318 1707 465 1762 formatum
479 1713 507 1760 et
528 1719 577 1774 per
589 1703 711 1758 amintam
724 1702 884 1759 rationalem
898 1701 987 1758 vivill-
1037 1706 1263 1775 misericordiam,
1284 1717 1311 1764 et
1325 1710 1368 1765 cui
1384 1711 1435 1778 vis,
1463 1702 1584 1766 ostendis
1603 1711 1692 1766 iram..
1708 1709 1760 1767 Sed
1772 1728 1833 1784 ego

194 1807 296 1856 catum.
313 1797 346 1853 Et
361 1797 426 1868 quia
450 1794 590 1850 rationalis
610 1794 701 1849 aniam
715 1808 776 1848 mea
790 1808 874 1864 capas
889 1802 930 1849 est
943 1793 986 1848 in·
1037 1796 1133 1865 David,
1146 1812 1196 1868 ego
1206 1800 1331 1869 exemplo
1343 1798 1426 1854 liavid
1440 1800 1575 1871 poenitens
1585 1799 1620 1855 ab
1631 1798 1670 1856 ira
1683 1808 1729 1855 tua
1746 1800 1832 1872 iugio

194 1887 365 1961 telligentiac,
380 1886 422 1940 lia
437 1885 501 1939 nribi
516 1885 688 1950 intellectum,
701 1885 843 1939 addiscam
858 1885 986 1942 mandata
1036 1890 1070 1946 ad
1086 1899 1112 1946 te
1132 1888 1239 1945 Patrem
1253 1889 1504 1947 misericordiarum
1518 1900 1545 1947 ct
1558 1890 1644 1947 Mum
1659 1891 1744 1947 totius
1757 1907 1832 1947 con·

194 1988 252 2034 aaa.
265 1977 401 2034 formasti
412 1974 565 2042 vasculum,
581 1974 652 2046 quod
670 1990 704 2031 ne
720 1976 756 2030 sit
770 1989 899 2043 vacuum,
912 1976 986 2047 reple
1037 1980 1180 2038 solutionis
1195 1980 1306 2037 assidue
1319 1981 1434 2037 dicendo
1449 2000 1456 2035 ε
1480 1980 1545 2035 Fiat
1559 1982 1744 2036 misericordia
1763 1993 1831 2051 tua,

193 2066 409 2124 illudt'nlellecltt
426 2066 613 2120 munditiarum
639 2065 841 2132 luorum,sit·ui
863 2065 896 2122 de
921 2067 984 2137 qui·
1035 2072 1669 2144 accomodaturmesecunduateinquiumtuum
1682 2083 1830 2128 memo,

193 2161 311 2218 busdam
324 2159 460 2223 canimus,
473 2158 538 2229 quia
550 2157 669 2213 llrmauit
682 2159 710 2214 in
728 2159 782 2215 illis
794 2159 909 2231 gratiam
925 2158 986 2231 Spi·
1035 2162 1101 2220 item
1123 2182 1130 2218 :

193 2252 264 2308 ritus
278 2251 377 2318 sancti,
392 2257 420 2306 et
441 2249 578 2305 intellectu
592 2249 750 2320 adimplevit
772 2249 855 2306 corda
874 2265 982 2306 eorum.
1070 2252 1154 2310 Vens.
1167 2253 1211 2309 77.
1226 2253 1338 2308 Veniunt
1353 2253 1418 2308 atilli
1432 2255 1614 2308 ntiserattones
1626 2263 1678 2308 tue
1688 2262 1714 2308 et
1725 2254 1830 2319 rivam.

193 2342 227 2396 Et
238 2341 347 2414 quidem
360 2341 436 2407 lides,
448 2355 510 2410 quae
521 2347 605 2395 ester
618 2339 723 2408 auditu,
736 2355 792 2396 non
803 2341 911 2412 capitur
923 2341 984 2398 sine
1035 2342 1188 2398 vivillcatus
1199 2343 1266 2414 ipsis
1276 2341 1489 2397 miserationibus
1503 2340 1830 2412 tuis;nioamlnpraesenti

192 2435 364 2507 aliquantulo
378 2433 535 2498 intellectu,
557 2431 604 2489 sed
630 2431 688 2503 ipsa
703 2432 770 2488 tides
792 2440 835 2488 est
855 2430 983 2489 meritum
1035 2434 1135 2500 sobrie,
1149 2433 1223 2504 juste
1243 2448 1275 2489 ac
1291 2433 1334 2504 pie
1349 2432 1419 2488 inter
1432 2433 1557 2489 homines
1568 2433 1765 2500 conversando,
1780 2433 1829 2487 ei·

191 2527 225 2581 ad
239 2525 425 2595 ampliandum
441 2522 621 2592 intellectum,
645 2522 718 2594 quod
730 2532 803 2595 pcto,
817 2532 844 2580 et
858 2532 923 2595 opto
939 2523 984 2579 di·
1034 2540 1093 2580 unm
1107 2538 1218 2596 quoque
1231 2523 1259 2578 in
1276 2522 1369 2579 lutnro
1395 2524 1465 2579 inter
1479 2522 1590 2592 angelos
1604 2522 1691 2578 bonos
1706 2521 1828 2578 bonitati

191 2633 256 2674 cons
281 2636 288 2673 :
312 2617 354 2671 lia
377 2616 442 2671 miii
468 2617 648 2683 intellectum,
675 2624 704 2670 ut
730 2615 832 2671 discum
856 2616 984 2671 mandata
1036 2625 1088 2671 tuac
1098 2616 1201 2687 gratias
1211 2614 1316 2686 agendo
1328 2622 1356 2671 et
1365 2614 1567 2671 misericordias
1578 2622 1639 2671 tuas
1650 2614 1677 2670 in
1688 2623 1828 2671 aeternum

190 2718 248 2763 tua.
264 2706 372 2765 discam
394 2706 484 2765 lamere
507 2707 580 2778 quod
601 2706 685 2763 didici
705 2707 795 2780 legere
816 2707 860 2762 vel
880 2707 984 2764 intelli·
1035 2707 1167 2763 canendo.
1185 2705 1277 2762 Visam
1290 2722 1364 2763 nunc
1379 2707 1530 2764 seeundum
1551 2707 1637 2779 legem
1652 2715 1745 2775 tuam,
1757 2710 1828 2779 qnia

191 2815 265 2873 gere.
1035 2795 1078 2854 ies
1102 2806 1147 2853 tua
1170 2798 1307 2853 meditatio
1332 2813 1390 2852 mee
1411 2806 1462 2864 est,
1488 2796 1515 2851 in
1539 2813 1593 2868 qua
1619 2796 1737 2868 Spiritus
1759 2799 1829 2854 vitia

227 2889 308 2947 Vsus.
326 2891 371 2947 ii.
384 2890 436 2957 Qui
450 2892 540 2945 timent
557 2898 591 2957 te,
608 2888 730 2944 ridebunt
746 2905 796 2957 me,
811 2896 837 2944 et
852 2887 1018 2970 lasciua-C
1034 2897 1085 2957 esl,
1111 2889 1173 2959 quia
1198 2887 1242 2942 lea
1263 2884 1394 2958 amritaiis
1414 2896 1465 2951 ert,
1488 2886 1532 2943 cui
1554 2895 1645 2942 mente
1659 2877 1827 2955 consentio,

190 2994 244 3036 rur.
261 2981 390 3038 Peccator
405 2981 513 3045 ridebit,
530 2990 554 3036 et
570 2980 709 3047 irascetur,
725 2979 827 3036 videbit
839 2989 866 3035 et
877 2978 983 3035 inride-
1033 2978 1117 3036 etiam
1129 2979 1241 3051 quando
1258 2979 1285 3033 in
1309 2994 1391 3034 carne
1406 2993 1465 3034 mea
1482 2978 1570 3035 sentio
1590 2978 1676 3052 legem
1694 2979 1745 3050 iepi
1765 2989 1825 3035 tua

188 3074 229 3129 bit
246 3091 253 3128 :
270 3076 317 3128 sed
336 3074 382 3145 qui
399 3073 491 3127 timent
507 3081 542 3138 te,
566 3071 689 3127 vinicium
704 3088 755 3139 me,
770 3080 795 3125 et
809 3071 980 3127 latabantur.
1033 3070 1207 3127 contrariam.
1222 3068 1274 3124 Per
1294 3068 1365 3123 banc
1377 3068 1464 3140 legem
1482 3068 1534 3138 iegi
1557 3076 1609 3123 tua
1631 3069 1825 3125 adversantem

188 3163 264 3219 Licet
273 3162 347 3219 enim
363 3163 417 3217 sini
432 3163 523 3233 gravis
536 3162 570 3216 ad
585 3161 732 3217 videndum
748 3161 858 3226 inuidis,
876 3178 924 3218 ero
937 3174 981 3218 ta·
1032 3161 1060 3218 in
1079 3160 1209 3217 membris
1224 3160 1293 3215 meis
1308 3158 1453 3216 occasione
1476 3165 1587 3230 accepta
1600 3159 1760 3231 impugnant
1774 3175 1827 3214 me

1774 145 1919 201 lto,

189 3268 253 3308 mea
266 3261 363 3325 gratus
376 3251 502 3322 benignis
513 3252 594 3307 oculo
611 3252 727 3307 bonnet
749 3251 867 3322 simplici
887 3253 980 3309 consi·

188 3343 348 3400 siccantibus
359 3342 535 3410 intellectum,
550 3342 637 3414 gratia
649 3352 694 3399 tua
708 3342 827 3398 donante
844 3344 910 3398 mibi
922 3345 980 3400 eol-

188 3439 287 3504 latnm,
303 3436 403 3507 etipsa
418 3448 515 3490 aarum
538 3434 599 3490 talis
618 3442 673 3491 tam
688 3435 805 3506 benigna
818 3434 888 3490 visio
904 3436 937 3490 ad
953 3444 980 3492 te

187 3527 311 3581 tiatorem
328 3526 423 3597 gratim
445 3524 595 3596 gratiarum
609 3524 691 3590 actio,
718 3524 750 3580 ad
768 3541 812 3581 me
825 3541 890 3581 vero
912 3542 979 3583 eou-

187 3616 334 3689 gratulatio
345 3627 397 3683 est,
411 3616 460 3672 tibi
474 3616 508 3672 ad
519 3616 707 3687 gloriam,illis
720 3616 753 3673 ad
766 3617 897 3684 laetitiam,
909 3632 980 3689 quo·

186 3711 261 3765 niam
278 3708 399 3763 uidebant
415 3725 466 3776 me,
487 3717 512 3762 et
529 3706 699 3763 letabuntur.
716 3706 775 3763 Non
798 3709 838 3765 sic
858 3709 913 3779 ille,
933 3710 978 3766 cui

187 3800 287 3856 dicitur
302 3819 309 3855 ε
325 3800 365 3854 An
382 3787 479 3855 oculus
502 3809 566 3856 tuus
586 3814 702 3870 nequam
719 3807 772 3866 est,
785 3801 848 3869 quia
863 3815 913 3871 ego
928 3801 979 3856 bo·

186 3909 241 3948 nus
254 3894 335 3949 snm?
359 3910 368 3943 r
387 3891 497 3964 (Metti.
514 3907 561 3958 ss,
577 3888 632 3961 te.)
652 3889 719 3948 Vere
734 3907 851 3963 nequam
869 3894 976 3961 oculus,

187 3998 269 4056 quom
284 3982 411 4046 euticiae,¹
426 3981 501 4053 quod
526 3979 597 4037 [leus
616 3988 659 4036 est
677 3980 788 4051 bonus;
811 3983 907 4040 oculus
923 3984 975 4056 lip-

1032 3251 1141 3323 supcrbi
1156 3251 1293 3307 daemones
1316 3258 1343 3305 et
1359 3249 1603 3315 nominassemus
1618 3265 1689 3322 quos
1709 3265 1757 3306 oro
1776 3251 1825 3306 di·

1032 3358 1097 3398 cens
1116 3361 1123 3396 :

1067 3433 1149 3490 Vsus.
1163 3434 1206 3489 78.
1228 3433 1433 3505 Coniundantur
1446 3434 1562 3504 superbi.
1574 3435 1637 3507 qaia
1652 3436 1749 3506 injuste
1764 3434 1824 3490 iai·

1030 3524 1157 3594 quitatem
1177 3524 1293 3594 fecerant
1306 3526 1335 3578 in
1350 3540 1400 3579 me.
1416 3523 1665 3593 confundanturad
1680 3525 1822 3595 poeniten·

1030 3615 1096 3671 tiam
1112 3614 1221 3687 superbi
1236 3615 1373 3684 hottuines,
1389 3614 1513 3686 quisunt
1535 3615 1738 3682 convertibiles,
1760 3616 1822 3671 dae-

1030 3720 1125 3761 mones
1150 3714 1240 3760 autom
1256 3717 1284 3761 nt
1304 3721 1401 3761 eorum
1425 3707 1556 3761 obstinati
1577 3708 1733 3778 complices,
1750 3707 1819 3775 quis

1030 3812 1083 3852 non
1107 3807 1171 3851 suut
1186 3798 1376 3854 convertibiles
1391 3813 1406 3854 a
1428 3798 1531 3852 malitia
1546 3813 1596 3853 sun
1610 3799 1741 3868 pertinaci
1764 3814 1819 3855 nec

1028 3898 1071 3944 est
1082 3889 1136 3945 illis
1150 3889 1339 3959 commutatio,
1357 3909 1367 3943 r
1391 3888 1594 3947 conlaudamus
1608 3899 1634 3945 et
1657 3890 1819 3960 operiantur

1028 3979 1099 4036 sieut
1112 3978 1231 4052 diploide
1246 3981 1407 4037 conlusione
1420 3996 1468 4037 sua
1484 3981 1571 4052 (Psoi.
1588 3997 1663 4046 cuin,
1677 3980 1735 4049 29),
1753 4001 1762 4033 r
1779 3996 1820 4037 ne

184 4090 248 4151 pus,
270 4088 352 4146 quem
373 4072 479 4128 cruciat
502 4071 547 4127 lus
575 4072 649 4127 clara
671 4072 746 4129 sanis
768 4074 855 4130 oculis
874 4075 976 4146 jucun·
1028 4071 1134 4139 llossllll
1159 4070 1289 4142 pellicere
1310 4072 1382 4127 mali
1403 4088 1464 4145 ‘111ae
1481 4082 1576 4128 collita
1595 4088 1639 4127 me
1660 4082 1816 4142 wilellmi.

184 4167 228 4221 da.
253 4163 383 4219 Videbunt
403 4178 468 4237 ergo
491 4179 531 4219 me
555 4163 693 4220 intellectu
713 4165 788 4220 claro
809 4165 975 4223 illustratum
1027 4163 1090 4224 itia
1108 4160 1205 4231 l'lijvlle
1222 4162 1390 4231 iniquitatem
1404 4163 1521 4233 iecerunt
1536 4164 1564 4216 ia
1581 4179 1632 4217 me·
1649 4161 1752 4218 Pudeat
1763 4176 1816 4216 eos

185 4257 245 4313 sani
270 4256 343 4311 nctrli
369 4255 522 4311 timentium
550 4263 586 4322 te,
601 4264 626 4310 et
649 4255 821 4312 latabantur.
851 4256 923 4324 Quin
946 4259 975 4312 in
991 4241 1013 4296 ⁰
1027 4251 1142 4321 coeplsse
1157 4250 1230 4320 quod
1243 4251 1373 4321 perlicere
1390 4269 1444 4309 non
1459 4263 1584 4324 possunt.
1599 4253 1705 4309 Cadent
1719 4253 1746 4308 in
1760 4267 1814 4323 op·

184 4339 262 4404 aeria
282 4356 331 4401 tna
345 4345 538 4418 supersperavi,
553 4346 645 4402 sciens
669 4346 733 4415 quia
750 4346 975 4417 superabundan·
1025 4340 1166 4409 molarium
1182 4341 1389 4411 sempiternum,
1412 4360 1467 4415 quo
1489 4345 1540 4400 etsi
1564 4360 1618 4399 non
1639 4345 1815 4416 corrigantur

184 4450 236 4505 ter,
260 4454 342 4510 quam
356 4438 475 4509 petimus
498 4443 546 4490 aut
568 4435 755 4505 intelligimus,
782 4446 860 4507 potes
884 4438 973 4493 adim·
1024 4428 1193 4499 ipsi,eorum
1206 4438 1296 4485 ‘imin
1310 4431 1445 4501 exemplo,
1458 4433 1517 4488 ilii
1529 4447 1624 4488 0⁰l¹llll
1637 4432 1811 4499 00¹¹f¹¹⁸1⁰ll02

183 4531 435 4603 pleredcsiderium
455 4529 557 4585 bonum
570 4527 604 4582 de
622 4526 713 4582 verbis
729 4528 784 4583 tuis
799 4538 971 4599 correeptum.
1024 4522 1113 4580 eaeteri
1136 4522 1263 4579 timorem
1290 4523 1416 4590 babeant,
1440 4526 1503 4596 quia
1521 4526 1621 4595 injuste
1643 4526 1811 4597 iniquitatem

183 4622 300 4690 Quando
316 4629 406 4676 autem
421 4619 573 4690 protelatur
592 4625 640 4673 aut
663 4617 773 4688 penitus
796 4629 911 4688 negatur·
934 4619 972 4686 id,
1024 4615 1140 4685 fecerunt
1161 4614 1188 4668 ia
1210 4630 1261 4678 nte,
1282 4615 1381 4685 injuste
1402 4617 1507 4688 absque
1521 4616 1624 4687 judicio
1636 4617 1811 4673 discretionis

185 4713 258 4783 quod
288 4710 438 4767 secundnm
470 4710 552 4765 verba
583 4718 630 4764 tua
657 4716 875 4778 supersperatur,
909 4711 973 4765 nolo
1023 4706 1212 4762 tnacbinantes
1224 4705 1809 4781 milrimala.Epouutemcserceinr[Vulg.

185 4814 281 4859 eontra
301 4803 352 4856 boc
374 4817 547 4857 murmurare
566 4806 655 4858 scians
673 4800 862 4872 jvrstojudicio
877 4808 924 4856 tuo
947 4801 972 4856 id
1023 4795 1179 4871 exercebor]
1194 4799 1368 4853 inemendatis
1383 4802 1436 4854 tuis
1451 4800 1653 4856 insinuantibus
1670 4814 1731 4854 eam
1747 4801 1811 4856 elta·

185 4895 255 4952 tirsi.
1022 4893 1142 4957 ritatem,
1155 4906 1217 4962 qnae
1231 4908 1240 4942 r
1259 4890 1367 4960 patiens
1379 4897 1431 4957 cst,
1443 4890 1560 4961 benigna
1575 4900 1617 4947 est
1631 4890 1659 4962 (1
1669 4888 1732 4946 Gor.
1747 4904 1809 4955 sm,

223 4987 303 5043 Vens.
322 4985 365 5041 75.
386 4984 502 5055 Cognoui
517 4984 602 5052 eninr,
629 4983 749 5050 liontiue,
774 4986 838 5056 quia
861 4985 972 5056 equitas
1022 4982 1071 5054 l);
1089 5001 1099 5033 r
1115 4983 1228 5053 patiens3
1252 4990 1282 5036 ut
1295 4979 1364 5036 ierat
1384 4982 1472 5049 mala;
1488 4981 1609 5054 benigna,
1626 4990 1656 5036 ut
1667 4996 1718 5053 pro
1729 4981 1810 5038 malis

179 5076 286 5151 jddicia
295 5085 352 5140 tue,
362 5082 387 5129 et
401 5073 548 5127 inveritate
561 5082 606 5127 tua
617 5072 766 5128 humiliasti
779 5088 830 5137 me,
842 5087 971 5144 prospera
1022 5070 1153 5142 rependat
1167 5071 1248 5127 bona.
1263 5069 1323 5137 Qua
1342 5071 1476 5128 charitate
1493 5080 1633 5143 satagente

185 5167 381 5232 subtrahendo,
393 5164 507 5220 adversa
523 5163 666 5220 inferendo
679 5164 721 5218 vel
737 5162 831 5219 iulcrri
844 5163 971 5233 sinendo,
1058 5161 1140 5220 lans.
1157 5162 1200 5219 79.
1222 5162 1413 5219 Convertamur
1437 5164 1502 5219 milti
1520 5166 1639 5220 timenter
1660 5174 1695 5231 te,
1718 5174 1742 5219 et
1763 5166 1809 5237 qui

185 5261 242 5314 sive
254 5268 345 5328 optata
364 5257 497 5328 negando.
517 5254 544 5311 ln
563 5255 692 5311 omnibus
707 5254 750 5310 bis
766 5274 775 5308 i
795 5255 897 5323 omnia,
911 5271 972 5326 qua
1022 5263 1148 5310 uenerunt
1163 5255 1313 5310 tertinrom'a
1328 5264 1383 5309 tna.
1408 5253 1479 5311 Sunt
1499 5257 1572 5311 enirn
1596 5256 1667 5313 irttcr
1681 5257 1810 5313 inimicos

80 5336 84 5347 “
185 5347 272 5402 loeisti
286 5347 377 5412 nobis,
402 5344 528 5412 bomine,
546 5346 572 5400 in
590 5360 653 5402 vcro
663 5343 767 5416 judicio
789 5341 889 5410 iecisti,
906 5344 971 5414 qula
1021 5359 1099 5400 mcos
1111 5345 1196 5416 aliqui
1208 5346 1316 5412 tumidi,
1331 5347 1416 5418 aliqui
1428 5346 1516 5403 timidi
1529 5348 1572 5404 vel
1585 5350 1677 5419 potius
1687 5348 1809 5405 timorati

186 5438 359 5507 peccavimus
384 5437 450 5502 tibi,
475 5448 503 5493 ct
527 5437 663 5492 mandatis
687 5435 741 5491 tuis
766 5450 821 5490 non
850 5434 971 5490 obedivi·
1022 5436 1140 5491 timentes
1160 5445 1194 5491 te.
1209 5435 1333 5492 'fumidis
1345 5452 1410 5508 ergo
1422 5446 1450 5493 et
1468 5438 1496 5493 in
1510 5454 1561 5496 suo
1574 5450 1682 5497 tumore
1695 5441 1809 5495 indura·

185 5542 248 5581 mus
263 5543 270 5579 ι
288 5527 339 5581 Saul
361 5527 395 5581 da
414 5526 528 5599 gloriam
541 5526 643 5581 nomini
658 5535 715 5593 tao,
730 5534 756 5580 ct
772 5523 814 5581 ine
827 5525 969 5583 nobiscnm
1022 5530 1057 5585 tis
1071 5529 1106 5584 ab
1121 5530 1306 5604 laceratione
1322 5546 1380 5585 mea
1396 5533 1511 5588 seclusls
1523 5543 1616 5606 utpote
1629 5534 1662 5590 ad
1673 5533 1808 5590 mundum
