3892 6067
212 182 268 237 ist,
696 168 848 228 cinitoni
866 167 1062 227 PRAEPOSiTl
1080 168 1355 228 RthllERSPERG.
1794 166 1852 225 tui
1935 171 1936 186 l

211 304 266 352 teni
278 294 306 349 itt
320 277 471 350 innocentie
486 291 574 347 cordis
588 289 629 344 sui
652 297 678 344 ct
700 288 730 343 in
749 283 927 341 intellectibus
949 301 1007 340 nta-
1021 292 1045 349 A
1058 289 1147 344 cordis
1162 289 1215 357 sai,
1229 297 1255 344 ei
1267 288 1410 360 prudeutia
1423 302 1550 343 mennam
1560 302 1671 343 sacram
1688 286 1746 342 dua
1761 301 1857 339 eoram
1936 275 1937 300 ¹

210 401 295 442 naum
317 400 429 441 suanm
454 381 565 440 dmuait
589 397 650 448 eos,
673 378 750 436 uerbi
771 378 869 452 gratia,
890 376 985 434 diceus
997 393 1005 431 ι
1019 381 1032 405 ·
1060 380 1123 451 [uit.
1139 379 1212 456 Ergo
1229 381 1288 452 ipse
1302 389 1406 452 pastor,
1419 378 1478 451 ipse
1500 378 1556 436 dus
1570 378 1702 446 miiitum,
1722 377 1783 450 ipse
1801 377 1855 433 «ιο.

214 477 325 534 «Scitis
338 471 529 547 quidleccrim
542 471 642 529 uobis?
655 470 713 543 Ego
734 466 1007 539 Dominuseimagi·
1059 483 1130 542 crof,
1152 473 1210 546 ipse
1234 473 1350 542 ductor,
1376 481 1471 543 pagg„
1489 471 1616 543 251„pr
1638 471 1771 543 pungens,
1798 470 1858 532 dux

211 582 268 625 ster
281 566 437 637 exemplum
449 563 512 621 dedi
523 564 612 631 vobis,
621 570 652 619 ut
660 560 789 618 etvosita
800 555 1005 630 iacietisllocn.
1059 580 1142 621 verus
1154 563 1249 633 nappe,
1257 564 1304 636 qur
1316 577 1446 636 „nquam
1460 562 1516 620 gu,
1528 560 1774 634 ,mmmmm
1789 574 1861 631 pm,

212 674 273 725 ¹¹¹¹.
290 657 326 713 ¹²
337 665 365 713 0¹
379 657 464 730 15)11
481 656 539 727 11110
564 667 675 726 h¹¹⁰¹i¹¹e
701 666 776 706 1111111
796 649 903 706 11111111
919 654 1008 703 1110111
1059 655 1181 712 dentiam
1196 655 1322 727 requirit,
1337 654 1438 725 quihus
1450 663 1479 711 ei
1491 653 1577 711 dicit:
1604 672 1614 705 c
1630 650 1725 709 Estote
1734 651 1858 723 pruden-

213 739 1003 822 111111111181111111811811111111111151111111811110101111·
1062 756 1104 807 ies
1131 749 1202 806 sicut
1231 756 1383 820 serpentes,
1411 755 1439 805 ei
1460 746 1599 819 simplices
1624 745 1697 802 sieut
1718 744 1858 801 columba

210 841 247 898 iis
260 840 358 910 misso,
385 840 433 911 qni
449 841 547 896 doceat
561 850 672 893 omnem
696 835 839 889 ueritatem
861 831 935 888 clare
960 830 1008 886 de·
1062 840 1173 913 (guipp,
1185 859 1213 910 χ,
1229 841 1285 914 gg),
1296 862 1306 896 ‚
1609 907 1624 918 υ
1650 909 1654 914 .

212 919 538 990 ¹¹⁰¹⁵¹¹²¹¹³¹e¹e¹¹²⁶¹¹⁸
552 941 690 992 nentem·
711 920 1007 994 ¹¹0⁵¹⁰eew¹¹<²i¹s
1099 930 1379 1005 ctonaransnupn
1393 930 1489 989 bavit.
1515 928 1692 988 ciceastre
1707 926 1769 1001 ejus
1791 925 1857 982 nere

212 1026 260 1098 qui
268 1026 327 1082 suis
339 1023 473 1096 exemplis
484 1023 537 1079 iter
549 1018 649 1077 salutis
664 1015 796 1083 ostendit,
804 1030 853 1086 per
862 1012 935 1083 quod
944 1026 1008 1069 suas
1062 1024 1159 1082 paneg,
1176 1023 1269 1081 crona
1292 1021 1407 1096 Spiritui
1429 1031 1533 1090 mm,
1553 1015 1601 1095 qui
1627 1030 1669 1078 ρει
1681 1020 1795 1076 „pergas
1807 1033 1857 1089 μ.

214 1116 411 1174 “miliduch-
814 1125 818 1134 “
1064 1133 1195 1176 senarum
1216 1116 1435 1192 hujuspusioris
1450 1115 1657 1175 Dauidhmen.

249 1207 279 1263 ln
293 1207 407 1265 ilebraco
420 1205 519 1278 iegitur
534 1222 542 1260 ε
560 1203 614 1271 Qui
635 1200 707 1272 pouit
731 1213 775 1252 eos
789 1197 816 1250 in
837 1193 1009 1264 simplicitate

222 1323 1827 1395 ,ΜΝ-..Μ
1841 1345 1850 1360 ι

744 1530 1011 1625 ustinus
1052 1526 1318 1621 cxxviii.

211 1655 252 1696 A,

250 1926 562 1994 liranumerautgentes
575 1916 795 1974 inbecilitatem
810 1923 893 1980 taam.
903 1911 1014 1971 Psalmo
1029 1914 1051 1975 lt
1064 1908 1147 1967 nibus
1160 1915 1220 1965 erat
1243 1903 1354 1978 pienum
1368 1911 1397 1960 et
1420 1903 1600 1960 scortantium
1613 1918 1676 1962 eum
1699 1902 1855 1962 meretrici-

214 2013 419 2087 septuagesinro
444 2010 562 2083 septimo
586 2007 705 2079 expleto,
734 2019 864 2077 mouens,
884 2002 1012 2060 uidelicet
1063 2003 1129 2069 bus,
1143 2000 1316 2070 sacratisque
1337 1997 1443 2054 aedibus
1465 1996 1595 2054 mulieres
1609 2011 1640 2054 se
1654 1997 1727 2053 uitro
1746 1996 1856 2069 ingere·
1942 2069 1944 2076 Α

215 2105 449 2179 septuagesimus.
471 2110 598 2170 octavus,
630 2108 703 2157 esset
729 2096 926 2170 exponendus,
955 2095 1011 2151 nisi
1062 2094 1129 2151 hant
1157 2092 1231 2148 intro
1259 2088 1377 2147 lerenius
1402 2102 1435 2142 eu
1464 2101 1527 2158 quar
1551 2101 1607 2143 non
1632 2086 1740 2143 iicebac
1761 2085 1857 2145 hilare

215 2197 290 2269 quod
302 2197 360 2268 lam
375 2207 431 2251 nos
459 2192 507 2249 iiia
534 2192 671 2259 imminet,
686 2190 714 2247 in
739 2205 795 2262 qua
822 2202 905 2245 nemo
921 2195 1011 2260 potest
1062 2184 1149 2242 etiam
1164 2182 1276 2254 pienum
1290 2187 1350 2236 erat
1363 2177 1466 2234 illicitis
1477 2191 1539 2249 quae
1551 2175 1657 2248 legibus
1669 2175 1855 2247 prohibeban-

214 2287 335 2360 operari.
362 2284 438 2342 Saltu
465 2297 532 2356 ergo
563 2282 637 2339 iacto
661 2280 762 2338 abhinc
787 2278 921 2351 usquead
935 2278 1011 2350 psai·
1062 2285 1117 2334 tur.
1140 2273 1235 2346 Neque
1263 2278 1355 2329 autem
1384 2269 1503 2327 Sabbata
1517 2268 1752 2337 custodiebantur,
1765 2281 1856 2340 neque

220 2394 297 2435 raum
316 2377 497 2435 centesimum
512 2373 650 2431 decimum
664 2381 803 2437 octauum,
828 2383 911 2442 quere
933 2376 1011 2424 ante
1061 2368 1121 2426 dies
1145 2366 1282 2424 solemnes
1304 2361 1386 2434 patrii
1410 2360 1601 2428 sonabantur,
1620 2375 1672 2417 nec
1694 2359 1856 2431 simpliciter

215 2467 434 2543 bacproutlleo
446 2466 554 2525 iurente
566 2465 718 2538 potuimus,
739 2461 930 2535 exposuimus,
941 2474 1011 2516 oon·
1062 2475 1092 2517 se
1104 2458 1253 2531 quisquam
1273 2454 1400 2512 iudaeum
1418 2466 1482 2510 esse
1503 2451 1687 2511 molliebatur
1713 2450 1740 2524 (i
1760 2451 1852 2511 Harl.

216 2562 352 2618 tinuando
367 2570 434 2617 tune
453 2558 655 2631 expositionem
670 2553 800 2627 usquein
826 2553 908 2607 briem
930 2547 1011 2607 usai-
1061 2550 1337 2641 ur,letseqq.).r·
1371 2619 1380 2635 ,

215 2654 277 2711 terii
292 2672 300 2723 ;
317 2653 366 2711 sed
398 2667 472 2709 nunc
502 2649 664 2706 imminente
687 2655 821 2719 potestate
836 2642 1010 2701 tenebrarum
1096 2639 1161 2699 iirec
1187 2641 1291 2708 omniu,
1322 2641 1346 2698 si
1374 2637 1462 2698 otium
1486 2647 1560 2697 esset
1585 2638 1619 2695 a'd
1643 2638 1854 2711 exponendam,

214 2744 340 2817 cogimur
362 2758 473 2801 cessare
495 2742 530 2798 ab
554 2739 735 2812 expositione.
766 2736 820 2793 Sed
847 2749 882 2793 ne
905 2732 1011 2791 medios
1063 2742 1250 2806 tempestuoso
1276 2733 1342 2790 huic
1371 2732 1488 2806 tempori
1518 2732 1588 2790 satis
1622 2741 1748 2803 poteram
1787 2747 1848 2793 coe·

214 2838 338 2909 psalmos
348 2836 466 2892 intumos
479 2832 634 2906 praeterisse
644 2830 788 2887 videamus
807 2844 857 2900 per
866 2826 1010 2898 negligen·
1061 2826 1145 2899 ptari,
1160 2826 1216 2883 nisi
1242 2825 1317 2898 guod
1341 2825 1432 2891 maiis,
1447 2840 1510 2897 quae
1533 2834 1600 2881 tunc
1620 2840 1670 2897 per
1688 2825 1854 2883 Antiochum

216 2929 293 2995 uum,
307 2944 340 2985 cn
351 2928 491 2984 reddimus
501 2939 627 2982 causam.
987 2975 1001 2986 ,
1062 2918 1132 2977 iacta
1157 2927 1243 2987 surii,
1267 2918 1349 2990 longe
1372 2917 1592 2988 superexcellunt
1616 2918 1713 2984 maia,
1737 2932 1799 2988 guae
1824 2916 1855 2975 iu

254 3020 392 3095 spiritalis
405 3019 557 3075 Antiochus
565 3016 623 3088 jam
639 3022 746 3089 regrat,
773 3011 854 3082 cuius
869 3007 1010 3081 tyrannica
1060 3009 1162 3082 templo
1188 3008 1247 3078 hei,
1274 3008 1347 3076 cuod
1370 3016 1413 3065 est
1433 3006 1569 3075 Ecclesia,
1593 3023 1668 3066 nune
1686 3010 1764 3077 lunt,
1788 3023 1856 3080 pro-

215 3113 346 3170 rioientia
361 3112 401 3168 sic
417 3109 539 3167 Ecclesia
553 3107 729 3181 opprimitur,
753 3104 794 3161 sic
817 3102 948 3171 amplum
962 3099 1010 3154 Dei
1062 3098 1334 3171 lanato{sanciuario
1352 3096 1400 3154 hei
1422 3098 1585 3157 multimoda
1613 3098 1705 3170 legum
1728 3108 1855 3157 nmmum

215 3204 334 3259 violetur
348 3211 375 3258 ei
386 3200 548 3272 prolanatur
560 3209 643 3269 atque
656 3197 788 3270 polluitur
806 3194 1012 3265 ingrauescente
1062 3200 1090 3247 ei
1119 3205 1255 3246 nouarum
1287 3190 1508 3262 transgressione
1535 3198 1619 3261 utque
1649 3189 1858 3247 abominatione

217 3293 300 3350 nimis
323 3292 446 3364 periculo
468 3289 637 3355 schismatis,
659 3299 690 3345 ut
713 3301 812 3359 magna
837 3286 873 3340 sit
895 3281 1010 3339 materia
1024 3251 1046 3310 C
1060 3280 1250 3347 desolationis,
1263 3295 1347 3352 quarn
1362 3281 1542 3339 considerans
1554 3280 1655 3352 niceph,
1679 3280 1706 3336 id
1721 3290 1858 3350 est,coo·

216 3385 332 3443 canendi
346 3385 389 3442 uei
404 3384 497 3457 potius
510 3379 680 3437 lamentandi
703 3387 731 3436 et
751 3378 833 3435 uendi
857 3374 1010 3433 secundum
1061 3372 1183 3445 gregatio
1197 3372 1285 3429 tidelis
1294 3372 1433 3430 exclamat
1448 3390 1455 3427 ε
1474 3371 1559 3438 Deus,
1574 3382 1698 3429 mmmm
1721 3383 1808 3445 genus
1825 3375 1857 3430 irr

215 3474 300 3532 uerba
315 3474 399 3544 hujus
408 3472 507 3546 psalmi
522 3489 529 3526 ε
544 3470 626 3539 Dens,
639 3477 764 3526 centuni
775 3478 863 3541 pentes
883 3468 912 3522 in
924 3468 1010 3524 hare·
1061 3463 1243 3521 hereditatem
1262 3474 1368 3532 taam,
1394 3464 1546 3536 polluerunt
1577 3464 1704 3536 templana
1731 3475 1856 3523 sumtum

216 3566 330 3621 ditatem
359 3560 769 3636 siumeuroaemensium
787 3568 910 3615 sanctam
923 3555 1019 3615 taam.'
1061 3565 1146 3625 tuum,
1161 3563 1215 3616 eie.
1438 3605 1444 3612 .

215 3658 285 3718 Nam
299 3675 349 3732 per
371 3668 476 3731 gentes,
492 3658 520 3715 id
534 3664 587 3726 esi,
610 3654 736 3712 homines
763 3652 898 3726 gentiliter
918 3647 1023 3707 elren-⁴
1059 3687 1063 3697 -
1096 3645 1204 3715 Quibus
1230 3646 1311 3705 maiis
1345 3648 1410 3720 quia
1440 3661 1492 3722 ego
1519 3648 1638 3721 pusillus
1665 3651 1736 3723 caepi
1764 3653 1855 3710 obniti

217 3761 260 3809 tes
284 3766 386 3808 nomen
412 3750 459 3807 Dei
490 3747 722 3821 blasphematur,
747 3744 812 3801 dunt
842 3743 943 3800 talibus
968 3750 1011 3799 est
1062 3740 1173 3813 scriptis
1203 3755 1237 3798 ac
1263 3739 1855 3816 dictis,eceesume1positusperseeu-

215 3843 333 3901 iiberum
361 3843 388 3899 in
417 3841 519 3914 templo
548 3840 596 3897 Dei
622 3837 756 3912 negotiari
779 3845 807 3894 et
829 3837 903 3893 eirca
938 3841 1022 3893 tem-2
1061 3834 1140 3901 tioni,
1157 3833 1222 3905 quia
1251 3835 1437 3905 compellere
1461 3835 1523 3891 iooo
1547 3834 1615 3890 mibi
1643 3837 1790 3893 commisso
1807 3836 1854 3894 iu·

216 3936 293 4006 pium
323 3931 371 3988 liei
398 3931 538 4000 scortari,
566 3931 639 3989 sieut
667 3931 695 3985 in
720 3928 818 3985 diebus
839 3910 1021 3984 iiacbabaec²
1061 3938 1125 3995 gere
1140 3938 1194 3980 :ac
1208 3924 1324 3996 proinde
1343 3939 1399 3981 non
1411 3939 1536 3996 possum,
1548 3926 1775 3995 proutiructenus
1788 3923 1853 3996 ieci,

216 4037 279 4079 rum
305 4022 422 4095 legimus
438 4015 570 4078 'evenisse
593 4018 730 4076 liniioeho
755 4017 890 4074 uendente
918 4003 1018 4073 sacer?
1060 4017 1227 4091 expositioni
1247 4017 1430 4090 psalmorum,
1460 4018 1508 4090 qui
1532 4018 1624 4075 adhuc
1644 4027 1758 4088 restam,
1782 4019 1856 4077 iuui-

215 4114 321 4171 dotium
336 4114 426 4186 primo
446 4111 552 4180 losoni,
569 4110 669 4168 deinde
692 4108 826 4175 bienelao,
841 4116 924 4180 atque
946 4122 1003 4182 mu·
1063 4111 1161 4183 giiure,
1179 4121 1263 4183 atque
1276 4125 1374 4168 omnes
1392 4109 1536 4182 periochas
1550 4112 1692 4183 prosequi,
1720 4127 1770 4184 per
1782 4128 1855 4185 guas

215 4204 331 4264 bonnus
363 4202 537 4276 impudicis,
566 4202 640 4260 ultro
668 4216 699 4259 se
731 4201 920 4274 ingerentibus
948 4200 1010 4257 ioco
1059 4202 1183 4260 distincti
1214 4211 1279 4260 sunt
1303 4202 1413 4275 psalmi.
1441 4200 1543 4260 ilerum
1569 4209 1605 4259 ne
1631 4203 1745 4260 omnino
1770 4204 1857 4264 istem

216 4306 313 4354 sancto
332 4304 361 4353 et
382 4294 495 4368 optimis
517 4294 685 4366 epheborum
708 4294 736 4352 in
762 4293 941 4366 lupanaribus
960 4307 997 4363 po
1061 4294 1183 4366 ipsarum
1196 4293 1388 4367 periocharum
1411 4294 1562 4366 distinctio,
1589 4296 1713 4369 singulos
1730 4297 1855 4369 munros

216 4388 287 4445 sitis.
1017 4435 1019 4439 .
1059 4385 1160 4442 abhinc
1186 4401 1275 4458 nsque
1301 4387 1538 4460 aucentesimum
1566 4388 1703 4447 decimum
1722 4398 1854 4450 ocmrum

253 4478 329 4536 ilaue
342 4476 540 4536 desolationem
555 4476 699 4549 deplorare
719 4477 829 4532 ridetur
847 4475 948 4547 Asopi,
963 4474 1009 4531 cui
1060 4476 1200 4532 succincte
1227 4476 1413 4550 perstringere
1438 4492 1599 4548 curamus,
1623 4479 1703 4551 quasi
1731 4481 1853 4539 demeu-

216 4571 370 4627 aitiiuiatur
381 4572 427 4627 hic
439 4569 572 4642 psalmus.
597 4565 686 4623 liabet
696 4567 769 4623 enirn
782 4567 911 4622 titulum:
928 4564 1008 4622 Paci·
1022 4582 1045 4640 p
1060 4568 1143 4626 lando
1158 4568 1248 4640 capita
1275 4569 1444 4641 psalmorum
1457 4579 1486 4628 et
1507 4572 1666 4629 summatim
1685 4573 1854 4631 insinuando

215 4677 274 4717 mus
284 4661 386 4734 Asopis.
403 4659 457 4718 Sed
469 4660 557 4717 eidem
580 4658 788 4731 recantasse,
803 4657 1009 4730 congregationi
1062 4661 1230 4718 irttentiones
1247 4675 1355 4717 eornm.
1378 4660 1406 4717 in
1423 4677 1543 4734 quorum
1569 4663 1670 4735 primo,
1684 4680 1765 4735 quem
1778 4682 1856 4725 nunc

215 4752 342 4823 psallenti
358 4753 388 4807 in
402 4753 481 4824 finem
503 4752 596 4822 potius
619 4750 746 4823 congruit
771 4750 916 4806 lamentari
937 4749 1008 4806 hanc
1059 4769 1116 4825 prae
1138 4752 1268 4809 manibus
1293 4752 1449 4820 babemus,
1471 4752 1563 4824 Asopis
1585 4754 1739 4826 gemituosa
1760 4756 1857 4814 decla·

215 4844 395 4901 desolationis
418 4844 671 4913 abominationem,
696 4858 779 4915 quam
803 4856 854 4898 nos
872 4840 929 4914 jain
953 4841 1008 4898 dne
1059 4846 1181 4903 matione
1205 4844 1396 4903 tribulationes
1414 4844 1498 4902 relert
1522 4855 1692 4916 sauctorum,
1714 4856 1745 4904 ut
1759 4858 1859 4905 oscen.

215 4932 311 4989 nruudi
336 4933 572 5005 appropinquante
596 4935 722 4992 uidemus
743 4933 905 4999 imminere,
925 4933 1008 5004 spiri·
1059 4935 1106 4992 dat
1116 4951 1165 4992 eas
1174 4936 1233 4991 lieri
1246 4936 1281 4992 ad
1302 4935 1447 4992 utilitatem
1471 4935 1605 5007 lideliunr,
1629 4948 1767 5010 quamnus
1781 4954 1857 4996 eon·

215 5027 262 5083 tali
291 5027 429 5084 Antiocho
463 5037 595 5100 regnante
619 5043 652 5084 ae
678 5029 810 5099 tempium
838 5024 885 5082 liei
914 5028 1006 5098 proia-
1059 5029 1213 5097 iirmentur,
1228 5042 1264 5084 ne
1277 5027 1422 5100 desperent
1442 5028 1471 5084 in
1496 5031 1595 5101 quouis
1618 5046 1707 5103 agone
1734 5031 1857 5088 interio-

215 5129 311 5185 nantc,
340 5119 424 5177 nuliis
443 5119 486 5176 uel
504 5119 602 5190 paucis
618 5118 838 5176 iiacbalueorum
869 5119 1006 5175 similibus
1060 5135 1122 5177 rum
1146 5136 1195 5177 seu
1220 5119 1387 5176 exteriorum
1421 5121 1627 5190 tentationum,
1656 5123 1710 5180 boc
1732 5123 1858 5182 scientes

213 5212 253 5270 tiii
277 5212 479 5280 resistentibus,
508 5211 696 5268 arescentibus
717 5210 874 5266 hominibus
892 5226 949 5283 prae
971 5211 1006 5266 ti·
1059 5223 1086 5270 et
1118 5213 1179 5270 sine
1199 5212 1285 5269 dubio
1310 5221 1451 5283 sperantes
1475 5213 1549 5285 quod
1575 5213 1700 5270 introibit
1729 5214 1756 5269 in
1780 5228 1856 5273 oon-

215 5320 292 5362 more
317 5314 345 5362 et
358 5303 573 5379 exspectatione,
586 5318 648 5374 quae
671 5304 863 5375 supervenient
877 5304 1006 5358 uniuerso
1060 5315 1155 5375 spectu
1178 5303 1227 5361 liei
1253 5304 1359 5361 clamor
1372 5313 1401 5361 et
1425 5305 1544 5376 gemitus
1568 5306 1788 5378 compeditorum
1804 5307 1856 5363 di-

214 5396 286 5453 orbi.
305 5395 444 5468 Scriptum
466 5408 509 5453 est
527 5395 601 5452 enim
627 5395 654 5451 in
668 5395 739 5452 libro
755 5392 1003 5451 ldachabaenrunr:
1059 5397 1181 5453 ceretium
1207 5414 1214 5452 ε
1242 5396 1378 5464 Domine,
1407 5413 1460 5453 nou
1488 5399 1633 5454 secundant
1665 5409 1773 5470 peccata
1801 5414 1855 5454 no·

216 5486 365 5546 «Pessima
383 5498 476 5546 autem
488 5495 517 5545 et
541 5485 781 5559 retransmeare
795 5486 931 5542 maiorum
946 5493 1006 5540 erat
1058 5498 1115 5544 atro
1143 5489 1230 5560 lacius
1250 5488 1338 5556 stolis,
1360 5497 1425 5557 etc,
1452 5502 1541 5560 risque
1560 5491 1590 5545 in
1613 5488 1706 5547 inem.
1720 5490 1792 5557 cito,
1806 5490 1855 5545 in-

214 5580 346 5638 ineursto.
376 5577 445 5637 iiam
471 5581 601 5654 tempium
627 5581 744 5639 iniuriae
773 5588 800 5635 et
824 5577 1004 5636 comessatio·
1057 5582 1166 5658 qiriimt,
1187 5581 1331 5652 anticipent
1346 5581 1592 5658 nossmirericoniicc
1612 5591 1675 5653 tan,
1690 5597 1725 5640 ne
1740 5591 1765 5639 te
1788 5598 1853 5640 nro
