3892 6067
147 213 220 273 lm
682 245 686 252 .
752 214 854 271 bthsstt
873 215 917 271 bt:
936 215 1098 274 antiteta
1117 217 1184 276 httt.
1592 253 1595 258 ·
1701 230 1772 289 tato

142 331 218 395 bant,
236 327 343 384 iaciunt
356 328 429 400 quod
446 343 502 385 non
517 329 591 385 licet.
604 326 685 385 Unde
705 344 818 386 necesse
836 340 877 386 est
892 340 931 396 ιιι,
946 334 970 392 Α
984 330 1122 387 credimus
1134 330 1162 387 iu
1184 333 1317 390 canonica
1330 335 1464 394 electione
1486 354 1519 396 ac
1533 341 1626 413 populi
1640 345 1772 414 pctitione

142 424 166 479 si
184 422 231 494 qui
244 420 340 477 talium
352 422 501 477 canonicas
516 419 652 477 Ecclesiae
662 431 807 491 occupant,
818 432 866 477 aut
879 423 931 493 ipsi
983 420 1155 480 invisibiliter
1170 427 1290 495 operari.

141 514 272 572 obediant
286 514 429 585 praeceptis
439 512 598 584 apostolicis
610 521 636 569 et
650 513 802 580 canonicis,
815 513 932 568 nonha·
1020 511 1049 567 st
1061 528 1126 585 ergo
1139 515 1247 584 populis
1262 527 1371 588 pastore
1382 521 1495 589 privatis
1511 524 1574 580 talis
1585 527 1659 596 optio
1672 543 1772 599 propo-

140 609 231 664 bendo
244 608 397 679 proprium,
411 608 486 679 guod
505 607 534 663 in
563 608 691 666 claustris
714 608 809 664 haberi
828 624 884 665 uon
897 609 931 663 li·
982 613 1075 672 natur,
1093 613 1122 660 ut
1136 608 1171 660 ab
1182 606 1237 663 illis
1249 623 1302 663 nori
1314 611 1427 668 curialis
1441 613 1569 683 clericus,
1585 632 1639 672 nun
1655 620 1772 688 acepha-

139 707 200 763 cets
216 706 265 753 aot
278 697 420 768 priventur
432 697 500 769 ipsis
511 697 650 762 claustris,
666 713 753 768 guaea
769 698 837 754 solis
852 713 930 754 com·
982 696 1037 760 lus,
1053 711 1109 752 uon
1133 698 1234 769 aliquis
1262 700 1387 758 absolute
1411 704 1565 774 ordinatus,
1595 724 1629 765 ac
1649 725 1699 779 per
1719 711 1773 770 boc

139 789 260 844 maniter
273 787 427 846 virentlbus
453 789 598 860 possideri,
622 789 646 844 si
673 788 803 854 habitari,
830 804 930 846 conre-
979 786 1058 857 juxta
1071 790 1206 860 synodum
1221 789 1471 850 chalcedonensem
1488 796 1523 852 ab
1546 799 1622 853 omni
1647 801 1771 859 ministe-

139 878 207 933 niet.
223 876 279 932 lleo
292 878 365 934 enim
381 878 408 932 in
422 886 517 935 sancta
530 876 578 933 Dei
590 876 711 934 Ecclesia
723 878 841 934 societas
853 893 930 934 ccm-
981 877 1024 935 rio
1038 879 1243 948 prohibendus3
1264 882 1311 936 sed
1327 883 1415 940 bonus
1425 886 1528 957 aliquis
1540 892 1701 962 canonieus,
1712 905 1770 962 aut,

138 968 261 1024 maniter
270 969 421 1024 virentium
435 976 629 1042 congregatur,
645 969 719 1026 utde
739 969 794 1026 illis
807 978 930 1040 pastores
980 969 1004 1025 si
1020 970 1170 1028 canomcus
1180 971 1297 1028 inueniri
1312 990 1371 1029 nou
1380 978 1490 1045 poterit,
1507 980 1595 1036 bonus
1620 991 1693 1038 certe
1713 1001 1773 1044 mo·

139 1060 269 1118 Ecclesia».
286 1061 405 1134 legitime
416 1074 592 1135 segregentur
606 1080 613 1118 :
629 1064 700 1119 siem
710 1062 812 1120 Paulus
822 1072 850 1120 et
860 1061 929 1119 llar-
981 1061 1087 1117 nachus
1100 1071 1209 1132 petatur
1225 1082 1232 1119 :
1249 1073 1316 1122 tunc
1340 1066 1415 1122 clero
1428 1068 1545 1138 eligente
1559 1087 1593 1129 ae
1605 1074 1706 1145 populo
1722 1089 1773 1144 pe·

138 1154 236 1219 nahas,
251 1154 424 1225 precipiente
439 1152 554 1225 Spiritu,
571 1154 605 1210 ad
623 1154 826 1225 praedicandum
838 1156 929 1226 genti·
979 1161 1063 1218 terite,
1076 1152 1225 1211 velutlesu
1252 1170 1352 1226 magno
1368 1160 1510 1215 sacerdote
1537 1161 1564 1216 in
1584 1164 1658 1220 clero
1684 1165 1773 1237 magi·

137 1246 191 1302 hus
205 1246 338 1317 segregati
349 1244 436 1301 luisse
447 1244 575 1316 leguntur
586 1244 657 1314 (Act.
670 1243 845 1315 xrrr,2).llon
855 1245 928 1301 enirn
980 1250 1086 1299 strante
1099 1260 1132 1299 ac
1155 1247 1256 1315 populo
1274 1255 1336 1317 post
1363 1247 1466 1306 inolitae
1480 1252 1622 1310 abusionis
1636 1255 1774 1313 conlusio·

137 1336 301 1394 fuissentin
318 1338 371 1393 hoc
395 1352 464 1408 opus
488 1351 537 1407 per
562 1334 694 1408 Spiritum
714 1336 859 1408 segregati,
874 1335 928 1391 nisi
980 1349 1044 1389 nem
1062 1335 1142 1407 quasi
1155 1347 1217 1407 post
1235 1339 1342 1410 longam
1356 1340 1503 1414 Babylonis
1525 1348 1709 1417 captivitatem
1726 1366 1771 1406 rc·

135 1421 217 1502 prius
238 1443 288 1500 per
310 1430 437 1485 eumdem
466 1428 600 1501 Spiritum
619 1429 744 1486 societati
771 1429 929 1499 apostolico
978 1426 1132 1495 patriante,
1157 1427 1307 1485 Jerusalem
1336 1432 1433 1491 civitas
1462 1437 1657 1506 reedificatum
1683 1440 1765 1511 cujus

136 1530 220 1592 atque
237 1520 378 1577 communi
392 1521 455 1577 ritae
470 1520 588 1577 luissent
600 1520 750 1592 aggregati.
765 1518 847 1576 Prius
861 1535 928 1592 ergo
979 1518 1152 1588 participatio
1164 1528 1221 1574 tuta
1234 1519 1261 1574 in
1276 1521 1396 1592 idipsurn
1416 1525 1598 1583 coadunatur.
1619 1529 1772 1600 Episcopus

135 1616 286 1688 aggregati,
315 1614 412 1672 deindo
438 1614 573 1687 segregati
597 1614 714 1684 posteris
734 1611 851 1669 sormam
863 1613 928 1668 reli-
978 1609 1063 1675 eninr,
1080 1610 1138 1665 sive
1152 1612 1224 1667 alius
1238 1612 1272 1666 ab
1285 1612 1332 1668 illo
1346 1622 1373 1670 et
1384 1616 1436 1670 sub
1459 1616 1506 1672 illo
1531 1620 1772 1691 eauouioepracla·

135 1717 266 1780 querunt,
278 1718 309 1765 ut
324 1724 380 1765 uon
395 1710 429 1765 de
446 1708 598 1765 curialibus
614 1716 663 1763 aut
678 1706 817 1777 acephalis
833 1715 925 1778 pasto·
979 1711 1034 1768 tus,
1048 1718 1222 1759 communem
1235 1704 1320 1760 vitain
1344 1722 1392 1777 per
1412 1709 1530 1776 majores
1545 1718 1573 1766 ct
1595 1711 1771 1783 baptismales

133 1816 181 1856 reg
191 1800 310 1871 plebium
325 1802 545 1868 gonggigpgngup3
557 1799 604 1855 sed
617 1800 652 1855 de
662 1798 771 1854 illorum
786 1799 926 1864 godenie,
977 1789 1275 1860 Ecclesiasittstitttet3
1291 1794 1384 1865 11111113
1400 1812 1481 1852 nemo
1508 1799 1612 1872 8111111111
1627 1818 1707 1858 suurn
1728 1804 1772 1860 di·

134 1890 183 1960 oui
198 1891 250 1946 suh
265 1891 451 1961 apostolurum
470 1890 563 1961 regula
591 1889 620 1943 in
647 1903 733 1943 urium
759 1888 926 1960 congregati,
978 1891 1032 1948 cel,
1045 1882 1093 1938 ted
1106 1891 1161 1938 101²
1176 1883 1349 1956 participatio
1361 1890 1413 1941 crit
1426 1887 1454 1941 in
1466 1888 1595 1964 idipsum.
1616 1891 1685 1958 eria
1700 1895 1770 1951 hona

134 1981 214 2053 prius
228 1981 256 2035 in
268 1982 327 2038 acie
339 1992 471 2052 unquam
483 1981 584 2036 milites
599 1979 760 2050 probantur,
777 1988 807 2034 ut
821 1988 925 2050 postea,
976 1981 1005 2031 et
1031 1973 1154 2044 jucunda
1185 1978 1392 2033 couversatione
1421 1980 1521 2036 iratres
1549 1982 1713 2043 habitabunt
1741 1988 1770 2046 in
1819 2039 1821 2044 ⁴

138 2071 163 2127 si
177 2072 326 2127 necessitas
343 2072 477 2142 exposcit,
492 2071 606 2143 legitimi
620 2071 705 2127 duces
720 2071 807 2142 (tho)
822 2071 926 2126 consti·
977 2081 1074 2132 unum,
1086 2066 1162 2135 quod
1173 2075 1216 2122 est
1228 2068 1356 2138 idipsum.

135 2171 264 2230 tuantur;
285 2161 375 2218 taliter
388 2163 417 2217 in
441 2161 582 2228 Ecclesiis,
609 2177 679 2233 guas
702 2162 847 2233 accipient,
862 2176 926 2217 cunr
1257 2198 1372 2256 CAPUT
1391 2200 1475 2257 xm

136 2256 195 2312 ⁸⁰5⁸
206 2256 360 2322 mmmm
373 2262 403 2311 ²⁸
416 2256 565 2311 “erenum
587 2255 638 2310 Sibi
660 2254 837 2309 ⁶⁰¹¹¹¹¹⁸i⁵⁸⁰¹¹¹
853 2253 927 2307 ⁰rdi‘
977 2287 1094 2344 clericor
1111 2299 1135 2345 et
1148 2292 1263 2345 proxime
1281 2292 1374 2346 horum
1385 2279 1512 2362 praelatos
1533 2295 1566 2349 cb
1577 2296 1769 2356 introducenda

136 2344 239 2412 11111111,
251 2345 369 2415 qualiter
392 2344 420 2399 111
449 2344 578 2400 1111111111
599 2344 805 2408 (111111111111111
825 2342 926 2412 1111111111
1010 2362 1065 2413 tito
1077 2363 1210 2415 murmurii
1220 2372 1357 2431 potentum
1367 2362 1547 2419 oblocutiones
1561 2366 1707 2423 absterrere
1717 2388 1770 2425 nort

136 2436 275 2493 commum
287 2437 351 2493 ritae
362 2452 411 2508 per
428 2434 561 2507 Spiritum
574 2444 700 2492 sanetm
716 2435 854 2507 aggregati
867 2419 927 2490 luc·
1012 2428 1114 2486 dehent.
1140 2429 1204 2486 Siue
1228 2432 1393 2512 decursione
1418 2451 1449 2488 cc
1471 2435 1627 2502 probotione
1652 2436 1768 2507 Spiritus

136 2534 211 2582 rum·
1010 2515 1087 2554 uerno
1103 2502 1131 2554 iu
1143 2503 1295 2556 societatem
1306 2501 1457 2572 religiosum
1471 2514 1509 2558 est
1526 2507 1702 2577 recipiendus.

172 2614 251 2683 Quod
268 2617 340 2672 enim
356 2617 444 2673 debis
462 2614 653 2672 tantummodo
669 2614 725 2671 siut
739 2625 862 2684 pastores
876 2614 926 2670 cli·
1010 2609 1061 2666 llic
1080 2611 1201 2666 occurrit
1230 2611 1302 2681 quod
1329 2612 1356 2667 in
1381 2615 1591 2671 reaedificatione
1615 2616 1768 2674 Jerusalem
1847 2679 1850 2684 ,

135 2706 226 2778 gendi,
240 2707 288 2777 qui
300 2722 364 2762 curu
376 2706 508 2777 apostulis
522 2705 624 2762 luerint
637 2704 803 2775 congregati,
828 2702 926 2761 Petrus
975 2712 1060 2773 portae
1081 2703 1206 2774 quaedam
1219 2703 1385 2773 principales
1403 2706 1527 2777 mysticis
1548 2708 1707 2765 nominihus
1720 2726 1767 2782 ap·

135 2805 279 2867 pastorum
292 2797 419 2866 princeps
430 2796 537 2866 probat.
553 2795 605 2861 Qui
632 2794 667 2850 de
684 2793 817 2849 electione
843 2794 926 2849 unius
976 2793 1169 2865 pellabantur:
1186 2793 1287 2863 quibus
1301 2808 1344 2859 ea,
1359 2810 1420 2864 quae
1434 2812 1508 2853 nunc
1529 2799 1556 2852 in
1568 2796 1690 2855 Ecclesia
1703 2811 1769 2857 strnt

134 2885 265 2957 apostoli,
281 2886 371 2941 locum
384 2884 461 2941 lullae
475 2884 616 2940 traditoris
630 2882 779 2952 accepturi,
803 2890 925 2937 tractans
975 2884 1090 2957 agenda,
1106 2883 1311 2954 prophetalibus
1324 2883 1420 2953 liguris
1434 2888 1681 2959 praesignabantur.
1692 2891 1769 2949 Cun-

133 2976 172 3033 ita
186 2986 301 3033 caeteros
311 2976 460 3048 alloquitur
476 2995 483 3033 :
500 2975 619 3047 Oportet,
631 2974 729 3045 inquit,
752 2988 785 3027 ca
804 2973 856 3037 hir,
878 2974 924 3044 qui
938 2996 960 3057 c
975 2984 1019 3032 cta
1030 2975 1115 3040 enim,
1128 2973 1253 3043 uuaeiliis
1265 2975 1506 3033 rcaelilloatoribus
1525 2987 1640 3034 terrenae
1653 2979 1767 3038 lerusa·

132 3065 272 3122 noliacum
284 3069 437 3138 cougregati
452 3075 525 3134 aunt,
536 3082 618 3121 unum
629 3066 747 3135 occipere
768 3065 856 3119 iocum
877 3065 925 3117 mi·
975 3069 1028 3124 lem
1042 3064 1219 3121 historialiter
1231 3064 1401 3130 acciderunt,
1417 3082 1524 3136 corum,
1547 3085 1609 3141 quae
1636 3079 1711 3128 rrunc
1723 3076 1768 3127 u:-

133 3159 239 3216 niatcrr't'
264 3158 345 3228 hujus
368 3161 439 3230 (Act.
463 3176 482 3227 r,
503 3158 621 3231 1115).
647 3156 767 3227 Oportet,
779 3156 879 3228 inquit,
890 3157 925 3212 de
975 3158 1082 3225 dernus,
1094 3155 1252 3227 prophetica
1268 3157 1394 3226 qttaedanr
1416 3159 1495 3231 sigua
1516 3160 1636 3218 luerunt.
1663 3163 1720 3220 ttts
1750 3180 1767 3221 a

132 3252 270 3307 nobiscum
292 3252 468 3322 congregatis,
487 3251 567 3321 quasi
593 3249 715 3306 diceret:
730 3246 789 3303 Non
806 3256 926 3319 oportet
976 3247 1061 3303 Tobia
1077 3255 1104 3302 ct
1119 3245 1246 3311 Gossem,
1261 3247 1422 3318 caeterisquc
1446 3250 1570 3319 gentium
1597 3253 1766 3322 primoribus

133 3341 168 3397 de
181 3340 254 3396 aliis.
268 3337 332 3396 ttaec
346 3339 398 3395 tutr
412 3355 477 3395 rora
491 3349 518 3396 et
533 3339 640 3395 sincera
650 3338 759 3405 electio,
771 3346 799 3393 ct
811 3345 924 3409 aposto·
973 3339 1135 3396 dicebatur:
1150 3336 1217 3404 Quor
1235 3347 1274 3393 cst
1289 3339 1345 3394 lroec
1357 3356 1408 3408 res,
1418 3357 1498 3412 quom
1512 3343 1603 3412 {aritia
1615 3346 1628 3400 ,1
1644 3349 1765 3417 nunguid

133 3431 188 3488 lico
199 3431 280 3503 digua
294 3431 426 3503 collegi03
445 3430 492 3486 ubi
505 3445 560 3486 non
570 3429 671 3500 loseph
684 3429 761 3485 dives
772 3429 807 3483 ab
816 3427 925 3483 Arima·
974 3440 1067 3485 contro
1082 3445 1168 3501 regent
1186 3446 1230 3483 oos
1256 3428 1412 3486 rebellatis?
1431 3430 1477 3498 (ll
1488 3432 1569 3488 Eadr.
1586 3450 1617 3503 rt,
1634 3436 1691 3507 ta.)
1703 3437 1767 3495 llaec
1796 3504 1800 3512 Ι

133 3525 192 3580 thia
203 3533 315 3596 propter
327 3523 439 3579 divitias
452 3525 559 3580 caeteris
571 3523 746 3595 anteponitur
762 3542 769 3578 :
793 3523 849 3578 imo
876 3536 924 3592 per
974 3523 1069 3579 cadem
1085 3521 1168 3577 rerba
1189 3537 1206 3577 a
1220 3521 1315 3577 multis
1330 3521 1467 3590 dicentur,
1489 3526 1601 3595 quando
1614 3529 1766 3598 spiritualis

133 3614 188 3672 boc
206 3616 242 3672 alr
255 3616 389 3672 electione
403 3614 476 3670 Petri
491 3615 582 3671 uerbis
596 3614 771 3681 excluditur;
792 3612 877 3684 quod,
891 3613 925 3668 li·
972 3613 1124 3672 Jerusalem
1139 3612 1358 3679 reaedificatores,
1372 3617 1503 3671 manrlato
1516 3617 1589 3689 regis
1600 3622 1764 3691 postposito,

133 3717 178 3764 cet
189 3708 278 3763 botrus
291 3705 443 3776 discipulus
466 3715 493 3762 ct
514 3706 542 3760 in
556 3706 696 3775 sepultura
714 3705 815 3760 Christi
826 3706 925 3774 proba·
973 3719 1007 3760 ao
1017 3713 1074 3760 tuto
1090 3704 1203 3767 mundo,
1218 3704 1293 3760 uelut
1316 3704 1435 3775 quadam
1458 3705 1618 3779 Babylonia,
1641 3721 1765 3767 conum·

19 3857 23 3880 ,
134 3809 181 3856 tua
192 3800 339 3867 exstiterit,
361 3805 453 3853 tarrren
466 3797 557 3852 adhuc
571 3796 665 3851 relicta
679 3793 846 3867 proprietate
859 3810 923 3851 curn
973 3809 1032 3871 pto,
1044 3800 1234 3872 spiritualibus
1250 3802 1442 3858 tantummodo
1457 3805 1557 3861 studiis
1568 3809 1704 3877 occupati,
1716 3824 1765 3865 seu

133 3890 266 3962 apostolis
280 3886 923 3958 adcommunitertiveudurucongregatusnoa
973 3891 1168 3948 claustralibus
1199 3891 1351 3962 disciplinis
1384 3895 1533 3965 mancipati
1562 3905 1703 3955 tenentur.
1735 3897 1765 3954 Si

134 3983 197 4040 luit.
973 3983 1046 4038 enim
1062 3983 1096 4038 ad
1110 3983 1178 4039 tales
1190 3984 1295 4040 uenerit
1305 3983 1433 4055 princeps
1449 3996 1498 4042 aut
1519 3987 1608 4054 miles,
1620 3989 1667 4059 qui
1684 4005 1767 4045 oscu-

170 4074 246 4131 llulti
261 4083 327 4130 tunc
349 4083 428 4130 eraut
454 4072 519 4128 boni
541 4069 680 4141 discipuli,
709 4078 737 4126 et
760 4069 872 4125 Christo
892 4083 924 4125 se
973 4072 1030 4127 lum
1042 4071 1120 4127 tuda
1134 4071 1230 4128 amulo
1242 4072 1369 4143 superius
1387 4083 1576 4146 comparatum
1591 4076 1625 4131 ad
1641 4077 1695 4133 hoe
1722 4077 1765 4131 ol·

134 4167 225 4237 ipsum
240 4165 294 4221 illis
312 4164 507 4221 mauilcstaute
521 4163 639 4233 probati.
653 4161 694 4216 Ex
710 4162 812 4232 quibus
831 4172 858 4217 et
884 4160 923 4215 ilii
973 4160 1054 4230 lerat,
1067 4170 1098 4217 ut
1121 4160 1252 4218 Ecclesiae
1277 4162 1434 4220 facultatem
1450 4180 1499 4236 per
1514 4165 1669 4222 hominium
1683 4168 1764 4240 quasi

133 4259 292 4329 plusquam
307 4257 443 4329 quincenti
466 4256 579 4325 fratrea,
590 4253 710 4320 luerunt,
732 4254 792 4324 qui,
808 4261 924 4309 testante
965 4270 1021 4324 ‘per
1033 4254 1205 4310 mendacium
1220 4254 1351 4323 obtineat,
1363 4257 1483 4328 episcopi
1495 4272 1560 4313 vero
1576 4265 1706 4328 unquam
1720 4273 1765 4314 sa·

135 4345 231 4416 Paulo,
241 4346 382 4402 Christum
394 4353 458 4416 post
471 4343 713 4411 resurrectionem,
727 4343 800 4399 sicut
818 4349 845 4398 ct
856 4357 923 4412 apo·
938 4334 960 4388 l)
975 4343 1117 4414 crilegium
1133 4354 1271 4412 carentes,
1288 4354 1316 4400 et
1330 4344 1442 4415 pallium
1459 4346 1516 4401 ueri
1534 4345 1672 4404 Samuelis
1686 4347 1764 4404 scin·

135 4440 210 4508 stoli,
226 4440 354 4495 viderunt
378 4437 405 4508 (l
433 4437 495 4494 Cor.
517 4453 563 4504 au,
581 4437 627 4508 6);
644 4443 726 4507 atque
745 4451 794 4506 per
815 4435 868 4491 boc
889 4435 923 4489 ad
973 4436 1037 4492 clerc
1052 4436 1179 4492 timentes
1191 4429 1325 4507 denegent
1347 4436 1413 4503 illis,
1429 4446 1512 4508 atque
1537 4438 1702 4495 interdicant
1716 4439 1764 4494 be·

135 4532 319 4603 apostolatum
330 4527 601 4600 poterataliquisde
621 4527 731 4582 illorum
751 4541 867 4582 uurucro
886 4526 924 4581 di·
974 4527 1070 4584 nebcia
1094 4543 1141 4598 per
1166 4536 1206 4584 tot
1231 4543 1319 4584 curros
1345 4542 1483 4599 possessa,
1508 4529 1599 4584 statim
1629 4528 1763 4585 audiente

135 4644 206 4699 gnus
219 4623 325 4681 videri:
343 4620 418 4693 quod
445 4620 484 4676 illi
509 4628 572 4690 post
596 4617 822 4675 resurrectionem
843 4615 924 4672 Chri·
974 4615 1040 4683 Quoe
1053 4617 1108 4672 hcc
1120 4633 1171 4683 res,
1186 4633 1265 4688 quom
1287 4616 1403 4686 fucitis?
1426 4617 1546 4689 rruuguid
1566 4627 1660 4673 contro
1678 4635 1764 4690 repent

135 4728 209 4774 stum
223 4715 345 4771 ridentes
364 4725 420 4766 non
445 4711 570 4781 legantur
598 4709 751 4774 haesitasse,
765 4708 799 4763 dc
819 4723 874 4776 quo
888 4707 925 4761 le·
973 4724 1018 4762 ror
1028 4707 1161 4763 rebellatis
1173 4708 1186 4762 i
1200 4705 1324 4778 Regnum
1337 4707 1439 4778 quippe
1457 4709 1610 4775 destruitis,
1621 4708 1669 4779 uui
1684 4709 1773 4774 nubis

135 4814 238 4880 guntur
252 4803 439 4877 apo‘stolorum
453 4802 564 4873 quidam
579 4799 730 4855 dubitasse.
747 4796 817 4863 Quid
832 4809 922 4854 tamen
972 4796 1104 4852 beneficia
1116 4797 1268 4868 denegatis.

135 4896 303 4956 aitl‘etrusl
328 4895 451 4967 Oportet,
472 4892 571 4964 inquit,
591 4905 624 4947 es
643 4889 696 4957 hir,
720 4889 767 4962 gui
786 4888 923 4943 nobhcunt
1008 4884 1078 4954 Quid
1090 4894 1208 4958 estergo
1222 4885 1403 4956 abepiscopis
1415 4887 1762 4960 adbaecrcspoodeuuum,

134 4990 287 5064 eunpcgati
299 4997 371 5056 aaut,
382 4995 436 5045 etc
452 4984 584 5054 Quamuis
607 4996 674 5056 ergo
688 4983 778 5039 bonus
789 4979 925 5037 Christia-
972 4976 1026 5033 nisi
1038 4975 1111 5046 guod
1135 4991 1150 5032 a
1170 4975 1313 5032 sacerdote
1328 4973 1459 5033 Nchenria
1486 4986 1552 5035 tunc
1575 4989 1617 5037 est
1646 4995 1763 5051 respon·

135 5099 190 5140 nus
213 5081 371 5152 quicunque
394 5077 569 5150 proprietatis
592 5088 736 5147 possessor
756 5071 922 5140 inveniatur,
973 5068 1341 5140 commerciorumque,
1357 5070 1396 5124 eis
1423 5086 1587 5137 sermoncurs
1603 5072 1713 5142 deique
1726 5074 1761 5126 od

136 5172 205 5228 solis
219 5183 309 5229 umen
331 5171 396 5238 illis,
409 5171 456 5241 qui
470 5148 533 5226 eum
548 5165 679 5238 apostolis
691 5163 792 5220 luerint
808 5178 923 5235 congre·
972 5176 1017 5215 cot
1030 5174 1040 5213 :
1051 5157 1124 5214 berta
1139 5158 1198 5214 ccli
1211 5160 1267 5231 ipre
1277 5176 1325 5215 uos
1332 5160 1421 5231 jurat,
1441 5170 1467 5218 et
1489 5179 1537 5217 nos
1560 5165 1630 5218 sarri
1651 5165 1708 5234 ejus
1719 5181 1762 5218 su-

135 5263 203 5335 gati,
216 5274 287 5321 recte
305 5263 451 5336 pastoralis
475 5277 542 5318 cura
561 5259 779 5335 commendatur,
793 5257 817 5312 si
832 5266 922 5312 tamen
973 5270 1042 5309 maa.
1057 5252 1214 5330 Suspensus,
1228 5254 1327 5325 inquit,
1341 5266 1366 5309 ct
1382 5255 1563 5325 edificemus:
1574 5255 1647 5316 cobis
1672 5264 1761 5309 cutem

137 5351 241 5424 Spiritu
255 5362 413 5425 segregante
427 5351 530 5410 luerint
551 5349 669 5422 probati.
685 5348 773 5416 Quem
789 5346 922 5418 Spiritum
965 5363 1025 5423 ,non
1040 5355 1078 5401 cst
1099 5362 1162 5416 porr
1177 5353 1203 5400 et
1219 5345 1329 5415 justitia
1353 5353 1379 5400 ct
1394 5346 1521 5399 anemoria
1548 5344 1576 5398 in
1599 5342 1760 5402 larundam.

175 5550 566 5623 tat·)noguo.,bepotesrau
576 5548 677 5620 ligandi
688 5554 770 5618 atque
783 5544 920 5602 solvendi:
972 5542 1044 5600 sicut
1056 5542 1182 5613 apostoli,
1197 5542 1244 5613 qui
1256 5540 1282 5625 in
1295 5540 1347 5600 hac
1358 5555 1439 5596 carne
1451 5540 1531 5614 positi
1548 5539 1658 5597 illorum
1668 5555 1760 5596 exuo·

139 5642 150 5676 r
176 5623 218 5692 psi
230 5622 320 5679 solum
334 5622 434 5679 babent
446 5629 606 5694 potestatem
618 5618 720 5688 ligandi
732 5617 772 5674 tel
784 5616 919 5682 solvendi,
972 5616 1016 5685 pla
1036 5613 1117 5670 simul
1135 5624 1163 5671 ct
1176 5614 1327 5676 doctrinam
1343 5621 1445 5707 tenent.
1463 5629 1473 5664 r
