3892 6067
1238 42 1259 73 h

166 196 237 257 ides
646 187 799 248 cendottt
819 186 1012 245 euneosttt
1032 185 1304 243 ttstctttttseuttc.
1732 189 1804 243 iiiii

166 311 241 386 Ergo
266 312 419 385 eeapbrabo,
448 308 547 380 inquit,
567 307 687 379 gladium
707 324 812 375 meum,
837 307 864 362 id
889 316 931 362 est
945 322 960 361 a
976 303 1040 365 Ain
1052 318 1085 358 os
1095 302 1211 359 mittitur
1224 302 1382 373 impictatis.
1394 301 1494 359 lterunn
1507 301 1612 369 leudes,
1625 302 1725 358 iterum
1740 321 1806 375 gra·

166 405 299 464 cordibus
313 403 443 460 exclusus
454 400 600 457 manifesta
616 411 679 457 utar
691 402 836 474 tyrannide
850 396 957 473 regum,
979 395 990 417 ’
1010 397 1110 452 tiarum
1121 398 1252 453 actiones.

167 499 363 567 imperatorum
389 502 417 549 ct
436 508 608 563 paganorum
636 492 789 549 crudelium
814 513 820 547 :
841 500 868 548 et
893 493 956 563 quia
1045 487 1128 544 Vens.
1142 488 1186 543 ll.
1206 488 1273 553 Quis
1293 487 1390 542 similis
1410 489 1449 542 tui
1472 490 1499 542 in
1517 479 1646 558 torribus,
1662 486 1808 544 bomine?

166 602 222 641 non
236 586 361 655 pertingo
374 584 408 640 ad
421 584 555 651 animant,
568 587 746 656 corporaliter
763 587 903 657 interficiet
914 603 957 641 eos
1010 579 1077 646 Quis
1089 579 1187 635 similis
1203 579 1252 646 tui,
1269 579 1427 650 magnificus
1441 579 1469 633 in
1486 580 1640 645 sanctitate,
1663 577 1805 644 terribilis,

167 689 263 729 manus
285 690 356 741 mea,
371 682 493 744 potestas
512 688 572 728 mea
589 674 768 742 permissione
781 675 885 730 divina·
900 672 957 743 ,set
1010 680 1088 741 atque
1113 669 1259 725 laudabitis
1283 679 1308 724 et
1328 670 1428 740 [urim
1454 668 1612 725 mirabilia?
1633 668 1692 726 lioc
1705 678 1805 726 eontra

169 780 180 818 ι
196 765 242 836 qui
255 763 320 820 lecit
333 779 424 832 οιιιιι,ι
438 765 476 846 ait
490 766 525 821 ad
539 765 651 821 beatum
665 764 718 822 lob
730 765 892 835 Dominus,r
907 782 957 837 ap·
1010 763 1087 831 ittot,
1110 764 1174 835 quia
1192 763 1261 819 dixit
1282 762 1334 819 iste
1353 762 1462 817 Pharao
1478 780 1485 817 :
1502 780 1512 814 r
1526 760 1582 818 Ero
1601 761 1700 818 similis
1717 762 1806 817 Altis·

166 855 280 928 plicabit
299 857 419 928 gladium
435 857 495 928 ejus
509 856 571 929 (tob
586 874 631 926 ιι,
644 858 700 928 ili,
714 856 740 913 id
751 865 794 915 est
805 874 858 915 non
870 874 959 930 quan·
1009 854 1170 926 sinto(lsoi.
1182 871 1237 919 ιιι,
1253 855 1308 924 lli.
1324 874 1335 909 ι
1354 853 1455 909 Parum
1470 854 1701 925 eratpraedicasse
1713 852 1741 908 in
1757 852 1806 909 ttto

166 947 323 1014 tummim,
347 948 394 1005 sed
409 959 543 1020 quantum
558 949 677 1006 utileest
693 952 791 1006 sarrire
803 961 851 1007 aut
870 952 958 1008 inter·
1010 946 1198 1003 tortitudinem
1222 946 1337 1002 dicendo
1353 946 1430 1017 :quis
1447 945 1543 1001 similis
1564 945 1603 998 tui
1627 946 1654 999 in
1677 945 1805 1015 sortibus,

167 1037 251 1095 licere
264 1041 448 1111 permittetur.
461 1040 521 1098 Non
545 1057 611 1112 ergo
625 1042 720 1098 timeat
732 1042 899 1101 victoriosus
910 1041 958 1100 bei
1012 1039 1133 1107 Domine,
1146 1040 1200 1095 nisi
1220 1047 1247 1094 et
1266 1037 1438 1094 sanctitatem
1467 1037 1629 1108 predicaret
1652 1037 1805 1093 addendo:

168 1134 288 1204 populus
303 1134 437 1192 festinans
460 1136 494 1191 ad
510 1135 707 1203 baereditatcm,
723 1152 805 1208 qnam
833 1136 960 1208 promisit
1010 1134 1069 1203 quis
1084 1133 1168 1188 simili
1183 1133 1222 1186 tui
1241 1132 1398 1202 nrnpdptcm
1413 1133 1441 1187 in
1450 1132 1614 1187 sanctitate?
1632 1130 1690 1187 lioc
1700 1130 1805 1187 enirna

168 1225 253 1283 Deus.
269 1225 375 1283 Etenim
389 1226 590 1298 inimicusiste,
610 1228 676 1284 dum
694 1231 877 1302 persequitur,
892 1231 957 1287 dnm
1011 1223 1182 1280 serlillerunt
1207 1224 1259 1279 lroc
1282 1222 1343 1279 loco
1366 1221 1498 1279 tortitudo
1517 1233 1544 1278 et
1561 1225 1705 1290 sanctitas,
1729 1223 1804 1294 quod

168 1317 279 1387 occidit,
295 1320 437 1390 proposito
452 1320 561 1377 illorum
585 1320 674 1393 magis
698 1322 817 1393 proiicit,
834 1331 864 1378 ut
877 1322 959 1379 citius
1010 1315 1074 1371 alibi
1085 1316 1218 1386 judicium
1230 1323 1258 1371 ct
1269 1314 1464 1371 misericordia.
1480 1313 1623 1370 fortitudo
1633 1313 1729 1384 judicii
1740 1330 1806 1370 con·

168 1409 202 1464 ari
224 1410 340 1480 patriam
362 1411 523 1483 perveniant
537 1413 686 1485 peregrini.
699 1412 764 1469 lude
786 1412 880 1471 fatuus
896 1430 959 1471 esse
1010 1416 1052 1463 llil
1069 1408 1203 1479 superbos
1223 1416 1435 1478 Μΐθθιῠθῡῑθδῖ
1459 1406 1592 1462 melitis
1607 1405 1805 1461 misel'iwttliae

167 1500 351 1568 convincitur,
371 1502 452 1572 tinia,
469 1503 534 1559 dum
556 1519 606 1574 pro
632 1520 662 1561 se
687 1515 784 1562 contra
808 1505 894 1562 licum
915 1509 957 1564 rel
1010 1516 1093 1571 stttlcl
1110 1500 1170 1571 l5⁰⁸
1184 1500 1335 1573 intitules}
1348 1498 1499 1555 secundum
1514 1499 1573 1565 llaec
1589 1497 1644 1553 ⁶¹¹⁰
1661 1498 1805 1569 subjungit

167 1599 264 1646 contra
284 1590 332 1648 Dei
347 1594 480 1664 populum
492 1609 574 1665 agere
585 1596 692 1663 nititur,
708 1607 804 1653 contra
820 1612 850 1654 se
865 1599 957 1669 potius
1010 1595 1122 1649 nornine
1137 1593 1248 1650 laudis:
1269 1591 1407 1648 Terribilis
1421 1600 1501 1662 atque
1512 1590 1668 1646 laudantis.
1685 1590 1805 1646 Terribi-

169 1679 227 1750 agit
240 1692 267 1736 οι
282 1680 330 1738 bei
355 1685 526 1755 propositum
552 1685 663 1755 adjurat
687 1695 719 1741 ιιι
734 1687 901 1758 perliciatur,
917 1689 960 1744 di·
975 1652 997 1707 B
1011 1684 1045 1739 lis
1068 1684 1194 1741 videlicet
1207 1699 1257 1754 pro
1269 1683 1366 1754 judicii
1387 1682 1558 1750 tortitudine,
1587 1682 1732 1737 laudabilis
1753 1700 1805 1754 pro

169 1770 297 1843 cimrqne
314 1773 348 1829 de
360 1775 409 1836 tito
426 1778 459 1831 aa
478 1777 588 1832 beatum
599 1776 651 1834 tob
669 1797 677 1832 ι
695 1796 704 1830 ι
729 1777 858 1852 Nonquia
873 1797 959 1854 porres
1011 1776 1207 1832 misericordiae
1218 1775 1372 1831 ssncrtrate.
1388 1773 1546 1831 &cundum
1561 1782 1678 1844 utraqne
1690 1774 1754 1841 ists,
1778 1784 1805 1829 et

167 1862 300 1918 cssrculum
321 1864 348 1919 in
373 1866 487 1922 naribus
501 1867 583 1937 ejus?
604 1887 615 1922 ι
629 1867 725 1940 illiti„
739 1870 797 1940 ei.)
814 1869 872 1927 liae
884 1873 959 1929 enim
1012 1866 1123 1936 iaciens,
1135 1865 1235 1936 inquit,
1250 1864 1397 1920 mirabilia.
1413 1864 1480 1932 Quae
1489 1864 1651 1920 mirabilia?

167 1952 242 2007 dicto
256 1952 369 2010 latuitas
384 1957 443 2027 ejus
465 1960 587 2014 maxima
600 1959 758 2016 denotatur.
773 1961 807 2018 Et
821 1964 957 2021 subinde:
1047 1956 1129 2014 Vtilis·
1144 1958 1187 2012 ¹2·
1208 1956 1361 2012 Fastidit&
1380 1971 1489 2010 manum
1513 1965 1598 2023 inim,
1621 1964 1646 2010 θ’
1668 1956 1806 2011 “miti

170 2041 324 2113 ‹Nuttquid
353 2044 433 2102 feriet
458 2057 548 2104 tecam
572 2060 693 2121 paetum,
708 2062 736 2108 et
755 2054 873 2123 accipies
894 2070 957 2111 eum
1010 2066 1053 2105 eos
1068 2058 1149 2104 term.
1169 2046 1227 2104 lloc
1246 2057 1288 2105 est
1302 2047 1424 2103 rnirebite
1439 2047 1618 2118 fortitudinis,
1634 2046 1805 2114 undeestu,

168 2146 279 2189 servum
311 2135 510 2207 sempiternum
522 2138 534 2193 l
561 2157 571 2193 ι
597 2139 675 2210 (ibid.
689 2182 698 2207 ,
715 2142 762 2212 lii
782 2143 957 2212 sulrattditnr,
1010 2139 1137 2208 Domine,
1150 2138 1286 2196 terribilis.
1302 2136 1443 2193 Deaoraeit
1456 2154 1510 2204 eos,
1524 2137 1623 2209 inquit,
1633 2146 1705 2191 terro
1716 2151 1728 2192 t
1740 2136 1806 2192 Ter·

169 2225 200 2272 ιιι
215 2232 286 2291 ego,
306 2221 351 2277 cui
376 2222 516 2279 voluntate
539 2224 710 2282 adversando
734 2229 774 2284 sic
793 2228 839 2285 ille
859 2244 960 2301 coope·
1011 2244 1052 2295 ra,
1066 2228 1189 2299 inquam,
1204 2226 1427 2298 tenebrosajuxta
1438 2227 1547 2283 beatum
1561 2224 1624 2291 lob,
1642 2244 1652 2276 r
1668 2235 1697 2281 et
1709 2236 1807 2296 operta

167 2317 257 2376 ratur,
272 2318 403 2383 tanquam
414 2313 550 2385 juraverit
570 2316 733 2389 obsequium
749 2336 833 2393 seque
846 2338 956 2379 serrum
1011 2321 1109 2378 mortis
1122 2321 1253 2393 caligine,
1274 2328 1347 2376 terra
1368 2319 1488 2377 miseriae
1506 2328 1534 2375 et
1555 2319 1743 2386 tenebrarunt,
1757 2319 1805 2374 ubi

168 2402 278 2458 studeat
292 2403 423 2462 exhibere
440 2406 642 2466 tidelissintum.
665 2409 815 2483 Sequitur:
1011 2413 1109 2470 umbra
1122 2413 1219 2469 mortis
1236 2420 1263 2469 et
1282 2412 1375 2468 nullus
1387 2413 1465 2480 ordo,
1479 2411 1526 2468 sed
1540 2412 1724 2482 sempiternus
1736 2412 1806 2467 lror·

205 2492 289 2551 Vttns.
319 2495 362 2552 lb.
387 2497 477 2554 Fleuit
508 2501 620 2570 spiritus
644 2511 726 2572 treus,
748 2508 892 2576 stupescit
915 2526 959 2565 eos
1011 2502 1443 2577 rorinbabitausiloinilis

167 2599 253 2655 mre,
266 2589 396 2644 submersi
410 2601 473 2645 sunt
494 2593 572 2663 quasi
594 2592 731 2663 plunnium
746 2597 774 2651 in
787 2599 863 2669 aquis
883 2599 959 2655 netre-
1050 2596 1131 2653 Vens.
1148 2597 1192 2652 ld.
1213 2595 1275 2651 Dus
1293 2596 1370 2667 fuisti
1389 2596 1417 2649 in
1437 2594 1620 2651 misericordia
1638 2605 1686 2651 trra
1707 2597 1806 2666 populo

166 2676 308 2733 miiitu-
1012 2699 1069 2757 teo,
1084 2705 1160 2760 quem
1177 2688 1336 2744 redemisti:
1355 2697 1380 2743 et
1399 2689 1514 2758 portasti
1533 2704 1592 2742 οππι
1606 2689 1807 2759 infortitudine

203 2769 314 2825 Certum
339 2771 393 2828 boc
418 2780 493 2830 tenet
518 2777 654 2835 catlrolica
677 2779 763 2846 tides,
791 2782 856 2853 quia
884 2798 961 2839 mare
1012 2790 1059 2835 tna
1081 2780 1116 2834 ad
1138 2779 1321 2835 instituentem
1346 2790 1468 2835 cerretum
1491 2790 1576 2835 ιιιιππ.
1603 2777 1662 2836 Ηοο
1678 2779 1806 2835 mirabile

166 2859 270 2918 Christi
287 2862 369 2920 nobis
391 2864 523 2937 ingressis
554 2871 658 2942 aspirat
683 2871 802 2945 Spiritus
827 2873 960 2946 bomini,
1012 2872 1166 2928 sanctitatis
1182 2871 1288 2927 turercl
1301 2869 1556 2927 misericordiaeest.
1579 2868 1643 2925 lnde
1655 2878 1736 2936 estu,
1751 2870 1807 2926 [io

168 2948 287 3022 Spiritus
315 2954 410 3026 gratiae
436 2964 464 3013 et
487 2958 674 3030 remissionis,
709 2963 847 3035 deponens
879 2965 957 3036 juxta
972 2991 994 3050 c
1012 2964 1261 3031 mirratamtatttts,
1277 2963 1402 3019 terribilis
1424 2973 1501 3035 atque
1524 2962 1669 3018 laudabitis
1690 2972 1746 3019 tarn
1760 2964 1806 3018 di·

166 3042 330 3137 l'ropbetarn
351 3064 447 3133 omnes
475 3050 635 3122 iniquitates
665 3065 795 3122 nostras,
823 3067 850 3113 et
877 3059 960 3130 proji·
1012 3075 1089 3115 ressa
1105 3058 1239 3117 mirabilia
1254 3056 1353 3114 iecisti.
1376 3056 1411 3112 Et
1427 3058 1542 3127 portasti
1562 3073 1633 3125 enm,
1652 3057 1752 3127 inquit,
1775 3058 1804 3112 in

166 3136 243 3191 ciens
271 3143 299 3190 tn
324 3137 461 3208 profundo
491 3142 576 3197 maris
600 3145 692 3199 omnia
718 3155 831 3217 peccata
853 3158 957 3206 nostra.
1011 3152 1169 3224 tortitudine
1181 3160 1239 3218 tur,
1251 3160 1304 3207 cte.
1318 3149 1452 3221 Tempore
1462 3149 1600 3221 preterito
1613 3164 1663 3220 pro
1676 3151 1804 3220 prasenti

166 3224 219 3283 llic
233 3227 313 3283 ruina
324 3229 426 3286 diaboli
439 3239 492 3287 est.
506 3231 585 3300 Quod
601 3234 674 3291 enirn
688 3238 806 3307 primum
822 3238 849 3294 iu
862 3251 961 3297 senret-
1011 3260 1080 3301 usus
1100 3253 1154 3311 est,
1184 3244 1298 3314 portasti
1322 3243 1459 3313 inquiens,
1484 3256 1535 3314 pro
1560 3258 1594 3297 co
1621 3250 1651 3297 ut
1677 3241 1806 3297 diceret:

165 3318 228 3390 ipso
239 3329 321 3390 capnt
338 3329 464 3378 nostrum
479 3322 544 3381 lecit
558 3325 586 3380 in
603 3329 748 3396 praesentia
772 3344 830 3386 suae
850 3333 957 3400 mortis,
1010 3335 1139 3408 portalis,
1163 3335 1315 3391 certissime
1339 3335 1430 3391 selens
1443 3335 1507 3407 quia
1525 3335 1598 3405 quod
1617 3334 1710 3405 coepit,
1723 3334 1807 3404 perti·

171 3428 181 3462 r
200 3409 304 3479 delens,
321 3430 331 3464 ι
347 3422 378 3468 ut
392 3412 542 3486 Apostolus
567 3418 622 3485 ait,
639 3439 648 3471 r
665 3420 738 3488 quod
760 3419 895 3480 adsersus
908 3440 959 3482 nos
1011 3432 1095 3493 ccret,
1109 3425 1150 3481 rel
1164 3425 1228 3496 qnia
1241 3424 1411 3496 propositum
1424 3423 1485 3494 ejus
1499 3423 1638 3479 infirmare
1649 3438 1729 3477 nemo
1740 3437 1806 3494 pos·

166 3511 238 3569 erat,
250 3503 463 3578 clrlrograpltom
475 3506 587 3575 decreti,
601 3510 675 3579 quod
694 3513 862 3569 contrarium
877 3517 958 3575 nobis
1011 3527 1062 3574 set.
1078 3517 1149 3586 Quid
1161 3528 1251 3575 autem
1262 3525 1305 3574 est
1316 3517 1499 3572 babitaculum
1510 3512 1558 3571 bei
1573 3518 1715 3571 sanetum!
1728 3513 1805 3571 lion-

167 3601 195 3651 et
207 3595 307 3666 ipsum,
324 3595 421 3668 lnquit,
439 3598 501 3655 tulit
514 3600 651 3657 demedio
667 3601 778 3675 alligeris
792 3605 857 3661 illud
872 3611 958 3678 cruci,
1011 3608 1077 3679 quid
1092 3594 1163 3665 terra
1178 3616 1364 3679 peccatorum,
1385 3615 1455 3661 terra
1469 3605 1688 3663 chananeorum
1703 3608 1715 3663 l
1733 3606 1806 3664 Foe-

168 3694 197 3742 ct
222 3686 380 3758 exspolians
401 3687 588 3761 principatui,
610 3701 639 3749 ct
663 3702 812 3765 potestates
838 3700 960 3757 traduxit
1011 3699 1047 3754 rit
1059 3700 1169 3770 quidem
1186 3699 1243 3755 illic
1259 3697 1442 3754 troiitarntnm
1456 3692 1589 3766 sartetnm,
1608 3699 1634 3754 id
1649 3707 1691 3755 cst
1705 3698 1808 3756 civitas

167 3776 337 3835 eorrbrlentcr
360 3779 451 3850 palam
476 3782 651 3853 triumpbans
680 3785 742 3841 illos
773 3785 889 3858 (Getasa.
921 3806 958 3857 ιι,
1012 3800 1106 3847 sancta
1131 3788 1283 3847 Jerusalem
1308 3791 1351 3845 nel
1374 3790 1504 3862 templum
1530 3798 1557 3845 et
1582 3800 1675 3846 sancta
1696 3801 1808 3849 sancto·

167 3867 214 3937 ll,
226 3870 271 3940 lli)
287 3888 293 3925 :
311 3890 321 3923 ι
338 3870 423 3943 quod,
442 3871 569 3943 inquam,
586 3882 652 3930 tuuc
667 3874 694 3930 in
710 3880 858 3949 semetipso
877 3891 960 3952 caput
1011 3898 1084 3937 rum.
1104 3880 1203 3938 Verum
1222 3898 1278 3937 non
1294 3891 1406 3954 propter
1423 3896 1453 3938 se
1468 3881 1513 3936 illa
1537 3890 1631 3937 saneta
1654 3880 1741 3948 tuere,
1756 3883 1806 3938 sed

166 3957 242 4027 iecit,
260 3963 316 4030 bic,
336 3965 362 4019 id
376 3974 419 4022 est
435 3966 462 4020 in
476 3966 614 4038 baptismo
626 3967 693 4025 lacit
705 3970 732 4025 in
745 3973 876 4030 membris
889 3975 957 4041 stris,
1011 3984 1164 4045 propterea,
1176 3975 1240 4045 quia
1255 3974 1409 4030 coelestium
1422 3983 1501 4029 erant
1513 3973 1678 4050 exemplaria
1690 3985 1806 4030 sancto·

167 4054 214 4112 ubi
228 4064 269 4113 est
288 4056 440 4113 similitudo
457 4059 553 4115 mortis
565 4060 710 4131 ejusdem,
731 4065 775 4120 cui
790 4067 960 4138 complanta·
1011 4081 1083 4120 ιιιιιι.
1104 4065 1175 4138 Ergo
1192 4081 1248 4121 non
1269 4074 1325 4121 tant
1340 4066 1430 4121 locum
1450 4064 1526 4120 illum
1551 4075 1700 4126 terrenum.
1719 4081 1805 4136 qnam

167 4162 241 4213 taur,
256 4157 286 4204 ut
300 4149 370 4205 idem
386 4150 537 4222 Apostolus
551 4153 599 4209 alt.
624 4152 708 4211 lieete
726 4157 810 4228 igitur
829 4160 916 4229 dieas,
932 4169 960 4218 et
1011 4166 1112 4213 terram
1127 4157 1287 4225 nicentium,
1300 4156 1381 4226 errius
1392 4156 1438 4212 illa
1455 4155 1506 4212 tuit
1518 4155 1627 4223 umbra,
1641 4155 1711 4210 dixit
1727 4157 1807 4210 bebi·

166 4240 301 4297 veraciter
314 4251 420 4312 cantes,
437 4245 596 4317 quicunque
611 4247 645 4303 de
660 4249 712 4304 troc
727 4252 796 4306 mari
809 4253 958 4309 ascendisti
992 4246 994 4251 ⁴
1011 4251 1128 4304 territum
1149 4248 1415 4319 miserioremque
1438 4264 1487 4320 per
1511 4248 1659 4318 gloriosam
1680 4247 1808 4303 ductoris

168 4330 196 4386 ln
211 4330 323 4390 cbristo
336 4343 460 4402 renatus,
471 4321 538 4408 qnia
554 4339 656 4410 operuit
672 4357 716 4396 eoa
729 4359 813 4411 mare,
828 4345 957 4400 submersi
971 4323 998 4384 ⁰
1010 4339 1057 4396 bei
1071 4340 1299 4411 magnificentiam
1314 4341 1479 4410 portandum
1495 4340 1660 4410 praevidebat
1670 4353 1731 4394 esse
1742 4336 1808 4392 uni-

168 4434 230 4483 snnt
252 4428 330 4496 quasi
360 4427 498 4498 planstrum
521 4432 549 4485 in
572 4434 649 4504 aquis
671 4434 880 4503 nebententidns,
908 4437 959 4491 im·
1010 4439 1292 4488 sersurnsanctorum
1308 4432 1439 4502 populum
1458 4431 1657 4502 infortitudine
1670 4429 1807 4500 orique

167 4518 238 4589 pieta
250 4522 365 4578 veritate
377 4524 528 4595 prophetiae
539 4524 656 4581 dicentis
670 4542 677 4580 ε
697 4546 706 4577 ι
725 4527 795 4583 Eece
808 4544 859 4600 ego
870 4530 903 4585 ad
919 4539 955 4596 te,
1011 4539 1065 4579 bon
1080 4534 1122 4579 cst
1134 4524 1188 4578 elit
1203 4540 1284 4595 quam
1297 4522 1384 4581 Filius
1396 4523 1455 4579 Del·

166 4609 274 4672 mmm
301 4630 348 4672 ¹⁰¹
371 4615 481 4690 AEgypti
497 4659 504 4684 ι
524 4615 609 4673 draci)
624 4633 733 4690 migne,
748 4619 795 4691 qui
823 4621 908 4678 cubas
930 4623 957 4677 in
1046 4614 1130 4671 Vens.
1142 4616 1185 4684 ld,
1199 4615 1242 4672 l5.
1260 4615 1438 4671 Ascendcrunt
1449 4614 1552 4686 populi,
1564 4624 1588 4670 et
1596 4615 1661 4670 irati
1671 4624 1805 4681 sanccio.

168 4701 258 4759 tnmliu
271 4702 415 4762 ttuminum
428 4716 549 4776 tuorum,
564 4716 592 4764 ct
601 4687 672 4767 dicis
687 4726 693 4762 :
706 4706 782 4765 lleus
794 4719 836 4764 est
848 4709 957 4779 liutius,
1011 4704 1088 4764 Unde
1099 4706 1169 4764 scire
1178 4714 1284 4777 poterat
1295 4715 1325 4762 ut
1337 4707 1440 4762 diceret
1462 4706 1542 4777 quasi
1554 4706 1719 4777 praeteritum
1731 4714 1807 4777 quod

169 4799 197 4846 ct
210 4806 261 4864 ego
272 4792 323 4850 leci
339 4799 531 4868 memetipsum
547 4817 554 4854 :
569 4808 597 4856 ct
612 4815 713 4870 ponam
729 4800 838 4857 treuunr
855 4801 883 4858 in
900 4819 959 4858 ma·
986 4824 992 4833 ·
1011 4800 1133 4856 loturum
1148 4807 1224 4855 erat:
1239 4799 1311 4855 Tune
1332 4797 1481 4855 conternati
1491 4806 1552 4852 sonat
1563 4800 1694 4869 principes
1707 4797 1808 4866 Edoni,

169 4881 244 4939 stillis
265 4885 335 4952 tuis,
351 4897 378 4943 et
399 4890 574 4962 agglutinabo
587 4893 678 4965 pisces
688 4892 833 4950 ssuminurn
847 4903 959 4952 tuorum
1012 4892 1132 4946 robustos
1147 4889 1226 4947 lloab
1245 4891 1358 4947 obtinuit
1384 4900 1492 4957 tremor,
1520 4888 1690 4961 obriguerant
1714 4906 1809 4946 enarres
1845 4944 1851 4953 ,

171 4975 294 5045 squamis
319 4977 384 5043 tuis,
406 4988 432 5034 et
449 4983 592 5038 extraham
615 4993 641 5041 te
658 4984 692 5040 de
715 4985 804 5042 medio
815 4985 960 5044 llunrinum
1011 4983 1171 5039 trutinatores
1184 4981 1415 5040 cismarinam
1427 4982 1461 5038 dc
1475 4997 1520 5050 eo,
1533 4982 1607 5054 qnod
1623 4981 1662 5038 ait
1673 4997 1680 5035 :
1691 4982 1808 5038 Dolores

167 5074 292 5136 tuorum,
314 5080 342 5128 ct
357 5074 478 5130 urrirersi
497 5076 587 5147 pisces
614 5078 652 5132 tui
680 5080 804 5149 squamis
830 5081 886 5136 tuis
912 5081 962 5137 ad·
1013 5075 1181 5130 attinuerunt
1192 5074 1354 5130 trriitrtores
1373 5072 1547 5142 Philisttriim,
1574 5073 1641 5131 illud
1666 5072 1737 5129 torte
1761 5087 1810 5128 rc·

168 5158 322 5230 haerebunt,
337 5172 365 5220 et
378 5167 521 5238 projiciam
545 5177 572 5225 te
595 5169 622 5224 in
648 5170 798 5238 desertum,
813 5184 839 5228 οι
863 5188 960 5231 ornnes
1012 5167 1139 5235 sponderi
1155 5167 1251 5237 possit,
1264 5166 1329 5237 qnia
1342 5164 1431 5222 vicina
1446 5174 1505 5222 erat
1529 5173 1602 5221 terra
1623 5163 1807 5232 Pbilistbiim,

168 5250 260 5327 pisces
281 5255 403 5314 [luntirtis
429 5259 467 5314 tui
493 5259 601 5332 [lieren.
626 5262 959 5335 xn11‚5-ii).si:tnosa
1012 5267 1040 5313 et
1062 5267 1208 5330 antequam
1235 5274 1311 5314 mare
1333 5257 1549 5329 ingrederentur,
1575 5255 1725 5312 cavendum
1750 5254 1808 5311 illis

170 5344 245 5415 quod
260 5349 391 5418 superius
403 5351 498 5423 lapidi,
512 5353 639 5410 videlicet
663 5363 774 5425 propter
786 5355 960 5426 gravedinem
1013 5358 1120 5404 eratne
1134 5365 1183 5422 per
1197 5366 1245 5406 eos
1262 5350 1379 5405 transire
1397 5356 1572 5416 conarentur,
1584 5349 1657 5405 sicut
1676 5348 1807 5420 superins

170 5437 289 5507 peccati,
303 5439 349 5494 bic
359 5452 449 5498 antem
461 5458 510 5499 eos
524 5444 636 5515 plumbo
649 5446 838 5516 compararit,
858 5444 962 5501 scilicet
1011 5443 1068 5513 jam
1080 5442 1181 5498 dictum
1196 5451 1248 5510 est,
1261 5458 1295 5498 co
1305 5442 1378 5513 quod
1389 5456 1484 5497 corum
1496 5441 1584 5508 dolor,
1597 5440 1624 5496 id
1635 5449 1679 5496 est
1689 5440 1806 5506 invidis,

173 5536 960 5608 utoplerpoenamvclretributionen·peceatisceundum
1012 5532 1068 5602 jam
1095 5533 1258 5589 excuntibus
1291 5533 1325 5587 dc
1356 5531 1473 5604 AEgtpto
1503 5531 1673 5589 innotuisset.
1701 5528 1806 5588 lerum

176 5614 339 5675 tertianam
357 5628 526 5697 prophetam,
539 5629 609 5699 apnrl
626 5645 706 5701 ιμιοιιι
723 5630 848 5683 talentum
863 5628 961 5701 ptrtrnbi
1016 5624 1101 5680 iidem
1131 5625 1309 5682 ‹tierrntbnsr
1328 5645 1337 5675 r
1356 5623 1539 5680 obsecramus
1564 5633 1593 5680 ut
1623 5625 1700 5680 nobis
1722 5623 1807 5682 tte-eas
