3892 6067
227 317 280 377 sta
708 269 1372 362 carnumruarosnmuenmsrma.
1814 290 1876 347 sto

226 434 500 498 commemoratur.
526 420 617 477 Tertia
639 427 700 474 est:
717 415 838 474 Cantaba
854 416 977 483 Domina,
993 415 1021 470 in
1036 424 1060 481 p
1075 422 1177 476 torum.
1194 410 1272 482 (qua)
1287 403 1458 465 transcendit
1471 401 1621 476 agilitatem
1638 402 1813 475 angelorum.

225 540 280 596 qua
302 522 373 577 lleus
394 535 409 574 a
426 517 621 580 microcosmo,
644 510 728 567 idest
750 509 891 566 aminare
905 506 1020 573 mundo,
1111 501 1193 558 Vens.
1210 502 1238 555 l.
1252 499 1306 567 Qui
1321 494 1518 569 pacis'anptiot
1541 504 1601 550 tatas
1625 495 1746 601 ammius:
1769 496 1875 568 hupreht

226 615 331 671 scilicet
343 611 379 669 ab
400 609 514 665 homino
535 606 674 662 laudatur.
697 600 779 658 Prius
792 602 911 658 litteram
936 599 1022 670 inspi—
1074 603 1140 651 sunt
1150 593 1278 648 coelestes
1290 590 1415 662 spiritus,
1426 603 1498 660 quos
1511 602 1578 645 suos
1588 586 1654 643 iaen
1666 595 1788 654 nuntios,
1801 590 1874 646 dum

224 708 342 771 ciamus,
354 703 453 761 deiude
467 701 627 772 allegoriam
642 697 834 754 discutiamus.
846 691 907 750 Vox
919 701 963 750 est
973 691 1023 747 Ee·
1073 691 1123 742 eos'
1135 679 1220 740 mittit
1231 683 1266 738 aid
1282 681 1419 737 homines.
1433 679 1529 773 Angeli
1541 692 1641 734 nomeu
1653 688 1696 735 est
1708 679 1799 748 oflicii,
1814 697 1874 738 non

226 795 318 850 clesiae
331 794 364 850 de
379 790 508 864 gentihus
520 789 554 843 ad
570 787 677 843 laudem
689 784 737 841 bet
752 783 900 839 hortantis.
1075 783 1190 831 naturae.
1205 772 1316 829 Naturae
1329 786 1430 827 nomen
1445 781 1487 827 est
1502 770 1627 841 spiritus,
1640 770 1720 827 officii
1734 773 1872 844 angelusa

261 884 387 949 benedic,
398 883 490 936 areima
501 895 570 946 mea,
587 876 699 933 Domino
711 891 761 946 pro
775 875 859 930 tantis
870 873 1021 941 beneficiis,
1074 868 1145 924 sicut
1158 875 1264 921 naturae
1277 872 1320 920 cst
1330 865 1424 930 homo,
1438 862 1519 918 officii
1533 860 1612 920 miles
1626 882 1633 918 z
1645 868 1745 920 nomen
1761 873 1873 923 haturae

225 992 276 1048 pro
299 982 355 1030 mm
381 972 476 1029 maltis
498 979 526 1027 et
549 969 657 1040 maguis
682 966 843 1023 maneribus
872 965 1022 1038 gratiarum
1073 957 1126 1021 nir,
1148 956 1229 1012 officii
1242 970 1342 1027 praeeo.
1357 953 1411 1010 Per
1425 954 1524 1011 horum
1550 953 1669 1011 odicium
1695 957 1825 1014 uniuersa
1841 959 1870 1012 in

226 1067 296 1140 eju&
1074 1048 1178 1105 mundo
1189 1048 1385 1118 disponuntur.
1408 1044 1443 1100 tn
1458 1047 1595 1102 ministros
1616 1055 1673 1104 taor
1684 1049 1774 1120 iqttcm
1787 1057 1873 1106 aaran

262 1161 341 1218 Nunc
354 1159 436 1217 vertit
448 1159 529 1214 uerba
544 1156 578 1212 ad
600 1153 685 1209 ileum
699 1149 859 1222 largitorem
871 1148 1021 1214 honorum,
1075 1150 1137 1195 tem.
1152 1137 1330 1210 Saepeangeli
1344 1137 1485 1205 visisunt,
1504 1137 1575 1194 sieut
1588 1138 1638 1205 illi;
1655 1139 1702 1208 qui
1717 1137 1805 1195 liliam
1822 1140 1871 1196 la·

227 1253 339 1310 Domine
352 1252 423 1307 Dent
435 1266 518 1315 mensp
541 1245 585 1303 eui
601 1253 632 1300 ut
645 1243 760 1298 Domino
775 1241 876 1308 sertio,
898 1253 980 1310 quem
992 1245 1023 1293 ut
1073 1230 1258 1304 puerunt‚rel
1272 1229 1428 1287 incircuitu
1443 1228 1526 1285 Elisei
1539 1240 1734 1302 apparuerunt.
1749 1229 1869 1290 undeet

225 1343 312 1401 pm„
327 1344 398 1408 0010,
421 1337 607 1411 propriificaret
620 1343 648 1392 'es
672 1334 844 1400 ueltementrr,
859 1339 886 1386 ct
900 1330 928 1385 in
943 1343 1025 1400 ange·
1074 1322 1188 1393 angelus
1200 1320 1286 1392 lloysi
1297 1322 1325 1377 in
1341 1320 1452 1376 flamma
1467 1322 1540 1388 ruhi,
1556 1323 1598 1377 rcl
1613 1323 1744 1380 inmontc
1758 1325 1867 1379 Sinala

227 1438 272 1505 lis,
286 1438 351 1494 etin
367 1433 536 1499 bominibus,
558 1439 585 1486 ct
607 1428 635 1483 in
660 1421 945 1492 omnicreatura,qtti
959 1429 1023 1476 ante
1074 1416 1138 1487 igne
1161 1416 1274 1471 ardente
1299 1415 1437 1486 apparuit.
1462 1412 1518 1470 llos
1537 1411 1674 1470 ministrat
1698 1432 1764 1473 suot
1788 1416 1866 1483 facita

226 1545 337 1588 amnem
352 1536 508 1584 creaturam
523 1537 638 1595 stagnus
654 1535 684 1577 es
699 1520 725 1574 in
738 1516 890 1587 maiestatis
908 1524 962 1571 tuae
979 1517 1024 1570 es·
1074 1505 1139 1562 dum
1150 1522 1199 1578 per
1213 1519 1262 1564 cos
1276 1507 1346 1563 alios
1358 1507 1458 1562 exurit.
1474 1505 1524 1562 Vel
1538 1508 1573 1563 de
1587 1507 1667 1563 malis
1686 1509 1799 1579 stupetis,
1816 1509 1866 1581 qni

226 1621 326 1682 sentia.
342 1617 541 1689 Gotrsertionem
555 1626 580 1671 ct
603 1615 722 1670 decorem
743 1609 867 1665 induisti.
891 1606 1023 1662 Primilus'
1074 1609 1139 1655 ⁸1¹¹ss
1150 1600 1221 1671 ignis
1233 1617 1324 1670 urens,
1339 1598 1406 1657 5²⁰st
1419 1599 1473 1658 'Sibi
1487 1600 1639 1669 miss5⁵¹l⁰⁵t
1651 1602 1716 1657 dum
1728 1617 1776 1657 0⁰⁵
1786 1603 1867 1673 1¹¹bel

227 1712 361 1769 vulteum
387 1710 501 1765 laudare
515 1707 549 1764 de
573 1704 678 1763 coelesti
692 1709 829 1759 creatura.
855 1698 927 1755 Deus
942 1696 1022 1770 quasi
1075 1693 1172 1763 partire
1187 1695 1328 1765 reprobos.
1350 1690 1402 1750 llic
1415 1692 1512 1763 incipit
1525 1707 1589 1749 eum
1604 1691 1638 1748 de
1652 1694 1775 1751 terrestri
1787 1708 1867 1750 crea-

226 1803 317 1858 hudus
338 1798 400 1867 init,
420 1798 485 1855 dum
500 1805 563 1852 autc
578 1794 670 1850 omnia
696 1791 814 1848 visibilia
832 1799 859 1846 et
874 1786 1022 1846 inuisibilia
1038 1763 1059 1819 B
1075 1793 1136 1841 tura
1151 1785 1281 1841 laudare:
1709 1871 1712 1876 Δ
1789 1871 1792 1876 ⁴

227 1895 304 1952 solus
316 1893 343 1947 itt
354 1890 507 1948 aeternitate
524 1887 635 1953 mansit,
657 1884 705 1956 qui
720 1884 850 1938 decoram
862 1888 965 1936 vestem
980 1879 1023 1934 in·'
1109 1876 1192 1933 Vens.
1206 1877 1233 1933 5.
1254 1875 1307 1943 Qut
1323 1876 1445 1945 fundasti
1468 1888 1568 1932 terrant
1590 1894 1668 1947 snper
1690 1878 1865 1934 stabilitatem

226 1986 298 2053 duit,
317 1986 383 2039 dum
406 1981 609 2037 multitudinem
628 1976 788 2048 angelorum
813 1971 947 2044 sapientia
965 1971 1023 2044 ple··
1073 1982 1160 2021 attam.
1185 1965 1303 2032 Quidam
1326 1965 1425 2037 putaui
1452 1975 1552 2024 terram
1575 1967 1667 2038 aliquo
1687 1965 1865 2024 fundamento

228 2092 304 2143 nam,
327 2075 426 2130 decore
450 2071 598 2145 perlectam
623 2085 657 2125 et
681 2065 791 2124 occulto
815 2064 947 2120 thesauro
970 2078 1023 2120 sao
1074 2057 1176 2115 iulciri.
1192 2057 1352 2130 Philosophi
1374 2069 1465 2116 autem
1481 2060 1577 2116 dicunt
1596 2076 1657 2117 eam
1670 2072 1789 2134 quatuor
1802 2078 1866 2119 reu·

226 2167 367 2241 produxit,
386 2164 434 2237 qui
454 2180 518 2220 mox
543 2174 594 2234 pro
616 2159 754 2216 creatione
771 2156 814 2213 sui
829 2155 857 2210 in
871 2154 1023 2211 confessio·
1074 2152 1110 2210 tis
1127 2155 1287 2211 sustentari.
1307 2153 1410 2211 Contra
1433 2170 1504 2227 quos
1520 2154 1660 2227 Scriptura
1678 2156 1764 2213 dicits
1782 2173 1791 2209 t
1812 2155 1867 2214 θυι

227 2273 290 2316 nem
308 2256 397 2313 landis
418 2262 614 2328 proruperunt,
635 2249 757 2322 quando,
778 2257 808 2307 ut
823 2246 1022 2317 scriptumest,
1073 2245 1183 2318 spendit
1198 2255 1300 2302 terram
1321 2246 1349 2303 in
1365 2247 1453 2302 nihilo
1468 2246 1529 2317 (lob
1553 2264 1622 2314 extr.
1644 2249 1708 2321 il.»
1732 2247 1761 2304 ln
1775 2250 1865 2306 medlo

231 2370 242 2407 r
257 2358 334 2408 astra
354 2349 490 2406 matutina
514 2362 577 2404 eum
597 2344 789 2410 laudaverunt,
810 2349 839 2398 et
858 2353 956 2398 omnes
973 2338 1023 2394 lilii
1073 2354 1195 2411 namque
1209 2339 1312 2397 mundo
1332 2341 1475 2412 equaliter
1491 2349 1522 2398 ut
1537 2353 1661 2398 centrum
1676 2343 1703 2399 in
1718 2343 1822 2400 circulo
1833 2340 1866 2398 li-

228 2433 278 2498 het
301 2456 400 2513 magna
425 2453 493 2508 noce
517 2437 703 2510 jubilaverunt
727 2431 789 2505 (iob
816 2447 930 2498 tratur,
945 2428 984 2503 ¹1),
1009 2447 1019 2484 t
1073 2431 1179 2501 beatur,
1193 2432 1412 2503 ettaprrsolam
1433 2433 1608 2488 stabilitatem
1628 2450 1705 2489 anam
1721 2433 1863 2492 fundaturi

229 2533 277 2605 qui
294 2525 406 2603 propter
425 2517 617 2587 incessabilem
639 2525 746 2584 laudem
762 2524 902 2596 confessio,
914 2531 1024 2596 propter
1074 2521 1137 2579 Non
1148 2521 1358 2579 inclinabitarin
1369 2524 1498 2580 toecnltnn
1508 2526 1611 2593 erranti,
1624 2534 1654 2584 ut
1664 2525 1792 2583 deorsam
1805 2531 1865 2583 'eon

229 2622 473 2696 incomparabilem
501 2618 734 2691 pulchritudinem
765 2617 846 2671 decor
876 2615 1034 2671 nominatr-
1073 2624 1147 2685 ruat,
1161 2616 1226 2687 quia
1241 2616 1269 2671 iu
1285 2615 1420 2673 immobili
1435 2616 1565 2674 demittite
1584 2618 1673 2675 locata
1688 2619 1714 2675 in
1729 2628 1862 2675 :eternum

228 2724 284 2772 tur,
483 2763 487 2770 ,
684 2743 689 2754 =
1074 2717 1137 2766 stat.

263 2803 333 2862 Nota
347 2804 422 2878 quod
442 2792 609 2876 vigintiduo
632 2816 730 2858 sersus
753 2814 841 2873 usque
859 2799 894 2857 ad
908 2795 1023 2855 divisio·
1109 2799 1194 2858 leus.
1208 2801 1235 2857 6.
1251 2799 1369 2872 aliperao
1385 2803 1455 2857 sicat
1474 2802 1655 2857 restintentatn
1669 2804 1782 2859 amittat
1793 2817 1861 2874 epam

229 2909 292 2955 hem
307 2893 406 2970 psalmi
424 2909 472 2966 per
486 2892 603 2965 ligatam
623 2889 761 2964 parabolae
776 2887 969 2967 pulcherrimis
983 2887 1023 2943 al·
1074 2890 1171 2950 Omnis
1191 2907 1325 2965 aquarum
1354 2892 1433 2963 copia
1457 2893 1673 2964 circumquaque
1693 2893 1793 2950 diffusa
1814 2905 1863 2966 per

229 2986 384 3044 lusionibus
396 2983 583 3054 explicantur,
599 2995 662 3052 quae
673 2977 714 3048 iti,
733 2977 843 3049 quando
854 2992 898 3032 tes
912 2976 963 3031 Sibi
977 2985 1023 3047 ιι*
1074 2985 1162 3041 maria
1174 2995 1201 3040 et
1212 2984 1325 3040 flumina
1339 2994 1367 3040 et
1379 2992 1457 3039 antra
1469 2984 1577 3040 'occulta
1592 2984 1674 3040 simet
1684 2999 1739 3039 auo
1750 2985 1864 3040 nourine

230 3077 456 3137 neredissituiles
467 3085 674 3146 comparantur.
1036 3111 1058 3170 c
1074 3077 1184 3148 abyssus
1205 3088 1335 3145 socatur;
1354 3090 1416 3147 quae
1432 3077 1510 3147 qnasi
1533 3077 1712 3131 aestimentiam
1725 3084 1805 3132 term
1821 3085 1865 3133 cst

265 3168 349 3225 Vens.
363 3169 391 3223 2.
406 3168 529 3221 Amirtns
547 3165 647 3221 lorraine
667 3164 736 3219 sicat
754 3163 916 3218 vestimento.
936 3160 1022 3228 Quasi
1074 3172 1103 3227 1„
1125 3170 1254 3237 circuiri„
1282 3169 1458 3225 circumdans
1478 3183 1539 3224 eam
1561 3182 1665 3224 oceano
1688 3169 1767 3241 quasi
1788 3174 1864 3225 resse·

230 3262 329 3317 inmitte
352 3275 381 3317 se
406 3257 479 3315 Deus
503 3257 623 3325 aestivit,
647 3255 713 3311 tlttm
737 3254 831 3310 lumen
848 3254 882 3309 de
901 3252 1023 3309 tenebris
1074 3259 1153 3335 [dun.
1173 3259 1280 3333 tct‘bo]‚
1294 3261 1366 3317 sicut
1377 3275 1478 3330 corpus
1494 3269 1621 3317 nostrum
1638 3261 1760 3317 exieritis
1769 3273 1866 3347 ωυρμ

230 3353 419 3426 splendescere
432 3351 511 3407 dixit.
527 3349 604 3404 Dixit
619 3347 713 3404 enim:
741 3364 751 3400 r
767 3345 827 3403 Fiat
841 3347 898 3415 lus,
914 3355 938 3403 et
952 3346 1022 3403 sacta
1074 3353 1145 3408 ritur
1159 3352 1251 3422 pallio.
1267 3350 1352 3422 Super
1370 3362 1471 3407 montes
1489 3352 1596 3407 stabunt
1608 3367 1694 3423 aqna.
1710 3350 1769 3407 lloe
1781 3354 1815 3409 de
1826 3353 1866 3408 di-

229 3442 358 3518 estiden.
372 3460 392 3511 r,
404 3443 432 3509 b,
448 3442 488 3510 i).
509 3461 519 3495 r
536 3437 578 3496 hu
593 3439 719 3511 singulos
731 3451 828 3494 versus
845 3438 1022 3509 repetendam
1074 3443 1150 3499 lutio
1162 3443 1273 3511 dicitur,
1288 3441 1400 3514 quando
1416 3459 1495 3516 aquae
1506 3443 1656 3501 altissimos
1671 3452 1778 3500 montes
1789 3453 1865 3500 tran·

230 3544 291 3591 cst:
310 3533 499 3605 llaqnipratnt
518 3547 546 3586 er
568 3530 730 3585 veliementer
751 3525 903 3583 Extendens
927 3527 1022 3583 eretum
1075 3536 1252 3605 scenderunt,
1266 3550 1337 3608 quos
1360 3535 1517 3607 quindecim
1538 3537 1638 3595 cubitis
1650 3537 1733 3593 altius
1751 3541 1864 3608 operum

230 3627 299 3682 sicat
312 3624 417 3697 pellem,
433 3622 544 3695 quaudo
562 3622 653 3679 dixit:
672 3637 682 3672 r
705 3619 766 3676 Fiat
778 3617 992 3688 firmamentum,
1010 3637 1020 3671 r
1074 3637 1150 3687 mne,

232 3719 306 3791 quod
321 3737 331 3770 ί
349 3718 456 3774 *wil
478 3715 617 3773 ‘mum-l
644 3711 702 3771 ¹¹⁰0
715 3715 743 3770 ¹¹¹
761 3713 873 3769 ¹¹¹⁰d¹¹¹¹¹
889 3710 966 3783 deuii
982 3719 1026 3767 ⁶⁵¹
1110 3719 1194 3778 Vens.
1210 3722 1235 3777 7.
1259 3720 1299 3776 alh
1317 3720 1496 3792 increpatione
1518 3730 1564 3776 tna
1579 3720 1692 3793 [rapient.
1713 3719 1797 3777 iussa
1816 3717 1865 3777 bet

232 3826 316 3882 ⁸⁰90?
339 3818 441 3866 leriam
462 3817 622 3875 0¹¹0¹¹¹1¹¹¹¹t
644 3806 709 3879 quia
732 3804 805 3862 ⁸¹⁰¹st
827 3805 905 3876 ll⁰llis
931 3802 1024 3860 ⁰¹¹l¹¹l²
1075 3830 1155 3887 aquae
1169 3824 1266 3871 cuntes
1281 3822 1308 3870 et
1321 3813 1468 3869 redeuntes
1481 3828 1564 3884 super
1578 3807 1866 3869 iaciemterraedeier-

232 3902 356 3957 membra
367 3901 442 3972 tegit,
467 3901 504 3956 ita
525 3907 668 3956 creaturas
681 3897 744 3955 coeli
766 3896 887 3951 ambitus
906 3893 1025 3950 circum·
1074 3907 1205 3975 puerunt,
1217 3913 1244 3963 pq
1256 3907 1283 3962 t„
1298 3905 1441 3977 proprium
1456 3906 1564 3962 alveum
1576 3914 1758 3962 recesserunt,
1772 3904 1866 3960 Anna

232 3993 349 4048 amictus
362 3991 487 4059 induistis
503 3990 576 4046 ΗΜΘ
599 3990 682 4045 ⁰¹5²OE
699 3988 801 4046 (Ιῑθῑῑῦΐ
815 3994 895 4041 iili&
913 3993 1024 4057 θΡθΠθ·
1076 4001 1188 4056 tonitrui
1199 4001 1240 4054 tni
1249 3997 1441 4071 formidabant.
1454 3995 1570 4053 Toultru
1581 4005 1624 4053 est
1634 3996 1726 4069 tragon
1739 3997 1864 4053 unhionn

233 4084 315 4141 lium·
338 4081 441 4138 fficfflli
466 4082 579 4152 hildim
603 4079 677 4151 (1¹¹⁰d
702 4077 851 4135 ssoelumssll
870 4077 897 4130 ³¹¹
913 4074 1025 4132 modum
1075 4089 1156 4148 lenti
1181 4106 1301 4163 namque
1323 4089 1443 4147 nubibus
1461 4089 1559 4145 inclusi
1583 4104 1728 4160 erumpere
1748 4089 1866 4145 nitentes

234 4175 348 4245 bpltaerae
359 4173 519 4239 reitandum,
534 4179 565 4226 lli
579 4169 644 4225 alibi
664 4169 814 4226 scribilita:
831 4165 954 4226 curtavit
967 4179 1026 4223 θῶ·
1076 4197 1177 4258 magno
1189 4197 1331 4260 mpprmupe
1342 4191 1519 4253 00n0p0p2n14
1531 4181 1704 4239 sicuippgica
1725 4180 1865 4252 complana

232 4262 288 4318 lum
304 4271 333 4319 ut
345 4277 494 4319 camerama
1077 4281 1165 4329 sonat.
1181 4263 1234 4340 Qut
1250 4273 1370 4331 nubibus
1383 4274 1487 4331 collisis
1500 4275 1592 4345 ignem
1614 4273 1769 4339 excutiunt,
1782 4283 1865 4342 quem

268 4352 351 4410 l'ens.
367 4354 395 4410 3.-
421 4351 474 4420 Qut
500 4352 565 4422 teqis
589 4352 665 4422 aquis
687 4351 827 4421 repetiere
849 4349 918 4419 tt'ssb
942 4348 968 4405 ill
985 4351 1034 4405 ‘2⁵2'
1078 4359 1240 4433 fulguresse
1264 4362 1370 4431 dicunt,
1386 4365 1459 4420 sicut
1482 4364 1585 4436 lapides
1598 4364 1680 4420 simul
1699 4364 1754 4419 triti
1774 4363 1865 4436 ignem

233 4444 315 4502 eoeli:
340 4446 469 4518 superius
487 4453 530 4500 cst
552 4443 626 4499 enlm
652 4444 732 4514 aquia
755 4449 926 4513 coopertum.
954 4439 1023 4496 Nam
1039 4463 1063 4518 υ
1077 4453 1216 4509 emittunt.
1240 4454 1264 4507 h
1286 4469 1355 4511 noce
1376 4456 1598 4527 inmaniaque
1618 4454 1777 4523 formidant,
1799 4456 1867 4527 quia

234 4535 308 4594 beas
329 4537 423 4609 posuit
443 4537 510 4592 illud
535 4536 563 4590 in
588 4535 679 4590 ntcdin
703 4550 848 4605 aquarum,
875 4545 905 4592 ut
922 4535 1027 4591 diridet
1076 4543 1139 4615 post
1164 4543 1286 4600 tonitrua
1311 4545 1346 4601 de
1374 4546 1495 4602 nubibus
1510 4555 1652 4615 emanant,
1667 4555 1698 4601 ut
1716 4546 1866 4601 scribitur:

234 4644 320 4703 aquas
337 4629 373 4686 'ab
390 4630 480 4701 aquis.
498 4625 576 4685 linde
589 4627 710 4683 dicitors
731 4644 741 4681 t
757 4627 852 4700 Aqua,
868 4632 929 4703 que
943 4644 1026 4700 super
1079 4650 1089 4685 r
1108 4632 1216 4706 iulqurn
1232 4633 1259 4689 in
1271 4632 1392 4706 pluriam
1407 4634 1473 4691 ie'cit
1488 4634 1576 4708 (Psoi.
1590 4652 1701 4702 castrt,
1715 4634 1752 4707 7).
1770 4653 1779 4686 r

233 4715 402 4791 eoelossuut,
427 4722 540 4778 laudent
554 4737 654 4778 acmen
669 4717 778 4778 Domini
804 4719 892 4793 (Psoi.
913 4729 1024 4790 creant,
1111 4713 1194 4783 iens.
1206 4727 1233 4783 8.
1255 4728 1407 4785 decendunt
1423 4739 1532 4796 marana.
1546 4739 1571 4784 et
1596 4728 1756 4784 descendant
1778 4727 1867 4797 campi
1944 4786 1945 4796 p

234 4813 300 4886 l).'t
326 4810 396 4867 Suut
409 4823 499 4868 autem
525 4811 633 4868 nelrutae
655 4826 737 4884 super
759 4811 960 4868 llrmamentum
978 4826 1026 4867 stt·
1075 4817 1104 4872 in
1117 4816 1215 4887 locunt,
1229 4835 1306 4891 quem
1318 4819 1438 4891 fundasti
1452 4822 1501 4876 eir,
1523 4819 1726 4877 llecedcntihus
1746 4819 1825 4892 aquis
1837 4819 1867 4874 iu

235 4919 352 4976 spensa,
375 4914 405 4959 ut
424 4904 534 4977 igneum
557 4906 721 4962 clementum
745 4904 862 4961 inferius
882 4909 1024 4975 temperet.
1076 4906 1180 4964 diluuio
1195 4917 1305 4965 montes
1318 4909 1376 4976 alti,
1392 4917 1420 4965 et
1431 4909 1549 4966 humiles
1563 4910 1654 4982 campi
1667 4918 1867 4983 apparuerant.

235 4994 287 5064 Qni
301 4997 376 5067 ponis
388 4998 482 5051 nahem
497 5014 634 5053 ascensum
655 5010 740 5055 tunm.-
760 4995 849 5052 Nubes
869 5009 934 5053 sunt
947 5013 1026 5069 aquae
1076 5010 1107 5056 ut
1136 5000 1171 5057 ab
1196 5001 1275 5058 initio
1300 5000 1408 5058 lundati
1428 5011 1503 5070 sunt,
1521 5003 1570 5074 qui
1584 5005 1663 5076 prius
1677 5005 1759 5076 aquis
1777 5003 1868 5075 operti

235 5087 338 5146 inacte
353 5105 495 5161 suspensae
509 5091 658 5161 spiramine
676 5075 749 5147 aeris
762 5089 795 5146 dc
809 5090 879 5145 mari
894 5099 921 5145 ct
938 5088 1027 5146 dumi-
1076 5091 1196 5149 inerunt.
1219 5091 1304 5150 Terra
1337 5109 1447 5166 qnoque
1470 5096 1569 5169 abysso
1594 5097 1674 5168 quasi
1702 5097 1869 5153 vestimento

236 5180 318 5238 nibus
329 5181 461 5238 attractae
477 5179 527 5240 llic
550 5183 723 5239 incarnatum
742 5180 889 5238 Dominum
909 5182 1027 5254 alloqui·
1076 5186 1176 5241 amicta
1184 5193 1253 5252 erat,
1270 5184 1336 5242 dum
1356 5186 1464 5242 noviter
1479 5198 1572 5244 creata
1586 5196 1643 5244 tota
1660 5188 1711 5245 sub
1727 5187 1808 5259 aquis
1826 5186 1870 5243 ia·

237 5284 292 5344 tur,
310 5275 356 5346 qui
368 5274 463 5331 nabent
486 5293 623 5332 ascensam
636 5292 712 5331 artant
727 5277 826 5347 potnit,
847 5276 958 5348 quando
973 5289 1027 5332 coe·
1077 5278 1160 5346 tehat,
1173 5287 1202 5335 et
1213 5277 1334 5335 tenehrae
1348 5295 1431 5350 super
1445 5279 1542 5337 faciem
1562 5279 1654 5353 abyssi
1672 5291 1761 5336 erant.
1781 5278 1870 5353 snper

237 5366 279 5422 los
294 5369 427 5423 ascendit.
452 5363 572 5424 eleuatis
588 5367 662 5422 enim
688 5367 816 5425 matribus
836 5364 976 5424 terebatur
998 5366 1026 5423 in
1076 5380 1177 5425 mantea
1188 5373 1495 5444 aqnoesteteront,quia
1508 5388 1598 5445 usque
1611 5373 1647 5429 ad
1662 5372 1870 5430 llrmamentom

236 5458 347 5525 coelum,
368 5469 396 5516 et
413 5459 501 5516 nohm
523 5460 644 5529 suscepit
665 5475 728 5517 cum
750 5461 785 5517 ah
810 5461 898 5517 oculis
918 5473 1024 5516 eorum.
1077 5475 1268 5534 pervenerunt,
1300 5462 1374 5534 quod
1400 5462 1473 5518 inter
1503 5464 1609 5522 medias
1632 5480 1719 5536 aquas
1745 5464 1870 5537 positum

237 5548 423 5614 Quiamhniaa
439 5566 518 5620 saper
536 5567 635 5622 penum
650 5559 796 5610 uentorum.
812 5551 967 5610 Ventusest
981 5568 1028 5610 aer
1077 5551 1185 5625 legitur.
1198 5551 1265 5619 Quae
1279 5551 1311 5607 ab
1337 5555 1515 5626 increpatione
1535 5554 1584 5612 bei
1603 5555 1741 5630 ingerunt,
1756 5557 1872 5630 quando

237 5645 393 5692 commotus
409 5645 436 5693 et
448 5639 578 5708 agitatus,
601 5639 705 5697 scilieet
718 5641 790 5696 aeris
804 5639 914 5698 hrrctas.
926 5639 1028 5698 Penne
1077 5645 1105 5702 in
1119 5661 1206 5701 unum
1221 5644 1313 5704 locam
1326 5655 1500 5720 conmeantes
1514 5660 1590 5705 suot.
1612 5648 1646 5707 Et
1655 5650 1768 5722 quando
1781 5663 1871 5723 appa·

236 5723 311 5778 rond
326 5722 436 5783 inerunt
451 5727 581 5787 nnciam
599 5732 661 5803 elas
680 5740 759 5803 super
774 5733 945 5790 velocitatem
961 5747 1027 5790 ren·
1078 5736 1134 5793 ruit
1148 5736 1236 5805 arida,
1249 5746 1315 5794 tanc
1327 5747 1434 5796 montes
1456 5739 1649 5810 ascenderunt,
1669 5750 1696 5798 ot
1709 5740 1801 5812 campi
1821 5740 1871 5798 de-
