3892 6067
101 230 155 288 tlt
375 224 553 285 couublt‘t.
572 227 606 284 IN
623 227 792 289 usatites,
811 260 847 273 -
864 229 955 286 etus
975 227 1020 301 lii,
1040 227 1085 287 EX
1107 230 1269 292 ttbttbttto.
1293 231 1435 296 -Pssb
1456 235 1523 296 clv,
1681 243 1734 300 ili

101 343 152 399 raia
163 353 226 413 auu
238 337 332 396 audiri
350 356 365 397 a
379 339 460 398 Patre
473 357 546 406 meo.
561 353 626 400 nota
647 343 700 402 ieci
713 346 788 403 uobis
802 344 892 415 (doure.
907 350 933 405 'b
949 344 1139 401 Conuertitcor
1148 363 1250 415 coram,
1263 348 1289 403 itl
1302 359 1345 407 est
1358 353 1477 407 converti
1488 352 1612 424 permisit
1624 371 1672 412 cor
1689 366 1733 430 ty·

105 449 157 498 xv,
176 431 234 503 ¹⁵i·
248 430 327 486 Sicut
345 431 441 486 dilexit
456 448 499 487 me
521 431 614 502 Pater,
631 443 659 490 ct
674 450 725 506 ego
735 435 817 492 dilexi
843 451 893 493 uos
944 452 1105 504 sannorum,
1122 451 1151 494 ut
1161 442 1264 496 odirent
1276 445 1402 513 populum
1414 445 1471 515 ejus
1486 445 1691 519 Christianum,
1706 461 1736 508 et

102 522 196 596 (iiim,
221 523 272 592 9);
305 541 314 576 r
344 523 384 581 sic
399 533 428 579 et
447 538 496 580 ros
521 526 637 581 inuiocnt
667 527 780 599 diligite.
808 526 894 583 Senes
944 528 1107 601 affligerent,
1122 540 1148 586 et
1159 532 1250 588 doium
1265 536 1381 604 iacerent
1402 538 1522 594 baeretici
1535 549 1563 595 et
1575 541 1733 615 philosophi

100 617 177 687 eiua
195 615 300 672 scilicet
310 615 449 686 principes
463 617 639 674 sacerdotum
649 628 678 676 et
689 619 757 690 legis
767 619 894 676 doctores
945 619 971 673 iu
985 636 1071 676 seruos
1082 622 1150 692 ejus.
1166 622 1265 679 ituitos
1279 626 1351 681 euim
1370 626 1448 683 dolos
1460 637 1487 684 et
1507 630 1681 702 deceptiones
1694 632 1736 691 ie·

101 716 132 764 et
146 705 258 762 Scribas
268 705 364 761 docuit
384 706 558 777 prudentiam
577 708 672 765 dicans
687 727 695 764 r
713 726 723 762 r
744 708 830 765 Nemo
847 725 895 765 rc·
945 719 1043 764 cerunt
1057 710 1176 767 baeretici
1188 712 1215 766 in
1227 715 1340 770 sanetis.

102 799 146 854 nit
162 798 195 854 ad
212 812 267 862 mc,
284 797 337 852 nisi
352 795 434 853 Pater
460 800 574 855 traxerit
599 815 664 856 eum
678 799 769 873 (ioan.
783 816 819 868 ur,
835 801 892 872 tt).
979 798 1021 854 tte
1034 800 1152 856 litteram
1168 817 1351 860 recurramus.
1364 802 1414 860 liic
1431 806 1529 878 legatio
1546 808 1632 882 llopsi
1646 822 1674 868 ct
1686 813 1735 870 de·

103 887 164 960 Ego
178 897 205 944 et
215 887 297 943 Pater
309 902 394 943 unum
407 903 504 946 sumus
516 887 607 961 (loun.
622 906 651 954 x,
662 889 718 961 eo).
737 908 747 942 r
761 888 894 946 Litteram
944 906 1003 948 cem
1017 893 1103 964 plagae
1120 893 1286 963 referuntur,
1298 911 1359 967 quae
1369 896 1451 952 etiam
1464 898 1491 953 in
1504 899 1609 969 psalmo
1624 911 1735 972 septua-

103 987 273 1048 repctamus.
291 975 379 1034 Jacob
389 979 515 1045 audieus,
531 978 606 1049 quod
623 977 723 1049 ioscplr
743 980 856 1047 uiueret,
867 988 894 1036 et
944 982 1050 1054 gesimo
1064 993 1161 1040 octauo
1175 984 1330 1059 [septimo],
1342 987 1370 1043 id
1383 995 1427 1045 est
1442 1006 1450 1043 ε
1463 988 1610 1058 Attendite,
1627 1006 1735 1062 ponun-

103 1068 179 1138 quml
194 1067 294 1139 ipsein
309 1066 428 1139 AEgypto
443 1079 580 1141 regnaret,
945 1084 1000 1130 tur.
1017 1074 1070 1131 Sed
1090 1075 1126 1131 ibi
1145 1078 1197 1133 sub
1213 1077 1266 1132 alia
1278 1078 1487 1150 significatione,
1503 1080 1548 1137 iric
1559 1081 1610 1138 sub
1620 1082 1674 1137 alia
1686 1084 1734 1139 dc·

143 1155 225 1214 Vens.
239 1157 286 1213 ts.
303 1156 338 1211 m
351 1158 463 1215 intrauit
482 1158 570 1214 lsrael
589 1160 616 1215 in
629 1159 787 1232 AEpyptrrnr,
806 1170 831 1216 et
843 1160 894 1216 ‹iu-
945 1166 1085 1222 scribitur.
1101 1164 1242 1238 inquibus
1259 1184 1314 1223 non
1339 1180 1464 1226 serratur-
1477 1173 1545 1227 ordo
1563 1181 1646 1243 prout
1657 1182 1734 1244 gesta

104 1249 153 1304 coi
166 1248 258 1304 accole
270 1248 322 1318 fuit
343 1250 372 1303 in
393 1258 464 1304 terro
488 1248 583 1306 Cicrn.
607 1249 691 1305 tarot
704 1252 795 1308 dictus
806 1261 849 1308 est
877 1269 893 1308 a
944 1266 1018 1324 sunt,
1032 1258 1096 1328 quia
1106 1259 1149 1315 bic
1164 1260 1232 1315 liber
1245 1275 1299 1315 nou
1311 1263 1435 1333 sequitur
1445 1264 1568 1319 ordinem
1581 1249 1747 1335 gestorum,

105 1340 278 1410 parentibus,
309 1341 383 1410 quod
409 1341 511 1397 dicitur
537 1343 740 1413 supplantator,
761 1359 795 1400 eo
819 1344 893 1415 quod
944 1350 992 1406 scd
1003 1349 1209 1422 mysteriorum.
1227 1350 1289 1407 idco
1311 1354 1444 1424 quasdam
1465 1356 1592 1425 superius
1606 1357 1732 1421 nrutauit,

104 1446 222 1486 nascens
236 1430 356 1501 plantam
374 1432 451 1502 pedis
471 1431 543 1489 Esau
562 1448 644 1489 manu
663 1434 789 1490 tenuerit.
808 1433 894 1490 lsrael
944 1441 1076 1512 quasdam
1098 1442 1143 1499 hle
1163 1443 1249 1513 ponis,
1264 1460 1333 1515 quas
1347 1445 1383 1499 ibi
1402 1461 1454 1501 nou
1467 1448 1546 1513 elisit,
1566 1447 1671 1504 seilimt
1690 1460 1732 1504 tc·

104 1522 197 1577 dictus
207 1529 279 1578 esta
295 1521 415 1578 luctante
437 1523 546 1594 attgelo,
574 1524 648 1595 errori
676 1526 777 1581 dicitur
804 1527 894 1581 uideris
945 1531 1241 1604 ruebrasetscinlpbes.
1261 1532 1362 1594 Ulcera
1375 1552 1425 1592 nec
1440 1537 1494 1601 bic,
1517 1553 1568 1594 nec
1582 1539 1618 1595 ibi
1630 1540 1733 1609 posuit,

104 1611 203 1678 00000,
217 1626 252 1666 00
266 1612 340 1681 quod
356 1609 504 1667 0001ῑο001
524 1613 664 1686 01003010
683 1614 761 1671 uidit.
775 1615 826 1672 Cui
839 1615 894 1671 Dt-
944 1624 1009 1695 quia
1027 1625 1332 1684 similitudincstantum
1349 1630 1475 1689 intendit.
1491 1627 1612 1705 AEgpptii
1627 1634 1732 1689 amirc-

104 1703 199 1758 miuus
216 1713 310 1772 postca
325 1702 463 1772 apparuit,
478 1714 505 1759 et
528 1719 592 1759 curn
618 1703 705 1760 lsrael
727 1707 891 1773 accuravit,
909 1680 930 1736 B
945 1722 1010 1768 runt
1026 1712 1165 1781 llebmeos,
1177 1731 1204 1772 et
1217 1717 1288 1775 bens
1298 1720 1424 1774 liberarit
1437 1734 1495 1777 eos.

103 1794 168 1848 iseo
183 1793 327 1858 nimirum,
342 1792 417 1863 quod
432 1793 499 1848 olim
510 1792 656 1850 Dominum
671 1797 754 1852 scalas
769 1796 893 1852 intrixum
980 1799 1062 1859 Vens.
1076 1805 1121 1858 ab.
1135 1805 1208 1860 iiisit
1221 1806 1330 1878 Moysen
1342 1825 1444 1863 seruum
1454 1828 1543 1878 suunt,
1558 1813 1609 1868 sibi
1626 1814 1732 1880 utilem,

103 1874 187 1951 uidit,
200 1886 309 1956 quando
325 1886 437 1956 angelos
459 1887 637 1944 ascendentes
654 1898 682 1944 ct
696 1872 894 1946 descendentes
943 1895 978 1950 ad
991 1893 1173 1963 Pharaonem,
1189 1907 1217 1953 et
1232 1899 1322 1968 ipsum
1336 1901 1437 1969 Aaron,
1455 1919 1531 1973 quem
1548 1904 1636 1974 clepit,
1653 1903 1733 1961 idest

103 1976 259 2047 conspexit.
271 1975 406 2047 AEppptus
417 1976 519 2033 dieitur
533 1994 549 2033 a
565 1979 683 2050 quodam
696 1995 759 2052 rege
769 1981 893 2051 ejusdem
944 1988 1409 2061 magnaesarrctitatisrirum,qucm
1420 1994 1539 2048 ntusinrc
1550 1995 1656 2061 dilexit,
1668 2011 1732 2050 euna

103 2070 235 2125 nominis.
253 2066 316 2124 llaec
330 2069 414 2126 etium
429 2069 531 2126 dicitur
545 2078 616 2125 turra
627 2069 712 2126 Clrcrn
725 2086 741 2126 a
754 2071 811 2128 lilio
824 2071 892 2139 Noc,
943 2092 977 2132 eo
1001 2077 1087 2132 misit.
1110 2077 1139 2134 ln
1164 2077 1298 2137 llebraico
1309 2091 1337 2137 ct
1358 2098 1386 2137 tn
1406 2082 1500 2140 Grmeo
1513 2084 1612 2156 legitur
1627 2103 1634 2139 ι
1648 2084 1732 2151 Quem

103 2161 234 2232 quicum
268 2160 397 2230 primitus
418 2160 544 2216 incoluit.
571 2159 670 2216 Accola
696 2161 814 2230 dicitur,
845 2162 893 2234 qui
943 2168 996 2222 ribi
1006 2168 1093 2240 clepit,
1109 2184 1164 2226 non
1179 2171 1275 2241 ipsum.
1300 2171 1376 2230 Sicut
1386 2173 1463 2245 prius
1476 2173 1578 2247 loseph
1603 2176 1689 2243 misit,
1702 2185 1733 2233 ut

104 2249 217 2307 aliunde
230 2249 344 2306 verriens
361 2250 478 2307 alienant
499 2259 600 2306 terram
628 2251 703 2306 coiit.
732 2250 815 2307 lsrael
829 2267 892 2309 curn
944 2260 1104 2329 praesideret
1120 2262 1273 2330 cislocuru,
1291 2264 1327 2319 ita
1346 2280 1420 2322 nunc
1444 2265 1557 2338 ilop'seu
1584 2278 1612 2324 et
1639 2270 1733 2323 Aaron

104 2340 182 2394 omui
195 2338 334 2409 parentela
355 2350 383 2394 et
400 2340 562 2412 supellectili
577 2356 627 2396 sua
639 2338 787 2412 AEgyptum
807 2341 894 2397 iutra-
944 2351 1029 2416 misit,
1046 2353 1093 2423 qui
1107 2352 1170 2409 inde
1188 2355 1315 2411 educeret
1329 2372 1388 2412 eos.
1619 2411 1622 2418 ,

104 2431 154 2496 til,
166 2439 196 2485 el
207 2445 255 2484 tex
272 2428 417 2501 AEgyptius
431 2440 533 2485 tetram
553 2430 658 2487 Gessen
680 2432 793 2502 pascuis
810 2432 893 2488 uber·
979 2440 1063 2498 Vens.
1079 2443 1123 2498 Ξῖ.
1139 2443 1234 2500 Posuit
1247 2448 1275 2502 in
1294 2448 1332 2502 eie
1352 2448 1429 2503 reric
1451 2450 1587 2522 sipnoruur
1611 2467 1732 2517 suorum,

105 2526 205 2580 rimam
219 2540 303 2581 00030
320 2523 422 2596 loseph
443 2524 567 2589 eidedit,
583 2533 611 2581 el
630 2524 672 2582 sic
696 2524 780 2586 Jacob
801 2526 893 2581 accde
944 2532 970 2589 id
985 2535 1138 2590 estuantia
1153 2535 1272 2593 efficacia
1291 2553 1339 2609 per
1356 2540 1444 2611 signa.
1457 2539 1646 2612 Prodipiorunr
1665 2556 1732 2597 suo-

105 2617 159 2685 lttt‘i
172 2621 201 2671 in
214 2626 285 2670 terra
296 2614 392 2683 ctam,
413 2615 440 2670 ld
454 2623 498 2670 0⁵⁸
521 2615 550 2670 in
568 2613 696 2687 AEttylllo·
713 2614 838 2672 U0ll¹lll⁸
851 2624 894 2671 0οῑ
944 2639 1006 2680 rum
1018 2626 1046 2679 iu
1065 2633 1137 2681 terro
1151 2625 1246 2695 Citam,
1264 2628 1346 2685 idest
1360 2629 1387 2685 in
1402 2629 1530 2702 AEgypto.
1543 2630 1620 2688 Sicut
1639 2632 1731 2698 rerba,

106 2718 199 2765 autern
211 2706 307 2775 Jacob,
319 2719 347 2763 ct
361 2706 472 2778 loseph,
485 2717 512 2764 et
522 2722 621 2764 omues
631 2707 732 2764 iratres
742 2705 813 2777 ejus.
946 2732 1009 2786 quae
1019 2716 1167 2787 loquimur,
1183 2726 1248 2774 sunt
1263 2720 1341 2790 signa
1354 2735 1458 2788 rerum,
1477 2722 1512 2778 de
1525 2723 1627 2792 quibus
1640 2722 1733 2793 loqui·

143 2805 225 2861 teas.
238 2805 283 2860 bl.
296 2803 331 2858 m
347 2806 423 2860 aucit
438 2804 511 2861 [icus
524 2805 649 2875 populum
663 2821 741 2860 suum
757 2805 893 2860 redemen-
944 2821 1017 2872 ntur,
1032 2805 1069 2860 ita
1081 2807 1158 2877 sipnu
1175 2807 1225 2862 itio
1244 2817 1324 2863 erant
1341 2809 1423 2864 rerba
1445 2808 1601 2866 luttrrarum
1626 2828 1730 2867 rectum.

105 2910 156 2965 ter,
171 2900 198 2954 it
212 2907 255 2954 est
269 2898 343 2953 tilios
356 2897 577 2968 patriarcharum
600 2897 892 2968 multiplieausnirrris.
944 2894 1028 2970 Siqua
1052 2907 1141 2966 eram,
1166 2899 1240 2970 quod
1263 2902 1367 2973 virgam
1394 2902 1422 2956 iu
1443 2902 1608 2972 draconem,
1631 2919 1732 2976 aquam

105 2988 144 3044 Et
153 2988 272 3059 firmauit
283 3004 343 3043 eum
353 3002 432 3058 super
445 2987 567 3042 inimicos
581 2986 639 3057 ejus
658 2987 763 3045 uiribus
776 2997 807 3044 et
825 2988 928 3081 diri-C
944 2990 1078 3046 convertit
1089 2990 1117 3046 in
1133 2992 1312 3061 sanguinem
1339 2992 1463 3065 prodipiu
1481 3009 1557 3063 uero,
1570 2995 1643 3067 qrreul
1658 3004 1732 3052 terra

105 3081 164 3136 tiis.
181 3078 234 3136 sm
258 3088 351 3150 postea
368 3079 472 3149 magis,
491 3079 602 3151 quando
631 3079 658 3134 in
685 3094 769 3135 manu
790 3078 895 3149 potenti
945 3082 1037 3139 subito
1062 3097 1145 3138 ranas
1171 3080 1271 3151 edidit,
1292 3085 1334 3140 rel
1365 3085 1497 3142 horribile
1515 3085 1602 3144 clraos
1630 3096 1732 3144 terram

104 3172 244 3242 pcr'sigrra
256 3180 284 3226 et
300 3180 426 3241 portenta
437 3169 484 3226 bet
498 3169 563 3227 iacti
579 3179 644 3227 sunt
655 3170 794 3228 metuendi
804 3181 830 3227 et
841 3172 894 3227 lte·
944 3173 1062 3245 operuit.

104 3263 233 3319 nor-aurii.
980 3263 1063 3322 Vens.
1084 3264 1130 3321 ts.
1149 3264 1225 3322 ttirtt
1245 3268 1365 3325 tenebras
1387 3270 1415 3324 in
1430 3268 1732 3343 AEpyptum,etobscrt·

147 3355 228 3413 lens.
240 3355 286 3410 25.
300 3353 434 3411 conuertit
448 3370 603 3421 coecorum,
617 3366 646 3411 ut
656 3355 895 3427 odirentpopuluur
916 3387 920 3396 ·
945 3356 1149 3427 ruoitpopulos.
1165 3355 1229 3414 llaec
1239 3373 1310 3414 nona
1327 3359 1405 3429 plaga
1427 3358 1489 3426 luit,
1503 3375 1565 3430 quae
1579 3360 1624 3416 bic
1643 3360 1732 3431 prima

104 3448 175 3518 ejus.
188 3446 317 3519 Numquid
333 3454 509 3518 peccatorum
530 3446 603 3503 Deus
623 3457 728 3503 amator
743 3449 801 3504 esti
815 3447 895 3504 Nun·
944 3449 1066 3520 ponitur.
1086 3449 1138 3504 Sed
1153 3450 1203 3504 iste
1218 3465 1272 3505 non
1288 3452 1413 3521 sequitur
1429 3452 1553 3507 ordinem
1566 3466 1657 3508 rerum
1669 3467 1732 3509 cor·

104 3539 173 3610 quid
185 3539 321 3594 conuertit
331 3552 380 3594 cor
395 3539 538 3593 bominum
553 3538 587 3592 nd
600 3536 723 3594 iacienda
737 3539 828 3595 malai
840 3541 895 3597 Ab·
944 3542 1099 3613 puralium,
1121 3543 1170 3598 secl
1196 3543 1372 3615 spiritalium.
1398 3542 1437 3599 De
1463 3544 1632 3615 spiritulibus
1658 3544 1734 3600 cuim

105 3632 157 3686 siti
173 3629 225 3686 Sed
240 3631 298 3700 ipsa
308 3638 351 3685 est
361 3630 407 3684 illa
420 3629 554 3685 mirabilis
568 3627 616 3685 bel
627 3628 744 3698 bouitas,
758 3646 811 3701 urta
826 3631 895 3687 berto
944 3634 1084 3698 scribitur,
1101 3643 1127 3690 et
1141 3634 1222 3691 rerba
1235 3642 1339 3690 motum
1354 3636 1389 3690 de
1404 3635 1591 3706 corporalibus
1605 3635 1733 3692 similitu·

105 3723 196 3778 utitur
207 3722 290 3777 aiam
303 3721 420 3777 etmalis
435 3721 477 3776 uel
488 3719 894 3792 augelisrelbonrinibus.Cum
944 3725 1056 3782 dinibus
1071 3727 1165 3781 surrrit.
1186 3725 1275 3781 Factae
1293 3735 1358 3781 sunt
1381 3727 1482 3798 quippo
1498 3728 1527 3783 in
1546 3726 1664 3800 AEgypto
1682 3742 1734 3797 per

104 3816 181 3872 enim
194 3815 246 3885 ipsi
260 3813 328 3869 uitio
355 3827 407 3869 suo
426 3813 491 3882 mali
514 3813 579 3877 sint.
602 3811 648 3866 ille
661 3812 695 3867 dc
707 3813 780 3868 malo
797 3828 894 3869 eorum
945 3827 1002 3875 tres
1016 3817 1074 3872 dies
1088 3817 1207 3872 tenebrae
1229 3826 1285 3872 tam
1307 3814 1410 3882 densa,
1433 3827 1464 3873 ut
1484 3818 1590 3889 palpari
1606 3828 1731 3891 possent.

103 3906 264 3964 benefacit.
275 3905 378 3962 invidia
392 3905 539 3962 estodium
552 3903 692 3960 felicitatis
706 3906 811 3962 aliene.
824 3905 894 3962 Cum
945 3907 997 3965 libi
1015 3918 1106 3965 autem
1119 3908 1166 3963 biii
1179 3907 1264 3964 lsrael
1277 3916 1366 3975 erant,
1391 3908 1439 3964 lux
1463 3919 1533 3977 erat,
1549 3919 1576 3967 et
1598 3912 1652 3968 hoc
1670 3925 1732 3967 ma·

103 3999 229 4072 Egyptii
243 3998 365 4056 llebraeis
377 3998 540 4064 inviderent,
552 3997 626 4066 quod
647 3995 789 4054 diuitiiset
807 3998 894 4070 gloria
945 4016 1028 4073 girum
1042 3999 1194 4072 prodigium
1211 3999 1272 4055 iuit.
1286 3998 1321 4052 Et
1339 4015 1390 4054 uon
1412 4000 1577 4056 ccueericuit
1599 4014 1732 4058 semones

102 4089 337 4157 dementibus
360 4090 439 4161 quasi
459 4105 514 4157 cor,
530 4088 720 4161 AEgyptiorum
739 4088 773 4145 ad
800 4089 894 4145 odium
944 4107 1007 4147 saror
1020 4091 1075 4146 illis
1096 4089 1204 4146 darobus
1218 4090 1305 4162 lioysi
1324 4101 1351 4146 et
1370 4090 1461 4146 Aaron
1476 4111 1484 4147 :
1500 4108 1563 4147 nam
1579 4092 1616 4148 ita
1629 4091 1732 4157 evenit,

102 4184 243 4250 renuerit,
254 4184 320 4239 dum
330 4181 505 4238 Hebraeorum
521 4180 635 4252 gloriam
648 4188 676 4236 ct
684 4180 793 4236 diuitias
807 4180 893 4237 auxit.
944 4189 976 4236 ut
987 4178 1121 4251 predixit.
1135 4177 1184 4234 Vel
1202 4196 1254 4233 non
1274 4179 1440 4235 eauceriauit
1463 4179 1584 4237 Hebraeis
1600 4196 1733 4236 ammones

3 4259 4 4268 ἵ
103 4276 142 4332 Et
155 4275 247 4331 dolam
259 4275 375 4346 facerent
385 4275 412 4329 in
423 4289 509 4329 seruos
524 4273 592 4340 eius,
606 4272 632 4328 irl
644 4280 687 4329 est
700 4270 836 4330 iaciebant
847 4287 894 4329 eos
944 4289 1018 4340 suos,
1032 4272 1058 4326 id
1070 4279 1111 4327 est
1124 4287 1177 4326 non
1190 4285 1286 4341 aspere
1297 4269 1406 4326 locatus
1420 4279 1461 4327 cst
1471 4271 1521 4336 eis,
1536 4271 1661 4342 quantula
1679 4269 1731 4341 ipsi

102 4368 216 4440 operari
231 4368 371 4424 subdolo.
386 4365 454 4421 Nam
471 4366 598 4421 dicebant
611 4367 709 4423 lateres
720 4381 782 4422 csso
799 4382 894 4423 ueces-
910 4351 932 4406 Ῑ)
946 4361 1135 4419 incredulitate
1149 4376 1198 4418 sua
1220 4360 1416 4417 exacerbarent
1431 4375 1504 4416 eum.
1520 4359 1589 4417 Nam
1604 4360 1631 4416 in
1646 4361 1732 4434 AEpy·

102 4463 195 4517 sarios
210 4461 245 4516 ad
263 4460 471 4516 instructionem
494 4459 580 4530 regni,
599 4467 626 4513 et
650 4458 727 4513 dolus
749 4469 817 4527 erat,
830 4460 894 4529 quia
944 4465 992 4526 pto
1005 4454 1085 4525 positi
1098 4453 1229 4532 inereduli
1249 4457 1359 4510 iucrrtnt
1376 4463 1404 4510 et
1418 4452 1509 4510 uerbis
1522 4464 1550 4510 et
1561 4454 1647 4526 signis
1658 4456 1729 4527 eius.

102 4555 158 4609 boc
169 4552 232 4608 ideo
248 4551 395 4618 iaciebant,
412 4559 443 4605 nt
459 4565 507 4606 eos
523 4550 681 4621 affligerent.
701 4549 820 4609 lniantes
837 4570 895 4609 ma·
981 4544 1063 4600 VERS-
1078 4544 1125 4600 29·
1140 4544 1274 4601 Coracertit
1289 4561 1484 4617 001000000οιοι
1496 4544 1686 4617 AEpyptinrurn
1702 4548 1731 4602 5⁷⁸

102 4644 199 4699 scrrlcs
214 4643 242 4696 in
255 4641 366 4696 llumiue
378 4640 523 4706 occultant,
536 4647 563 4694 ct
577 4638 692 4694 leoninas
707 4642 892 4698 reservabant.
944 4639 1109 4708 sanquinem,
1119 4637 1182 4708 quia
1195 4638 1245 4707 ipsi
1258 4634 1544 4693 occirieruntiuiantes
1553 4635 1730 4693 llebraeoruut

100 4732 477 4807 Allcgoriamrcspieiamus.
868 4771 871 4777 .
945 4729 1065 4800 inaqua.
1088 4727 1124 4782 Et
1139 4729 1234 4783 occidit
1258 4729 1342 4799 pisces
1364 4743 1455 4781 eorum
1477 4728 1505 4783 in
1528 4728 1650 4785 tiumine.
1667 4726 1730 4786 llaec

139 4827 273 4885 comeus
296 4839 377 4882 senes
400 4821 574 4893 prudentiam
600 4822 714 4890 docuit,
736 4831 761 4877 et
784 4824 894 4880 intrauit
944 4822 1025 4892 plaga
1039 4819 1089 4876 iuit
1103 4820 1201 4890 prima.

102 4918 193 4975 Israel
208 4919 237 4973 in
253 4915 412 4987 AEppotum
428 4914 454 4971 id
472 4921 516 4970 est
535 4921 627 4968 utente
647 4912 743 4969 videns
756 4912 841 4968 Deum
865 4914 894 4969 in
983 4911 1066 4967 vers.
1080 4909 1125 4967 50.
1153 4909 1187 4966 m
1206 4918 1279 4964 terre
1290 4924 1390 4977 eorum,
1401 4924 1463 4981 que
1472 4910 1549 4979 prius
1559 4910 1656 4967 edebat
1668 4909 1728 4968 iru-

101 5011 312 5068 tribulatiouem
323 5007 476 5074 descendit,
491 5004 534 5061 rel
555 5006 582 5060 in
595 5005 720 5060 tenebras
738 5005 820 5076 liujus
833 5005 896 5062 ritae
944 5010 1079 5067 mentum,
1092 5001 1177 5055 edidit
1191 5000 1275 5058 modo
1288 5017 1369 5055 ruucs
1384 5015 1440 5056 noa
1462 5002 1553 5057 solum
1571 5001 1600 5056 ia
1613 5001 1729 5072 tuguriis

99 5113 198 5162 tuente
221 5102 341 5169 intrarit,
363 5110 392 5157 et
413 5097 597 5157 considerauit
613 5096 680 5151 nibil
699 5110 771 5162 esso,
788 5106 816 5153 et
833 5096 894 5153 ideo
944 5108 1107 5166 pauperum,
1118 5092 1166 5147 sed
1177 5091 1260 5148 etiam
1279 5091 1306 5146 iu
1321 5091 1511 5163 penetralibus,
1522 5091 1601 5148 irlest
1615 5089 1643 5144 iu
1655 5090 1730 5146 crrlri⁴

101 5192 202 5261 Jacob,
217 5196 244 5250 irl
266 5203 310 5251 est
324 5194 431 5250 luctans
444 5190 535 5247 accola
550 5189 602 5259 fuit
619 5190 648 5244 in
667 5198 738 5244 terra
754 5188 848 5255 Cium,
867 5188 894 5243 itl
944 5184 1014 5240 culis
1024 5197 1115 5253 repam
1130 5183 1259 5252 ipsorum,
1275 5182 1301 5237 iri
1315 5190 1358 5238 cst
1367 5181 1534 5252 principum.
1551 5177 1668 5248 Quidam
1682 5190 1729 5233 eo·

101 5286 188 5344 estin
198 5284 483 5344 emercarentur
494 5283 579 5340 Cium
589 5281 782 5351 interpretatur
792 5282 892 5353 [arens.
944 5277 1020 5331 dices
1038 5275 1139 5330 babeat
1154 5291 1161 5329 ε
1174 5272 1268 5328 Edidit
1279 5283 1349 5328 terra
1360 5288 1452 5327 eorum
1463 5286 1554 5326 ranas.
1570 5268 1601 5325 la
1616 5266 1730 5325 liebraeo

101 5378 232 5435 ttamen
253 5380 379 5450 muium
396 5394 474 5434 suum
497 5376 658 5432 uehementer
680 5374 708 5428 in
729 5387 853 5438 numero,
867 5381 892 5426 et
944 5367 1061 5423 liabetur
1077 5384 1085 5422 ε
1101 5364 1228 5421 ututttutr
1245 5376 1415 5419 retrusorum
1427 5379 1518 5417 runos.

97 5470 225 5544 fumauit
236 5486 295 5525 eum
308 5470 474 5536 constantia,
489 5466 659 5533 tortitudine,
680 5463 795 5520 scientia
815 5477 894 5531 super
979 5456 1269 5524 increbuissent
1289 5462 1333 5511 est
1353 5453 1448 5519 voluit,
1466 5463 1492 5509 et
1514 5453 1583 5522 uenit
1601 5451 1728 5517 cinomia,

98 5561 305 5632 inimirosejus.
317 5559 395 5616 Licet
406 5557 477 5616 Nero
493 5557 615 5623 Petrum,
632 5554 730 5611 Decius
748 5553 893 5609 occidisset
944 5550 970 5606 id
983 5549 1132 5606 estcanina
1146 5563 1251 5612 musea,
1267 5546 1345 5602 cinos
1365 5545 1438 5600 enim
1462 5543 1564 5602 dieitur
1583 5543 1672 5612 canis,
1685 5543 1728 5601 rel

98 5653 297 5719 Laurentium,
319 5663 408 5708 tamen
424 5661 539 5722 uterque
554 5649 659 5707 firmior
680 5646 731 5703 luit
757 5645 890 5702 occisore.
949 5640 1116 5709 coenomyia,
1133 5638 1159 5694 ld
1172 5647 1213 5695 est
1225 5638 1381 5694 omnimoda
1396 5651 1500 5693 musea.
1515 5634 1549 5690 Et
1561 5635 1635 5692 uenit
1647 5635 1735 5716 urini-¹
