3892 6067
194 273 264 332 tttt

673 257 822 321 dtluttohl
840 258 1034 315 romeosttt
1055 255 1328 314 uerendusrttuc.
1358 275 1360 279 ’

1755 241 1827 304 iifl

195 389 378 464 indigentinus
392 399 518 455 magnam
539 381 669 453 injuriam
693 378 808 445 iaciunt,
820 372 985 432 destruendo
1000 385 1022 441 Α
1036 374 1144 428 noviter
1155 371 1297 443 acquisitis
1308 366 1469 425 canonicam
1487 341 1695 435 dispositionem
1712 378 1818 434 quarta

194 485 224 539 ln
238 477 444 553 baptismalibus
458 472 582 529 ecclesiis
597 480 688 543 portas
715 468 850 536 iontinm;
876 481 937 538 que
949 465 984 520 de

195 571 430 630 unodeeimarum
450 564 602 636 quadrante
622 576 729 632 semper
751 560 880 615 deber-eut
891 565 984 627 patere

97 647 99 652 Δ
194 667 223 721 iu
242 661 417 719 reiectionem
429 671 591 730 pauperum.

229 753 363 825 Oquanto
374 751 475 806 rectius
489 755 610 819 agerent,
620 746 643 801 si
656 751 864 813 supranotatum
875 741 985 796 Patrem

195 849 247 903 rite
266 842 409 907 imitando,
425 840 508 895 etiam
534 838 666 892 laicorum
683 833 837 888 oblationes
856 833 984 895 vitarent,

196 938 244 1009 qai
259 944 353 994 contra
367 934 419 1000 ias,
432 929 583 999 contraius
594 928 714 983 decimos
725 922 881 990 retinentes,
896 940 984 995 quan-

197 1031 243 1086 diu
257 1028 422 1084 oblationem
437 1038 516 1080 suant
529 1019 657 1076 aurierunt
670 1018 771 1072 trustra
789 1031 855 1071 suas
868 1016 986 1070 oblatio·

198 1138 247 1177 nes
259 1118 393 1191 religiosis
419 1115 548 1171 oderunt.
573 1110 643 1165 hum
657 1109 729 1165 enim
742 1118 863 1163 sauctarn
879 1106 987 1178 reiigio-

198 1228 259 1268 uem
278 1211 431 1274 destruunt,
449 1206 484 1261 de
495 1218 548 1274 qna
561 1203 759 1271 scriptumest:
774 1196 874 1266 Religio
889 1196 988 1249 ututtdo

197 1313 221 1357 et
236 1299 407 1357 imittucrrlotn
419 1296 490 1366 apud
503 1295 585 1348 Deum
597 1301 620 1346 el
633 1289 740 1344 Putrem
753 1288 807 1343 hoec
818 1296 866 1353 eat,
882 1287 989 1342 visitare

199 1396 313 1467 pupillos
328 1402 351 1446 el
366 1392 458 1445 uiduus
471 1390 497 1443 in
516 1386 685 1442 tribulatione
700 1400 801 1447 cornu,
821 1392 845 1436 et
858 1382 989 1435 irnmnctt·

200 1491 326 1543 iaturnse
350 1482 481 1537 crtarodhe
510 1479 542 1532 nl
577 1479 623 1531 hoe
657 1475 753 1531 amenio
782 1472 854 1543 (luc.
878 1488 897 1536 t,
917 1471 985 1540 di);

200 1582 277 1649 dum,
297 1580 422 1648 inquam,
437 1574 516 1628 talem
534 1571 692 1642 religionem
713 1567 869 1631 destruunt,
883 1579 915 1618 ac
941 1578 988 1633 per

202 1679 253 1729 hoe
268 1671 413 1728 anathema
425 1663 584 1720 llarauatlra
611 1662 766 1729 incurrunt,
784 1654 933 1712 carendum
949 1663 991 1708 est

1034 480 1095 519 rum
1108 465 1220 520 minime
1230 463 1373 535 proretrire
1385 479 1392 527 ;
1406 459 1453 516 scd
1467 461 1609 528 episcopos
1628 457 1751 514 locorum
1765 468 1827 515 tan·

1035 555 1176 609 tummodo
1193 552 1358 608 distribuere
1387 559 1511 621 quartam
1545 548 1721 619 antiquorum
1735 551 1827 607 reddi·

1035 656 1123 713 tuum,
1133 660 1205 700 nunc
1216 641 1401 714 ueroquaesita
1415 640 1472 696 suis
1483 639 1580 694 usibus
1592 638 1826 706 retinereouaut-
1922 697 1923 714 ,

1035 741 1128 794 obrem
1153 751 1275 808 prauam,
1295 733 1587 802 subintroductamque
1601 733 1827 787 cousuetudinem

1035 828 1193 885 fraternitas
1218 836 1264 882 tua
1281 826 1409 880 vivaciter·
1424 824 1571 879 emendare
1592 821 1711 889 festinet,
1726 830 1756 879 ut
1769 823 1829 880 siro

1035 921 1068 974 de
1079 920 1223 990 praeteritis
1237 917 1398 980 redditibus.
1410 915 1468 971 sire
1480 916 1513 969 tie
1525 915 1568 969 his
1590 914 1636 985 qui
1660 915 1766 970 nouiter
1777 915 1831 972 ob-

1036 1019 1167 1066 venerunt
1185 1009 1227 1064 rel
1238 1007 1394 1074 obvenient,
1405 1021 1510 1078 quarta
1528 1006 1679 1062 secundum
1695 1006 1831 1063 distribu-

1037 1105 1138 1158 tionem
1155 1102 1316 1157 canonicam
1328 1101 1530 1170 dispensentur.
1545 1097 1728 1171 incongruum
1752 1113 1833 1154 nam-

1038 1209 1091 1263 que
1115 1203 1157 1249 est
1185 1208 1267 1248 uuam
1290 1192 1470 1262 eamdemque
1492 1189 1622 1247 Ecclesia
1649 1191 1833 1247 substantiam

1038 1286 1140 1355 duplici
1162 1285 1366 1357 quodammodo
1387 1282 1504 1349 censeri,
1522 1283 1548 1338 id
1573 1292 1624 1342 est.
1643 1283 1835 1354 usurpationis

1039 1389 1066 1431 ct
1080 1383 1226 1433 canonum.
1244 1396 1253 1428 r

1074 1470 1192 1532 Auditis,
1204 1483 1224 1522 o
1243 1467 1381 1531 monachi,
1398 1466 1536 1536 quomodo
1560 1465 1656 1522 beatus
1682 1465 1834 1538 Gregorius

1040 1560 1209 1617 exsecrando
1236 1573 1322 1613 noras
1350 1558 1552 1627 usurpationes,
1565 1566 1593 1612 et
1613 1559 1835 1614 commendando

1042 1668 1136 1709 sacros
1163 1665 1294 1714 cananea,
1310 1664 1421 1720 prauam
1449 1649 1675 1704 connsuetudinem
1703 1651 1836 1706 riraeitcr

203 1763 344 1819 ruorraclris
357 1771 384 1814 et
398 1758 527 1812 omuibus
539 1751 674 1822 religiosis
686 1792 693 1818 ,
706 1765 739 1803 ue.
756 1748 806 1802 hoc
819 1747 991 1801 anathemate
1008 1757 1027 1810 Β
1041 1744 1178 1800 emendari
1191 1742 1322 1812 praecipit,
1337 1757 1418 1810 quarn
1432 1742 1519 1796 sacris
1529 1741 1681 1798 canonibus
1691 1742 1837 1799 aduersari

203 1856 345 1918 laedantur,
366 1850 477 1920 quando
490 1860 597 1917 percos
619 1856 770 1913 pauperum
790 1839 952 1909 spoliatores
962 1838 990 1891 iu

202 1961 252 2001 sua
266 1943 409 2011 iniquitute
431 1937 630 1994 confortantur.
653 1932 775 1999 Quorum
804 1930 826 1984 si
843 1928 935 1983 tandiu
950 1927 991 1982 ri·

1042 1833 1238 1906 deprehendit*

1078 1927 1107 1981 Si
1123 1941 1187 1998 crgo
1199 1939 1248 1980 nec
1264 1939 1347 1978 noras
1358 1922 1554 1999 acquisitiones
1576 1923 1660 1995 hujus
1681 1924 1749 1980 lanu
1765 1938 1837 1995 pou·

202 2043 291 2091 tarent
301 2032 477 2094 oblationem,
491 2028 576 2084 donee
593 2025 643 2096 ipsi
655 2025 781 2095 primitus
793 2020 847 2075 lieo
863 2032 993 2090 recogno·
1044 2019 1125 2073 tilleis
1136 2015 1286 2072 auctoritas
1314 2015 1447 2085 permittit
1461 2015 1598 2085 episcopis
1621 2016 1701 2072 aliter
1723 2016 1837 2085 dispeu-

202 2133 310 2182 seereut
325 2122 491 2177 ohlatinuem
506 2132 596 2184 seram,
608 2126 673 2186 puto
683 2115 814 2186 quoniam
828 2121 855 2166 et
869 2125 916 2165 eos
932 2111 992 2164 lau·
1045 2125 1115 2176 sare,
1130 2123 1211 2179 quarn
1227 2115 1358 2161 statutum
1375 2119 1416 2161 est
1431 2107 1580 2162 reserenda
1605 2121 1742 2163 canonum
1771 2122 1837 2162 aaa·

203 2219 399 2272 daretsauetus
410 2211 570 2281 Gregorius,
580 2224 635 2264 uon
647 2208 703 2277 jam
715 2206 827 2276 loquens
839 2204 866 2256 in
876 2202 993 2272 dialogo,
1047 2202 1148 2267 ctione,
1164 2218 1249 2272 quare
1264 2204 1304 2257 rel
1316 2202 1436 2273 episcopi
1451 2217 1498 2256 cas
1516 2201 1606 2257 taliter
1619 2200 1751 2256 tradendo
1766 2214 1838 2271 praa·

205 2307 253 2362 sed
267 2320 329 2361 euru
342 2302 392 2357 Ghr
400 2304 452 2357 isto
461 2314 579 2370 regnans
589 2298 617 2352 in
628 2296 707 2352 coelu.
1048 2295 1181 2347 sumunt?
1196 2293 1238 2347 rel
1255 2293 1380 2348 monachi
1397 2308 1444 2349 eas
1460 2309 1474 2347 a
1489 2293 1660 2350 tradentibus
1685 2293 1838 2365 accipiunt,

241 2398 313 2453 idem
341 2405 430 2450 tamen
454 2391 578 2449 scribens
589 2386 623 2442 ad
647 2385 830 2456 dugrrstiuunr
847 2383 996 2455 bogiorum
1048 2384 1212 2440 allirrnautes
1225 2385 1295 2440 hanc
1307 2400 1368 2439 csse
1379 2384 1526 2455 legitimam
1555 2383 1740 2451 traditionem,
1753 2400 1837 2455 quatu

205 2489 443 2561 arehiepiscopum
466 2484 533 2539 satis
555 2482 676 2537 insinuat
700 2478 772 2548 quod
786 2477 829 2532 lex
841 2477 892 2532 ista
912 2476 998 2540 eecle-
1049 2476 1144 2530 beatus
1155 2475 1315 2548 Gregorius,
1330 2483 1362 2531 ut
1376 2476 1476 2531 lectum
1499 2486 1550 2542 est,
1563 2476 1682 2546 appellat
1699 2495 1708 2529 ι
1721 2491 1838 2546 usurpa-

207 2581 332 2638 siastieas
356 2578 543 2649 possessiones
574 2570 720 2642 quartandi
752 2584 807 2624 nou
843 2575 884 2622 cst
898 2567 996 2637 posita,
1050 2568 1202 2633 tionem,et
1227 2582 1349 2637 prauam,
1375 2568 1667 2636 subintroductamque
1690 2577 1838 2624 consuctu-

208 2674 261 2729 nisi
278 2682 389 2744 propter
403 2680 620 2739 transgressores
631 2663 788 2735 apostolieae
801 2661 872 2726 ritae,
885 2659 999 2716 elericos
1049 2659 1183 2714 diuem‘lr
1205 2657 1233 2713 Si
1248 2670 1301 2713 ram
1319 2659 1399 2730 plana
1426 2668 1498 2716 esset
1523 2676 1538 2715 a
1564 2660 1682 2730 septimo
1706 2659 1838 2733 Gregorio

208 2767 313 2822 seilicet
334 2762 489 2820 sarritur-es.
515 2757 584 2814 Nam
612 2755 751 2812 eonrmnni
767 2751 822 2806 rita
847 2749 1001 2805 uirentibus
1051 2752 1184 2806 sententia
1200 2752 1342 2807 monachis
1359 2752 1422 2806 data
1436 2752 1470 2807 ad
1496 2752 1689 2822 parochiarum
1704 2753 1839 2824 recipien-

210 2856 285 2912 nulla
299 2856 341 2910 lex
357 2853 445 2924 posita
466 2860 518 2915 cst,
545 2848 598 2903 uisi
611 2854 641 2900 ⁰2
656 2859 750 2908 omne,
764 2842 837 2913 ‹11¹0d
864 2830 999 2911 supervit.
1052 2845 1102 2899 das
1114 2845 1244 2906 decimas,
1261 2860 1344 2915 quarn
1358 2844 1439 2914 plana
1449 2853 1477 2899 et
1488 2846 1567 2917 plena
1582 2856 1624 2901 est
1637 2847 1716 2917 primi
1735 2845 1839 2916 Grego-

211 2946 378 3019 pauperibus
404 2952 431 2999 et
454 2939 641 3011 indigentibus
667 2936 814 2992 tribuatur.
840 2931 915 2987 Unde
938 2947 1001 2987 curn
1053 2937 1085 2992 rii
1099 2937 1179 2991 talem
1198 2937 1402 3007 usurpationem
1422 2937 1568 3006 prohibens
1593 2938 1749 3003 auctoritas,
1769 2948 1841 3008 puto

210 3038 323 3109 praelato
344 3031 499 3105 Augustino
517 3030 667 3099 bogiorum
687 3024 895 3095 archiepiscopo
916 3022 1000 3093 legem
1054 3038 1146 3083 aarum
1171 3029 1235 3098 quia
1260 3036 1334 3084 reeta
1357 3027 1447 3098 partor
1471 3036 1499 3083 er
1526 3028 1663 3098 aqrrqqtor
1689 3028 1840 3084 guegonus

210 3138 320 3201 propter
334 3136 551 3197 transgressores
562 3119 678 3189 positam
705 3117 799 3171 beatus
815 3115 859 3169 ilie
882 3127 1003 3169 comme·
1016 3097 1038 3156 (ἶ
1053 3130 1267 3191 praeponeretuu
1283 3121 1306 3175 si
1321 3118 1468 3191 Gregorius
1483 3118 1626 3191 Gregorio,
1640 3120 1730 3175 minor
1741 3121 1838 3191 majori

211 3231 359 3288 morasset;
383 3233 416 3273 ne
431 3213 616 3272 communiter
638 3210 792 3266 virentibus
804 3216 946 3278 putaretur
957 3221 1004 3260 ea·
1054 3212 1254 3267 adversaretur.
1272 3209 1324 3264 Sed
1334 3210 1406 3265 absit
1422 3219 1450 3265 ut
1464 3210 1541 3266 lroca
1561 3211 1641 3266 nobis
1652 3211 1797 3278 moratur,
1812 3222 1841 3267 ut

212 3317 273 3370 rlem
286 3313 326 3370 lert
344 3313 408 3368 data
422 3324 482 3379 quat
495 3316 605 3379 propter
620 3314 837 3374 transgressores
846 3309 888 3355 est
902 3298 1002 3371 posita,
1054 3302 1126 3356 inter
1137 3301 1264 3355 ultimum
1280 3309 1307 3355 et
1325 3301 1444 3371 primunr
1460 3299 1621 3371 Gregorium
1645 3303 1680 3358 de
1704 3305 1841 3360 constita-

212 3410 250 3463 ait
263 3426 269 3461 r
282 3425 292 3459 t
304 3403 449 3461 Communi
458 3412 550 3456 autem
563 3400 616 3452 rita
625 3395 778 3450 uirentibus
790 3393 846 3463 jam
857 3392 890 3447 de
903 3390 1005 3446 iacien-
1055 3393 1127 3447 tione
1137 3391 1305 3448 deeimarum
1317 3392 1503 3458 dissentiatur,
1516 3392 1662 3450 cumsicut
1674 3395 1791 3464 primns,
1806 3396 1842 3451 ita

212 3499 255 3554 dis
271 3473 444 3569 portionibus
463 3491 506 3544 tel
525 3489 558 3543 ad
576 3486 757 3543 exhibendam
779 3482 1003 3554 hospitalitatem,
1054 3495 1080 3538 et
1091 3482 1204 3538 ultimus
1214 3496 1350 3538 canonum
1366 3484 1513 3538 constituta
1527 3485 1639 3538 etiaura
1654 3487 1800 3543 monacbis
1814 3488 1842 3541 ia

213 3590 299 3647 relad
320 3586 486 3658 implendam
513 3581 743 3648 misericordiam,
768 3578 834 3650 quid
862 3578 1006 3633 nobiserit
1055 3574 1106 3630 hac
1119 3574 1257 3630 subtantia
1268 3575 1370 3631 serrari
1380 3574 1639 3647 praecipianrirque
1652 3578 1705 3634 iilis
1719 3578 1843 3636 decimas

213 3674 392 3753 loquendum,
415 3676 466 3731 uisi
490 3689 582 3740 omne,
606 3672 680 3743 quod
698 3678 833 3741 superest,
858 3670 886 3723 iu
914 3668 1005 3723 causis
1055 3665 1180 3735 proprias
1193 3680 1255 3720 curn
1280 3665 1470 3736 episcoporum
1501 3666 1610 3723 licentia
1635 3669 1757 3726 detioere
1783 3684 1842 3742 per·

213 3772 266 3844 piis
282 3785 314 3826 ae
332 3765 467 3839 religiosis
490 3762 669 3830 erogandum,
693 3760 766 3816 sicut
785 3759 918 3829 scriptum
938 3766 1003 3813 est:
1055 3758 1156 3814 mittat.
1173 3757 1239 3826 Qnae
1254 3756 1399 3829 permissio
1415 3759 1522 3830 septimi
1535 3759 1657 3833 Gregorii
1670 3763 1760 3833 primo
1776 3762 1843 3821 Gre-

219 3862 402 3918 Verumtamen
426 3859 496 3929 quod
520 3862 648 3926 superest,
674 3853 736 3906 dete
755 3850 954 3920 eleemosynam,
980 3859 1005 3902 et
1055 3850 1134 3919 gorio
1149 3866 1202 3906 non
1222 3854 1339 3908 multum
1368 3858 1539 3910 adversatur.
1565 3852 1618 3921 Qui
1643 3857 1844 3913 monachorum

214 3954 303 4008 omnia
317 3950 416 4004 rnundu
434 3958 494 4004 aaut
505 3946 596 4002 nolis?
614 3964 624 3997 ι
640 3944 717 4017 (Luc.
734 3959 772 4008 ar,
788 3941 845 4010 ll.)
1056 3941 1173 3996 libertati
1184 3951 1211 3997 et
1226 3944 1310 4014 quieti
1326 3946 1441 4000 multum
1459 3945 1487 4001 iu
1506 3945 1564 4002 suis
1580 3947 1697 4003 decretis
1710 3947 1844 4021 suffraga-

250 4042 320 4099 Ecce
339 4040 394 4097 oea
409 4041 521 4111 gratias,
533 4038 628 4093 beatus
642 4035 790 4106 Gregorius
806 4033 945 4089 euidenter
957 4036 1003 4087 in·
1056 4042 1119 4100 tur;
1137 4034 1173 4089 ita
1189 4044 1291 4104 umen,
1308 4047 1337 4092 ut
1348 4038 1375 4092 in
1387 4039 1492 4111 synodo
1503 4038 1719 4097 Gbalcedorreasi
1732 4042 1842 4114 legitur,

216 4132 389 4204 dieat,quod
407 4131 440 4187 ad
459 4131 615 4186 eommunis
634 4129 696 4183 ritae
710 4127 901 4182 observatores
919 4139 1004 4195 quar·
1056 4126 1108 4182 sub
1131 4130 1324 4199 episcoporum
1356 4140 1488 4200 potestate
1507 4132 1560 4204 ipsi
1581 4133 1709 4189 monachi
1735 4150 1842 4204 perma-

218 4226 295 4288 tatio,
307 4225 404 4294 alequa
417 4223 565 4293 loquimur,
581 4235 635 4275 nou
651 4222 796 4291 pertineat.
808 4216 896 4285 Quam
915 4227 1005 4273 tamen
1056 4231 1155 4288 neaut;
1178 4220 1298 4292 alioquin
1318 4220 1441 4292 ejusdcm
1463 4224 1559 4296 synodi
1582 4234 1687 4281 statuta
1706 4241 1754 4281 cos
1770 4243 1842 4282 cotn-

216 4317 321 4371 caeteris
337 4316 445 4371 clericis
462 4324 540 4368 astra
559 4326 731 4367 communem
744 4311 827 4364 uitam
850 4310 1006 4365 uirentibus
1057 4311 1185 4367 munione
1199 4312 1316 4383 privant.

217 4387 284 4461 aden
299 4406 483 4461 neeessariam
508 4403 619 4466 iudicat,
636 4411 677 4470 ut,
691 4401 817 4472 quisquis
840 4413 888 4454 seu
899 4400 1006 4470 episco·
1021 4443 1044 4497 D
1093 4399 1123 4455 Si
1136 4417 1202 4473 ergo
1215 4402 1344 4474 episcopo
1356 4404 1492 4473 iustitiam
1511 4406 1679 4462 decimarum
1706 4406 1840 4478 erigente,

217 4514 314 4569 porum
329 4514 377 4555 seu
392 4497 554 4553 elericorum
570 4505 648 4550 extra
675 4509 847 4550 communem
866 4493 948 4548 uitare
964 4495 1006 4549 ri·
1059 4493 1175 4549 rebelles
1187 4493 1256 4548 liunt
1270 4496 1407 4562 monaehi,
1421 4495 1499 4565 juxta
1513 4506 1644 4554 statutum
1657 4497 1840 4570 syuodiGhal·

217 4589 337 4644 rentium
349 4589 383 4644 de
397 4587 511 4644 decimis
524 4588 683 4658 eaeterisque
692 4585 836 4656 stipendiis·
845 4584 1009 4641 eeclesiasti-

218 4681 269 4746 cis,
283 4691 463 4751 praeterquam
480 4680 543 4736 inde
557 4687 688 4736 statutum
702 4686 755 4746 est,
768 4693 820 4734 suo
834 4688 955 4748 tempore
967 4677 1007 4732 ia-

219 4781 301 4837 ceret,
322 4787 376 4826 uon
391 4772 555 4828 dubitaverit
570 4771 622 4826 hoe
635 4769 770 4840 appellare
788 4770 1006 4839 usurpationem.

218 4858 311 4932 Neque
320 4862 393 4916 euim
409 4863 482 4919 solas
494 4862 688 4918 decimationes
700 4869 728 4916 et
739 4861 866 4931 antiquas
879 4876 1006 4932 agrorum

218 4951 365 5024 pensiones
378 4954 560 5024 persingulas
574 4967 662 5007 annos
679 4952 764 5007 uoluit
779 4967 827 5021 per
841 4951 1007 5008 eeclesiasti-

218 5061 265 5100 cos
276 5043 417 5099 ministros
429 5044 560 5114 episeopo
570 5042 868 5113 jrtdicautedispensari
878 5060 886 5110 ;
897 5043 944 5098 sed
956 5043 1008 5098 hnc

219 5137 308 5206 ipsum
321 5137 349 5192 iu
367 5136 445 5192 noris
466 5134 649 5190 Ecclesiarnm
666 5134 896 5204 acquisitionibus
911 5136 1007 5204 praeei-

147 5275 150 5282 .
218 5227 318 5296 piendo
341 5228 438 5282 statuit
458 5227 609 5289 obseruari,
631 5235 661 5281 ut
690 5227 834 5297 episcopus
854 5242 937 5297 super
966 5228 1009 5282 bis

219 5320 300 5375 aliam
329 5328 491 5390 potestatem
517 5332 571 5371 non
594 5317 782 5383 baberet,nisi
806 5327 836 5373 ut
853 5329 908 5374 taur
924 5334 1007 5375 noras

219 5426 301 5483 quant
313 5421 418 5467 ueteres
430 5410 624 5483 acquisitiones
635 5410 786 5469 ouanando
794 5411 873 5480 juata
889 5426 1008 5467 canones

219 5503 397 5573 dispensaret.

258 5591 334 5649 Unde
345 5596 439 5651 scribit
449 5593 615 5651 Maarmiano
627 5596 758 5665 episcopo
771 5593 944 5664 Syracusano
955 5595 1006 5660 in·
1032 5621 1039 5634 ·

221 5690 261 5733 ter
283 5693 426 5739 caeterazr
447 5684 630 5755 Goguorimut
654 5686 688 5740 de
707 5684 857 5741 redditibus
881 5684 1008 5744 tiernus

1058 4583 1218 4638 cedonensis
1229 4593 1340 4654 propter
1351 4586 1437 4655 ipsam
1454 4586 1628 4642 rebellionem
1653 4586 1842 4642 exeommuni-

1058 4676 1147 4739 candi,
1159 4675 1236 4746 juxta
1253 4676 1317 4731 illud
1334 4678 1478 4733 anathema
1500 4680 1697 4749 periclitantur,
1713 4695 1771 4749 quo
1786 4679 1842 4734 rio·

1058 4769 1160 4825 latores
1192 4781 1309 4839 quatuor
1325 4771 1516 4841 principaliora
1541 4772 1720 4827 conciliorum
1734 4788 1751 4827 a
1765 4773 1842 4828 beato

1058 4860 1189 4932 Gregorio
1201 4861 1228 4917 iu
1240 4878 1288 4918 sua
1314 4862 1442 4935 synodica
1467 4862 1626 4919 multantur.
1648 4862 1717 4920 Nam
1732 4866 1756 4920 si
1766 4867 1842 4936 juxta

1059 4953 1221 5007 seutentiam
1234 4952 1318 5016 illius,
1332 4954 1379 5024 qui
1400 4954 1497 5008 horum
1524 4963 1642 5024 quatuor
1663 4957 1840 5013 conciliorum

1059 5043 1223 5098 soliditatem
1238 5059 1292 5099 non
1309 5052 1392 5109 tenet,
1407 5045 1514 5099 etiamsi
1538 5045 1607 5116 lapis
1631 5062 1693 5103 esse
1707 5047 1839 5107 rideatur.

1059 5143 1135 5189 extra
1150 5135 1294 5191 aedilicium
1307 5136 1397 5207 jacet:
1412 5136 1563 5193 carendum
1576 5150 1618 5194 est
1629 5141 1773 5195 monacbis
1796 5153 1842 5210 per

1058 5225 1305 5283 chalcedonensem
1322 5229 1456 5300 synodum
1472 5230 1505 5285 ad
1522 5229 1704 5285 obedientiam
1721 5228 1840 5301 episcopi

1059 5317 1110 5372 sab
1122 5320 1406 5376 excommunicatione
1417 5320 1560 5382 restrictis.
1576 5338 1610 5377 nc
1625 5333 1792 5393 presumant
1804 5321 1841 5376 illi

1059 5417 1153 5463 sancta
1162 5417 1190 5464 et
1201 5408 1279 5480 jutta
1288 5411 1466 5482 praecipienti,
1482 5427 1515 5468 ac
1525 5412 1647 5468 decimas
1659 5413 1738 5483 juxta
1761 5426 1839 5469 cauo·

1059 5515 1124 5553 nuru
1139 5500 1207 5557 scita
1219 5502 1364 5572 disponere
1375 5503 1474 5558 volenti
1487 5503 1660 5574 aliquatenus
1679 5518 1838 5577 repugnare.

1058 5583 1127 5660 Quia
1138 5592 1286 5666 Gregorius
1310 5597 1452 5666 septimus,
1466 5594 1493 5650 in
1523 5612 1578 5667 quo
1602 5596 1735 5654 fallaciter
1758 5593 1837 5653 couti

1058 5687 1136 5754 duat,
1152 5702 1202 5742 aec
1216 5688 1274 5743 vult
1293 5704 1342 5743 nac
1366 5696 1452 5761 potest
1479 5687 1546 5743 talea
1559 5689 1721 5746 rebelliones
1733 5705 1748 5743 a
1761 5687 1838 5743 beato
