3892 6067
208 274 263 333 qqz
686 267 840 325 GElllllllll
860 264 1054 326 unmromm
1073 263 1346 328 butthsshsrbtttt.
1783 271 1842 327 stt

208 380 389 455 baptismoru3
400 382 580 438 hereditatem
592 391 702 453 propter
715 382 930 440 Christianitatis
940 381 999 438 cul·
1013 383 1036 440 A
1050 382 1180 440 beneficia
1211 386 1336 455 patribus
1358 385 1501 454 impensa:
1519 383 1546 439 iu
1566 383 1620 440 isto
1645 378 1758 438 totidem
1781 384 1845 438 cri·

208 484 277 528 tunt.
294 471 330 526 Et
344 473 457 527 tradidit
469 491 512 530 eos
528 476 556 528 in
570 491 664 531 roccus
680 478 807 547 centium,
827 477 853 532 id
871 485 913 532 est
934 490 997 546 per·
1048 477 1122 531 mina
1147 493 1162 531 a
1183 479 1294 547 pertidis
1315 477 1448 548 impensa.
1462 474 1592 547 Sequitur
1609 475 1700 530 oratio
1719 489 1845 530 conner-
1942 503 1943 540 3

206 565 272 618 mist
284 569 334 617 eos
348 563 376 617 in
391 573 552 633 potestatem
571 566 736 623 daemonum.
751 566 829 622 Tunc
841 567 942 639 quippe
954 575 998 622 est
1048 583 1159 624 sorum:
1173 569 1244 624 sicut
1255 571 1392 639 quondam
1410 577 1502 639 patres
1514 567 1548 623 de
1570 566 1691 622 inimicis
1704 565 1817 622 salvasti
1830 583 1840 630 ;

207 653 280 708 brus
295 654 392 720 iratus,
404 670 467 710 eum
479 659 634 726 permiserit
648 659 786 715 hominem
802 659 901 726 lacere,
923 660 997 729 quod
1048 660 1085 715 ita

207 746 274 811 rrrlt,
290 745 354 815 quia
376 747 467 802 statim
481 749 607 806 diabolus
620 751 747 822 subjugat
765 766 828 807 eum
840 752 902 806 sibi.
920 749 997 806 Unde
1077 750 1159 807 Vens.
1180 751 1465 822 dissimulasset,
1488 750 1601 806 dominc
1626 749 1691 805 lesu
1715 747 1841 814 Christe,

207 833 331 903 sequitur
346 853 353 889 ε
368 834 404 890 lit
423 837 555 892 donrinoti
569 849 630 894 surrt
641 857 742 907 eorum,
760 843 806 912 qui
819 843 931 897 oderuru
942 858 996 909 eos,
1047 842 1135 911 quies
1152 841 1223 896 Deus
1233 852 1339 897 noster:
1350 853 1376 897 et
1388 859 1515 913 conprepo
1528 858 1576 896 nos
1594 842 1623 896 in
1648 856 1731 896 unam
1751 840 1839 895 iidem

206 926 261 981 lroc
274 934 326 994 est,
340 927 478 986 demones
489 939 516 987 et
530 933 606 1000 vitia,
619 948 680 1003 quae
696 935 813 990 oderunt
829 935 936 992 animas
947 948 997 990 eon
1047 935 1079 987 de
1090 935 1252 1001 nationibus,
1270 935 1298 989 in
1312 935 1412 1004 quibus
1425 933 1540 1004 dispersi
1556 949 1662 990 sumus.
1675 931 1728 989 Per
1738 946 1841 989 omues

206 1033 280 1085 rum,
296 1033 362 1074 ntor
378 1022 556 1079 dominantur
569 1040 676 1081 eorum.
696 1025 732 1080 lit
746 1026 938 1082 tribulaverunt
953 1044 997 1082 eor
1047 1025 1173 1080 nationes
1184 1025 1301 1095 dispersi
1314 1037 1378 1081 sunt
1392 1024 1488 1080 ludaei.

206 1109 310 1164 inimici
319 1127 420 1178 eorum,
432 1114 553 1171 risibiles
563 1118 693 1185 exterius,
705 1120 854 1177 invisibiles
867 1120 995 1178 interius:
1083 1115 1183 1170 Aliter:
1200 1112 1293 1171 Salvos
1307 1115 1352 1185 lut
1362 1130 1420 1182 ποι,
1432 1114 1544 1169 Domine
1552 1116 1621 1169 Dm
1632 1124 1757 1179 uorter,a
1772 1130 1838 1190 pec·

206 1211 231 1254 et
251 1201 387 1258 humiliati
405 1215 466 1260 sunt
487 1206 534 1261 sud
560 1209 681 1264 monibus
704 1226 806 1278 ecrtcm,
822 1212 849 1268 id
863 1220 906 1268 est
919 1213 997 1268 raldo
1047 1206 1117 1261 catis
1127 1215 1155 1262 et
1167 1206 1303 1274 hostibus,
1317 1216 1342 1261 et
1356 1223 1403 1262 nos
1422 1221 1470 1277 per
1479 1206 1546 1261 utria
1559 1207 1692 1276 dispersos
1706 1222 1840 1277 conprepu

205 1291 297 1347 afflicti
310 1294 362 1350 sub
374 1299 555 1366 potestatibus
567 1315 674 1356 eorum.
696 1301 731 1356 tn
740 1312 805 1359 tuuc
819 1320 887 1372 sepe
898 1304 997 1359 liberu-
1047 1299 1079 1352 de
1097 1298 1293 1366 »carroniensis
1306 1309 1348 1355 0⁸¹
1362 1314 1458 1370 separa
1472 1298 1680 1364 Adaemffldhlli,
1692 1306 1719 1352 θῑ
1731 1297 1765 1353 (¹0
1776 1313 1841 1353 ⁰¹¹¹·

205 1383 251 1436 uit·
263 1399 324 1449 eos,·
343 1386 394 1454 ipsi
410 1396 498 1443 cutem
519 1391 739 1446 cruentaverunt
761 1409 820 1448 eum
836 1395 865 1448 in
886 1395 997 1451 comitio
1048 1387 1129 1442 uibus
1146 1388 1217 1442 mule
1227 1389 1391 1454 visentibus,
1402 1397 1431 1442 ut
1442 1388 1616 1458 confluamus
1629 1387 1732 1441 riouiini
1743 1396 1840 1442 scruto

206 1489 265 1541 suo,
279 1475 353 1544 quod
372 1477 539 1548 habuerunt,
554 1490 585 1536 ur
601 1482 736 1539 desideria
755 1500 805 1540 sua
828 1485 971 1557 implerent
988 1507 995 1542 :
1048 1487 1104 1544 tuo,
1115 1479 1140 1533 id
1149 1488 1189 1534 cst
1203 1490 1233 1534 ut
1242 1480 1385 1535 laudemus
1395 1490 1420 1535 te
1431 1480 1582 1536 secuudum
1600 1487 1839 1534 nomensanctum

205 1570 231 1617 ct
241 1563 377 1622 tumtttau·
393 1577 454 1622 cunr
469 1571 496 1624 ιιι
510 1571 697 1644 inspiraretur
715 1576 781 1643 cuti,
795 1575 822 1632 iu
844 1587 886 1633 est
904 1577 996 1635 amicti
1048 1579 1136 1626 tuum.
1151 1570 1186 1624 Et
1200 1573 1240 1628 ste
1255 1572 1282 1626 in
1296 1571 1389 1628 tuturo
1398 1572 1543 1643 plectemur
1565 1572 1592 1624 iu
1619 1569 1700 1624 truce
1711 1579 1770 1636 rna,
1784 1569 1840 1626 ¹¹⁰0

205 1664 271 1711 sunt
281 1656 309 1711 iu
320 1660 552 1732 concupiscentiis
562 1665 631 1721 suis.
651 1665 687 1720 Et
701 1668 781 1736 uidet,
801 1684 861 1722 cum
884 1669 997 1724 tritulu-
1047 1671 1099 1728 est,
1115 1679 1165 1734 pro
1182 1663 1264 1718 laude
1276 1663 1325 1718 tibi
1341 1663 1386 1719 hic
1411 1663 1531 1719 exhibita
1556 1679 1572 1717 a
1598 1662 1688 1718 nobis.
1714 1659 1768 1716 Per
1785 1661 1841 1716 boc

205 1756 306 1816 retitur,
326 1750 411 1807 idest
430 1754 576 1810 clementer
597 1758 717 1826 respexit
731 1758 934 1817 tribulationem
946 1775 996 1817 eo·
1048 1755 1132 1821 enim,
1145 1755 1276 1825 quodhic
1295 1754 1381 1810 Deum
1397 1754 1550 1821 laudamus,
1573 1754 1600 1807 in
1625 1760 1727 1808 aeterna
1749 1752 1841 1822 gloria

204 1852 278 1893 rum.
293 1839 329 1893 Et
342 1844 444 1898 audiuit
459 1847 715 1917 orationemeomnq
728 1836 793 1923 quia
805 1852 997 1909 invocantibus
1048 1848 1259 1905 exsultabimus.
1274 1847 1405 1919 Sequitur
1417 1848 1479 1902 laus
1489 1861 1600 1902 eorum:

205 1930 397 2000 statimdixit:
413 1933 516 1991 Adsum
526 1951 600 1993 ecce.
617 1938 652 1993 m
665 1957 764 1996 memor
776 1944 828 2012 luit
847 1948 997 2001 testamenti
1084 1940 1166 1996 l'ens.
1180 1941 1224 1996 l8.
1236 1940 1395 2014 Benedictus
1415 1938 1545 1994 Dominus
1561 1936 1632 1991 Deus
1656 1935 1755 2001 lsrael,
1769 1949 1841 1989 cos·

204 2023 268 2088 sui,
295 2039 351 2094 quo
374 2009 569 2097 poenitentibus
595 2033 720 2103 promisit
747 2036 854 2092 veniam
881 2037 995 2096 dicens:
1048 2050 1130 2107 qrega
1139 2049 1190 2090 nos
1200 2034 1228 2089 in
1238 2033 1394 2098 dilectione,
1411 2039 1442 2085 ut
1451 2031 1630 2085 conliteamur
1644 2027 1685 2082 sic
1699 2027 1839 2081 dicentes.

207 2111 299 2170 «Nolo
328 2126 444 2173 mortem
465 2124 635 2191 peccatoris;
659 2127 707 2181 scd
725 2138 755 2183 ur
773 2138 948 2186 convertatur
969 2139 997 2187 ct
1049 2125 1190 2193 llominus,
1205 2126 1252 2196 qui
1271 2134 1313 2181 est
1325 2124 1490 2193 redemptor,
1501 2131 1525 2174 ct
1536 2119 1606 2173 licus
1618 2115 1715 2183 lsrael,
1729 2117 1778 2187 qui
1797 2115 1841 2170 la-

204 2206 280 2262 titat
302 2206 411 2278 (Emit.
433 2222 532 2280 xtttttt,
555 2215 636 2285 lli.»
658 2216 693 2271 tn
711 2218 833 2288 iterum:
850 2220 997 2288 ‹Quacun-
1048 2218 1084 2273 cit
1096 2219 1220 2273 ridentes
1234 2216 1330 2280 llcurn,
1342 2215 1378 2270 sit
1390 2213 1550 2276 benedictus,
1563 2211 1639 2267 idest
1659 2208 1838 2272 sublimatus,

203 2313 259 2371 que
276 2299 343 2355 bora
361 2317 512 2362 conuersus
526 2305 701 2378 ingemueris,
723 2311 816 2368 salros
834 2313 889 2369 cris
906 2315 995 2385 (ibid,
1048 2311 1183 2382 gloriosus
1193 2309 1221 2363 in
1236 2323 1269 2364 eo
1284 2308 1355 2378 ipso,
1367 2305 1441 2378 quod
1457 2304 1522 2360 lacit
1539 2318 1590 2359 nos
1603 2300 1695 2368 lsrael,
1709 2318 1726 2354 u
1739 2299 1839 2355 seculo

205 2394 293 2465 ¹2)st
1049 2406 1175 2476 presenti
1194 2402 1338 2474 incipiens,
1353 2409 1381 2458 et
1390 2416 1471 2472 usque
1495 2400 1523 2454 in
1552 2397 1675 2452 luturum
1709 2391 1841 2448 secuim

239 2482 277 2539 Et
291 2489 414 2556 penituit
432 2505 492 2544 eum
510 2491 654 2546 seeundum
681 2495 876 2551 multitudinem
893 2499 997 2552 miseri-

203 2577 378 2642 cordiesue,
401 2581 455 2637 boc
467 2590 519 2649 est,
534 2583 665 2642 misertus
678 2602 775 2643 eorum
793 2589 868 2645 dedit
879 2588 920 2645 eis
938 2606 997 2660 pie-

203 2668 358 2739 niteutiam,
373 2681 400 2728 et
411 2674 548 2731 tristitiam
571 2692 667 2733 eorum
689 2681 804 2737 mutarit
819 2682 846 2737 in
862 2683 994 2738 letitiam.

204 2760 241 2816 Et
256 2762 329 2818 dedit
343 2765 423 2820 cosin
437 2768 645 2837 misericordius,
664 2772 711 2841 qui
726 2772 804 2842 prius
816 2783 895 2829 erant
918 2775 997 2830 inro⁴

203 2853 254 2909 luti
269 2855 406 2924 miscriae3
423 2874 498 2915 nrrnc
512 2859 627 2915 involvit
642 2861 846 2931 misericordiae,
871 2865 910 2920 illi
926 2866 996 2922 dans

203 2946 369 3015 castitatem,
380 2948 419 3003 illi
435 2950 629 3020 bumilitatem,
646 2954 725 3010 alteri
751 2954 923 3024 charitatem,
948 2957 995 3012 alii

1049 2496 1163 2553 tendens
1178 2510 1287 2566 semper
1304 2494 1452 2566 gloriosus.
1473 2489 1507 2545 Ει
1532 2489 1600 2543 dicet
1620 2487 1705 2541 amuis
1722 2483 1840 2556 populus

1048 2591 1082 2644 de
1094 2585 1306 2644 circumcisione
1319 2594 1347 2641 ct
1361 2584 1395 2640 de
1409 2581 1557 2654 preputio:
1575 2578 1651 2645 Fici,
1679 2577 1736 2646 fier,
1749 2574 1778 2628 id
1793 2582 1840 2629 est

1048 2686 1197 2741 benedictus
1209 2684 1247 2740 sit
1256 2681 1385 2736 Dominus
1397 2679 1467 2733 Deus
1484 2674 1580 2731 lsrael.

1085 2778 1113 2832 ln
1129 2776 1243 2833 Hebraeo
1266 2774 1415 2832 scribitur:
1430 2771 1524 2836 Amen,
1553 2782 1639 2832 amen,
1657 2762 1784 2826 Alleluia,
1809 2759 1839 2812 id

1049 2881 1091 2928 est
1112 2869 1221 2925 laudate
1234 2880 1330 2922 omnes
1342 2862 1499 2918 Dominum.
1518 2855 1636 2912 Alaude
1659 2850 1782 2920 incoepit,
1807 2848 1836 2901 in

1049 2964 1129 3020 laude
1144 2961 1240 3017 linivit.
1256 2957 1326 3026 Quia
1341 2954 1499 3027 poenitcntia
1513 2945 1702 3007 confitentium
1717 2944 1777 2998 laus
1795 2949 1838 2994 est

204 3038 331 3109 qratiam,
342 3040 371 3093 in
384 3054 523 3112 corispectu
547 3047 675 3113 oninium,
697 3047 725 3102 id
751 3057 793 3104 est
807 3048 835 3102 in
860 3050 995 3105 evidentia
1011 3065 1033 3123 (3
1050 3055 1113 3122 lici;
1125 3062 1153 3111 et
1165 3053 1332 3124 indulgentia
1341 3048 1389 3105 Ilei
1397 3045 1490 3103 letitia
1499 3039 1699 3100 esthominum.
1712 3033 1763 3090 llic
1777 3033 1839 3134 linit

204 3131 371 3197 daemonum,
385 3135 430 3203 qui
441 3134 518 3205 prius
533 3147 655 3205 ceperunt
666 3155 709 3193 eos
726 3140 832 3210 laqueis
851 3141 993 3198 uitiorum.
1049 3145 1117 3199 liber
1131 3152 1258 3214 quartus,
1272 3149 1391 3212 quatuor
1409 3133 1562 3205 Evangeliis
1583 3129 1627 3186 rel
1649 3133 1770 3199 quatuor
1781 3138 1838 3177 rtr-

204 3215 274 3272 Nota
286 3219 359 3287 quod
374 3219 401 3274 in
413 3221 497 3290 priori
510 3224 614 3292 psalmo
627 3226 722 3297 viginti
745 3229 919 3285 eontinentur
946 3231 994 3287 Dei

1048 3236 1349 3290 tutibosconsecratus.

210 3379 1875 3436 w..

822 3590 1088 3684 PSALMUS
1123 3593 1238 3687 CVI.

738 3928 786 3988 De
801 3927 895 3991 laude
914 3926 1067 3992 Ecclesiae
1081 3927 1121 3989 de
1135 3926 1299 4006 gentibus.

242 4077 326 4136 Vens.
351 4080 378 4135 l.
404 4083 572 4152 confitemini
602 4084 722 4154 Domino,
745 4092 869 4159 quoniam
895 4092 997 4150 bonus:

205 4170 330 4242 quoniam
341 4169 369 4224 in
380 4170 506 4225 seculum
518 4174 774 4247 misericordiosius.
785 4176 892 4246 Dicunt,
901 4183 947 4252 qui
958 4199 996 4237 re·

206 4260 387 4330 ademplisset,
398 4270 450 4316 etc.
467 4261 598 4328 Quintum
618 4264 716 4321 librum
733 4265 867 4337 Spriritus
881 4280 995 4328 sanctus

205 4350 314 4406 alaude
328 4350 450 4415 inchoat,
465 4367 546 4422 quem
561 4355 643 4410 etiam
663 4358 691 4412 in
711 4359 792 4414 laude
808 4374 992 4432 consummat,

207 4441 271 4512 quia
288 4440 316 4495 in
329 4441 458 4497 saeculum
479 4442 571 4497 seculi
591 4460 654 4500 curn
670 4449 774 4519 angelis
791 4450 876 4507 ileum
899 4453 994 4508 lauda-

205 4528 286 4597 bunt,
302 4529 349 4600 qui
370 4528 585 4589 Pentateucbum
599 4533 668 4605 legis
694 4537 873 4606 spiritualiter
896 4542 993 4599 obsor-

206 4630 281 4674 rant.
297 4617 331 4672 lli
345 4628 400 4677 tres
420 4621 516 4691 psalmi
541 4623 637 4678 codem
664 4627 745 4683 modo
762 4628 907 4699 incipiunt,
929 4632 993 4703 quia

207 4718 363 4777 trespartes
376 4711 481 4778 mundi,
510 4712 552 4767 rel
573 4722 628 4769 tres
653 4715 764 4772 ordines
786 4716 914 4773 Ecclesiae
935 4721 993 4788 pari

207 4798 290 4852 modo
309 4798 470 4855 Trinitatem
498 4803 657 4858 concinunt.
672 4803 783 4860 Primus
797 4800 854 4860 'sub
878 4822 994 4876 persona

207 4885 353 4957 utriusque
368 4889 460 4957 populi
478 4892 552 4946 canit
570 4891 673 4949 Christi
697 4894 855 4962 adveutum,
876 4903 904 4950 ct
932 4907 996 4966 post

207 4973 329 5030 fidelium
343 4977 471 5035 beneficia
485 4983 567 5050 canit,
583 5002 644 5055 quae
662 4985 736 5044 Deus
760 4988 874 5059 antiquo
892 4991 993 5062 populo

208 5065 395 5137 corporaliter,
406 5076 434 5123 et
444 5083 515 5126 noro
521 5073 697 5142 spiritualiter
704 5078 837 5135 exhibuit.
852 5079 994 5138 Secundus

209 5158 261 5217 sub
273 5173 390 5228 persona
405 5159 533 5219 Ecclesiae
559 5165 593 5220 de
617 5166 720 5224 iudeis
744 5172 898 5229 condiendo
921 5174 993 5229 mala

207 5249 309 5321 psallit,
323 5266 385 5321 quae
397 5254 517 5321 pertidus
527 5257 643 5326 populus
651 5268 715 5315 ante
723 5259 824 5319 Christi
834 5266 992 5332 adrentum,

206 5346 236 5396 et
247 5346 308 5409 post
318 5340 389 5396 male
403 5343 531 5401 credulus
541 5344 657 5405 Domino
668 5350 802 5407 retribuit.
820 5353 929 5411 Tertius
940 5355 993 5412 sub

207 5443 325 5499 persona
353 5429 482 5491 Ecclesiae
499 5436 533 5493 de
551 5441 677 5510 gentibus
698 5442 840 5513 jubilsndo
863 5446 991 5515 concinit,

244 5569 302 5678 (lib)
317 5606 430 5680 Vulgata
441 5615 542 5669 omittit
559 5616 674 5672 alterum
689 5617 814 5675 Alleluia.

1048 4091 1186 4161 quomodo
1204 4087 1452 4157 clemenscaptiros
1469 4100 1563 4141 servos
1585 4083 1619 4139 de
1633 4099 1715 4138 manu
1730 4081 1833 4140 inimici

1048 4180 1173 4243 redemit,
1187 4188 1214 4234 ct
1226 4180 1315 4235 bonus
1336 4187 1430 4249 pastor
1441 4192 1506 4232 oves
1528 4175 1667 4244 dispersas
1682 4173 1717 4228 de
1740 4172 1834 4229 multis

1049 4271 1208 4342 regionibus
1233 4270 1358 4325 inunum
1373 4269 1443 4322 urile
1456 4264 1639 4337 corrgregavit.

1084 4361 1134 4417 llic
1145 4363 1266 4432 psalmus
1285 4361 1451 4417 centesimus
1461 4366 1564 4414 sextus.
1578 4357 1630 4410 Per
1645 4353 1832 4410 centenarium

1048 4452 1188 4523 perlectio,
1204 4467 1252 4523 per
1263 4452 1400 4506 senarium
1418 4448 1542 4505 innuitur
1556 4445 1688 4519 operatio.
1705 4443 1833 4514 Designat

1047 4557 1112 4612 ergo
1124 4541 1168 4598 hic
1185 4556 1318 4596 numerus
1330 4540 1401 4611 quod
1419 4538 1446 4594 bi
1463 4539 1510 4610 qui
1528 4555 1576 4595 scs
1590 4551 1673 4608 opera
1693 4532 1831 4606 Evartqelii

1047 4632 1144 4688 devote
1166 4633 1322 4702 perficiunt,
1345 4633 1502 4702 centuplum
1524 4629 1666 4702 praemium
1687 4628 1715 4683 in
1739 4626 1832 4683 luturo

1047 4723 1213 4792 percipiunt.
1226 4721 1334 4779 Titulus
1344 4723 1442 4794 psalmi
1454 4731 1511 4779 cst:

1246 4831 1388 4879 trunsum,
1410 4830 1540 4869 iunctura
1556 4811 1622 4883 (to).
1674 4807 1681 4817 ’

1082 4906 1154 4963 Dicit
1173 4905 1365 4978 Hieronymus,
1382 4908 1540 4976 ubicunque
1565 4904 1678 4975 ponitur
1702 4901 1745 4958 bis
1760 4898 1832 4954 Alle-

1048 4999 1115 5063 luia,
1130 5000 1202 5069 quod
1215 5014 1298 5054 unum
1311 5000 1346 5055 sit
1358 4998 1421 5053 linis
1440 4998 1539 5069 psalmi
1555 4992 1744 5068 precedentis,
1764 4991 1826 5046 alte

1047 5104 1109 5143 rum
1144 5087 1239 5144 titulus
1268 5090 1417 5159 sequentis.
1452 5088 1623 5161 Augustinus
1648 5095 1739 5141 autem
1764 5082 1830 5138 dicit

1048 5188 1195 5249 utrumque
1204 5179 1338 5249 pertinere
1348 5180 1382 5235 ad
1398 5187 1555 5251 sequentem
1573 5185 1683 5252 propter
1693 5175 1762 5232 duos
1781 5190 1830 5246 po·

1047 5268 1137 5339 pulos,
1156 5276 1183 5323 et
1197 5284 1283 5324 unum
1297 5269 1433 5341 pertinere
1457 5269 1492 5326 ad
1514 5269 1635 5332 ludaeos,
1658 5268 1772 5324 alterurn
1794 5265 1829 5318 all

1047 5367 1151 5430 gentes.

1082 5447 1193 5509 Materia
1208 5453 1305 5522 psalmi
1317 5461 1380 5510 sunt
1394 5461 1511 5525 quatuor
1533 5449 1694 5508 mansiones
1707 5455 1734 5506 st
1758 5459 1828 5538 qut·
