3892 6067
189 271 241 330 715
686 270 840 329 tie'tttlotlt
858 272 1052 329 l‘liAEl'OSi'il
1071 273 1347 334 beterrensee‘tto.
1768 287 1823 344 tte

188 394 298 457 orantei
318 385 502 456 decalogum,
531 386 724 455 ntraternarius
756 403 854 442 itonam
889 388 1062 460 legemnad
1079 389 1217 446 iniermnn
1235 394 1375 449 trabentes
1390 406 1562 466 sequentem.
1587 394 1620 452 iit
1648 400 1822 468 multisni-

187 488 298 548 prnnter
322 485 440 544 quatuor
461 474 606 547 etengona
632 478 761 533 ostendit.
784 477 912 548 Desinunt
933 480 978 535 bie
1030 481 1194 552 bulationem
1216 494 1240 538 et
1263 485 1381 539 dolorem
1406 486 1503 550 inueni,
1523 486 1548 540 id
1569 497 1612 543 est
1630 488 1824 557 ttoettitmtinnr

172 583 318 624 ,numerus
339 568 413 638 quod
435 570 626 626 observatores
641 573 785 644 utriusque
808 574 875 644 legis
889 573 979 645 perle·
1030 591 1074 630 me
1087 576 1263 633 tribulantem
1280 577 1347 632 mibi
1360 578 1486 648 quesiti,
1504 589 1531 633 et
1546 580 1717 649 corporalem
1743 584 1825 638 doto·

185 670 260 716 ctum
276 659 420 731 puerulum
436 660 579 731 recipient.
597 662 707 719 Titulus
717 673 781 720 est:
1030 684 1084 722 rem
1098 668 1167 722 mibi
1180 670 1275 734 interni,
1293 677 1322 724 ut
1336 670 1480 725 evaderem
1497 671 1628 740 errrtpliria
1648 674 1760 729 interni.
1773 673 1825 730 i'et

511 768 652 808 ereetum.
1029 760 1057 814 in
1071 759 1131 816 istis
1143 759 1241 816 diebus
1254 762 1374 816 bonores
1385 771 1413 817 et
1426 762 1536 817 divitias
1552 764 1677 833 quesivi,
1695 776 1721 820 et
1733 767 1825 832 tridat-

219 838 279 898 line
291 851 354 898 est:
369 841 491 899 laudate
506 844 660 898 [lominum.
677 842 789 900 lienteria
815 845 914 916 psalmi
935 855 979 903 est
1028 853 1154 908 lotionem
1168 862 1193 908 et
1211 851 1328 907 dolorem
1348 854 1447 919 irrretri,
1464 854 1529 925 qttia
1544 855 1630 925 plenae
1652 868 1718 911 ειιιιι
1743 858 1826 914 curie

184 935 271 1005 gratia
287 934 346 991 Dei.
368 933 485 992 intentio
497 947 538 992 est
554 937 671 992 inritare
688 953 740 992 nos
753 938 788 992 ad
801 937 977 995 dilectionem
1028 955 1056 1001 et
1070 946 1179 1001 timore,

183 1037 211 1083 et
228 1026 336 1083 laudem
353 1027 401 1083 ttet
413 1043 463 1099 pro
485 1030 536 1085 bae
559 1045 642 1088 cansa
666 1030 740 1099 ntrod
759 1027 921 1089 inuocantes
947 1048 979 1090 se
1065 1036 1149 1094 Vens.
1169 1039 1197 1094 l.
1218 1037 1250 1094 Et
1262 1055 1355 1093 nomen
1367 1038 1475 1093 Domini
1484 1040 1614 1099 irruerant.
1625 1050 1654 1093 nt
1666 1057 1709 1093 nte
1720 1041 1825 1096 libera·

182 1118 304 1184 eraudit,
316 1129 370 1176 eta
390 1120 566 1178 tribulatione
583 1122 710 1191 praesenti
723 1129 751 1175 et
765 1120 857 1176 lutura
881 1131 971 1177 morte
1028 1137 1080 1185 ret.
1097 1128 1207 1183 'Nomen
1235 1130 1340 1184 donnini
1356 1140 1398 1186 est
1421 1130 1567 1189 nonninus.
1593 1133 1744 1188 Potentiam
1763 1133 1824 1187 l)...

181 1212 274 1283 eripit.
290 1210 378 1268 Verba
391 1221 501 1283 sumpta
531 1214 659 1270 ridentur
682 1214 716 1269 de
741 1212 974 1284 barchinonem
1028 1223 1095 1277 ruini
1111 1224 1248 1290 invocari,
1266 1223 1416 1279 dicens:0
1436 1223 1559 1288 Domine,
1589 1223 1674 1279 libert
1698 1225 1822 1279 eniterent

154 1301 160 1313 ’
182 1307 423 1364 circumdederunt
435 1308 544 1364 dolores
556 1309 665 1372 mortis,
676 1309 723 1380 qtri
740 1307 888 1364 Dominum
897 1308 976 1363 inro-
1028 1330 1124 1378 rreum,
1140 1314 1221 1370 idest
1230 1327 1294 1382 orn,
1307 1314 1432 1381 Domine,
1440 1325 1470 1370 ut
1483 1315 1583 1371 liberes
1596 1318 1716 1370 animaru
1728 1335 1819 1373 uncam

181 1401 265 1468 earit,
282 1401 347 1456 etei
363 1400 475 1457 intirmo
485 1415 581 1456 eurem
597 1401 751 1468 inclinarit,
768 1402 888 1457 animam
913 1400 975 1472 ejus
1026 1404 1061 1459 de
1074 1404 1255 1460 tribulatione
1275 1415 1302 1462 ct
1326 1405 1430 1461 dolore.
1447 1404 1517 1461 Nota
1533 1408 1607 1477 quod
1622 1409 1688 1464 dicit
1703 1408 1820 1464 :Liberat

181 1494 216 1551 de
230 1506 320 1555 morte
333 1495 443 1564 eripuit,
459 1494 524 1564 quia
550 1495 575 1549 ei
592 1495 626 1549 in
639 1495 752 1565 regione
768 1495 899 1550 virorum
915 1495 976 1565 pla·
1027 1497 1157 1563 eitimam,
1178 1507 1206 1552 et
1233 1512 1288 1551 nnn
1313 1497 1379 1554 dicit
1393 1515 1400 1553 :
1415 1496 1513 1554 Libera
1539 1501 1726 1570 cerneretque
1746 1501 1822 1556 banc

180 1585 252 1653 enit,
264 1595 292 1642 et
302 1586 438 1658 signillcnt
449 1586 586 1657 perditum
606 1587 747 1650 bominem
761 1602 844 1658 quem
857 1588 976 1644 eircum-
1027 1588 1232 1646 tribulationem
1246 1591 1274 1645 in
1286 1591 1419 1647 interiore
1442 1591 1554 1646 bomine
1565 1593 1679 1662 natitur.
1697 1592 1719 1648 0
1743 1595 1820 1649 istud

180 1680 314 1738 dederunt
331 1679 441 1735 doloret
454 1679 562 1743 mortis,
573 1681 620 1750 qni
634 1677 788 1734 Dominum
800 1689 911 1752 pnrotor
922 1681 973 1737 bot
1025 1697 1080 1736 non
1096 1692 1138 1738 εει
1154 1683 1319 1749 roeatirum,
1332 1684 1380 1740 ted
1396 1683 1559 1752 optativum.
1576 1684 1604 1739 ln
1616 1683 1729 1741 liebreo
1743 1687 1821 1742 eninr

180 1771 326 1837 inroravit,
339 1781 365 1826 ct
379 1770 405 1826 ei
421 1769 569 1826 indumenti
590 1785 685 1826 aurem
715 1771 914 1829 misericordiae
931 1773 974 1829 in-
990 1763 1011 1817 Β
1026 1774 1163 1830 babetur:
1181 1775 1270 1842 Arno,
1283 1776 1357 1846 quod
1377 1776 1512 1848 eigrridcat
1533 1792 1593 1839 oro,
1610 1778 1652 1832 rel
1671 1788 1747 1847 «roto.
1761 1778 1822 1834 lloc

180 1863 303 1929 elirtevit,
332 1862 398 1933 qtria
421 1862 456 1917 de
480 1863 541 1918 coeli
570 1861 739 1918 descendens
761 1878 825 1919 eunt
838 1864 972 1934 visitarit,
1026 1881 1077 1922 nee
1091 1866 1214 1933 firmus,
1230 1884 1281 1926 neo
1293 1867 1410 1924 Latinius
1431 1884 1525 1924 murno
1535 1870 1623 1940 potuit
1639 1872 1749 1941 proprie
1773 1873 1823 1927 in·

180 1955 300 2010 aniruam
315 1954 377 2025 ejus
396 1952 430 2009 de
442 1963 529 2009 morte
547 1964 648 2010 :eterna
671 1954 807 2011 liberarit.
824 1954 875 2013 llio
900 1959 974 2028 psal·
1026 1960 1181 2030 ter-proteri.
1194 1959 1252 2031 Ego
1267 1961 1403 2026 invocari,
1417 1970 1444 2016 et

180 2058 244 2099 mus
266 2052 308 2099 εει
331 2053 362 2099 ut
387 2043 487 2118 gallur,
500 2045 547 2116 qui
564 2061 613 2100 nos
624 2045 699 2116 cogit
716 2047 810 2103 tenire
832 2049 866 2103 ad
889 2063 972 2120 onera
1062 2051 1145 2108 bers.
1163 2054 1190 2108 tt.
1205 2052 1358 2108 iliterieorr
1371 2052 1512 2116 dontinus,
1532 2063 1557 2107 et
1576 2053 1668 2123 juretur
1693 2053 1822 2109 liberarit

179 2134 312 2192 sstlelinnr.
1025 2159 1079 2199 me.
1092 2143 1139 2199 Sie
1152 2152 1194 2199 εει
1207 2144 1378 2199 constructio
1389 2161 1397 2210 ;
1409 2145 1463 2199 ulia
1474 2146 1548 2200 enirn
1560 2154 1626 2200 sunt
1636 2146 1798 2216 interposita
1811 2165 1819 2200 τ

214 2227 394 2298 [innoeentes
405 2230 497 2286 baltei.
512 2226 572 2285 Uno
587 2242 650 2287 est:
676 2230 777 2299 Dlleei,
788 2232 926 2302 nomnium,
937 2231 972 2287 »in
1025 2233 1077 2300 Qut
1091 2244 1136 2290 est
1150 2235 1312 2300 tricaricen,
1333 2233 1471 2288 inclinarit
1492 2250 1586 2289 uurent
1611 2236 1676 2290 milri
1694 2237 1821 2304 inlimro,

178 2337 232 2392 qna
246 2320 335 2376 tidelis
346 2323 448 2392 gratias
463 2322 530 2395 agit,
546 2325 620 2394 quod
638 2339 702 2380 eum
716 2323 852 2380 [tirannus
876 2325 910 2379 de
925 2341 972 2395 ue-
1024 2326 1098 2398 quod
1115 2326 1303 2384 misericordis
1323 2325 1386 2392 luit,
1400 2326 1465 2396 truria
1480 2325 1612 2380 diurnium
1625 2338 1678 2390 est,
1694 2327 1820 2385 liberarit

178 2416 383 2473 riculisruortis
395 2416 531 2483 liberarit,
546 2418 701 2474 alternent:
715 2416 969 2482 domnine-libem
1025 2432 1074 2483 rue,
1088 2415 1162 2487 quod
1177 2414 1312 2472 Dotttintts
1334 2415 1425 2470 faeere
1442 2417 1541 2487 notuit,
1560 2418 1625 2487 qrria
1646 2409 1737 2486 iretur
1760 2431 1828 2485 est,-

177 2508 296 2564 rnu'nttrm
312 2524 412 2575 meum,
428 2508 454 2563 in
465 2523 520 2578 qun
531 2509 652 2576 animam
664 2509 699 2564 ab
708 2517 814 2564 aeterna
825 2517 915 2565 morte
930 2510 972 2564 li·
1025 2507 1195 2561 invocantem
1216 2521 1247 2561 se
1263 2505 1414 2573 exaudivit,
1441 2507 1515 2576 quod
1536 2507 1627 2562 iacere
1651 2510 1757 2564 rlrlruit.
1781 2510 1819 2563 Et

177 2601 280 2669 iterari,
298 2611 326 2659 et
341 2603 368 2657 in
394 2603 505 2672 regione
532 2602 656 2657 rivorum
683 2603 812 2659 collocari
838 2606 968 2673 postulat.
1023 2598 1094 2654 Deua
1107 2608 1261 2665 nonerest,
1277 2599 1305 2654 id
1318 2610 1361 2654 est
1371 2600 1529 2667 burnitiurn,
1543 2601 1614 2668 ideo,
1630 2601 1724 2656 talium
1738 2604 1820 2657 miae·

178 2695 238 2752 Vox
252 2704 295 2754 esi
309 2694 383 2762 Filii,
391 2697 444 2768 nui
463 2705 589 2753 mortuus
602 2696 663 2762 luit,
682 2697 885 2771 etreriuit,r'1rri
907 2717 971 2770 per·
1023 2708 1105 2751 retrrr.
1126 2695 1194 2751 Nam
1206 2696 1334 2751 Dentibus
1345 2706 1388 2752 est

177 2792 257 2859 ierat,
275 2799 303 2847 et
334 2791 461 2846 intremus
490 2800 549 2858 εει;
570 2792 613 2846 rel
639 2792 710 2856 etis,
733 2806 795 2862 nure
819 2803 969 2859 erraneum,
1061 2790 1541 2860 lens.b.Gnrtodiertrnnrrulor,id
1564 2792 1815 2863 estlrutrriles,qrti

176 2901 259 2960 quam
281 2888 371 2946 berrue
389 2898 494 2959 nestor
521 2887 682 2956 inverteret,
710 2897 738 2943 et
761 2904 891 2959 sponsam
916 2890 968 2945 sibi
1025 2882 1318 2938 eernereieiliciuntnr
1333 2884 1439 2952 part-nti
1453 2884 1596 2949 sinudnln,
1615 2884 1674 2938 sine
1694 2884 1814 2948 ritalitin,

125 3031 127 3036 ,
175 2982 288 3040 lecerat.
1022 2983 1055 3032 de
1071 2976 1174 3047 quibus
1188 2975 1311 3030 diciture
1332 2994 1341 3026 t
1357 2973 1465 3029 Talinnr
1490 2982 1534 3029 est
1547 2990 1661 3045 regumn
1677 2978 1814 3030 reiorum

213 3071 323 3127 iered
338 3069 425 3125 Dilrai
441 3085 450 3124 ε
464 3070 529 3140 quin
543 3068 677 3125 Dominus
690 3069 747 3141 jam
768 3070 899 3126 omnibus
918 3070 968 3127 be·
996 3137 1003 3153 ι
1023 3067 1133 3140 (ilnttb.
1163 3068 1232 3133 arr).
1248 3085 1264 3118 -t
1289 3065 1346 3120 lloe
1369 3066 1547 3121 considerans
1571 3066 1727 3121 humiliatur
1753 3083 1815 3121 errat

176 3164 290 3226 nedixit,
303 3162 411 3232 pusillis
425 3178 487 3216 enm
503 3163 665 3231 urrulnribue,
680 3162 752 3218 sieut
772 3162 892 3217 Abrabae
905 3139 1003 3233 pro-⁴³
1021 3177 1085 3230 erga
1100 3175 1175 3227 eum,
1191 3159 1234 3212 rel
1249 3157 1366 3213 afflictus
1380 3173 1441 3212 snm
1461 3171 1510 3227 pro
1527 3159 1657 3227 pcccatis,
1672 3170 1697 3212 et
1713 3161 1817 3214 lidere-

175 3253 252 3308 irrisit
265 3251 316 3307 :dn
327 3252 433 3307 romine
455 3262 513 3315 tuo,
529 3252 603 3323 qrtod
627 3257 681 3307 εει
692 3251 831 3315 cbristus,
857 3253 969 3309 benedi·
1021 3254 1056 3307 rit
1069 3267 1109 3306 nte
1119 3250 1349 3314 de-tribulatione,
1361 3248 1442 3304 idest
1455 3249 1489 3303 de
1499 3249 1631 3320 peccatis,
1646 3265 1696 3320 nro
1709 3252 1814 3321 qrribne

175 3351 271 3398 centur
283 3357 381 3396 orrrnee
394 3349 506 3409 gentem
530 3355 595 3409 ergo
621 3356 670 3394 ros
686 3354 783 3394 ornnes
801 3341 968 3396 benedictin
1021 3342 1148 3407 tribulor,
1164 3355 1197 3397 ea
1211 3339 1431 3395 condonandoin
1448 3354 1487 3402 re,
1501 3348 1526 3394 et
1546 3339 1581 3395 de
1601 3340 1706 3404 dolore,
1725 3341 1812 3396 idest

175 3433 294 3488 Domino
305 3447 333 3486 et
349 3430 479 3501 baptizati
494 3430 599 3498 diligite
612 3428 759 3483 Dominum
783 3444 845 3483 meo
874 3443 968 3485 exera·
1019 3436 1053 3489 de
1066 3433 1231 3489 rnortalitute
1248 3443 1275 3489 et
1291 3432 1472 3503 passibilitate
1482 3431 1509 3487 in
1523 3446 1581 3502 ene.
1601 3423 1675 3497 ldeo,
1688 3447 1706 3486 o
1718 3435 1812 3487 anima

175 3528 231 3596 plo,
244 3526 292 3597 qui
302 3522 389 3577 dilexi
403 3537 478 3576 curn.
501 3519 534 3575 Et
553 3513 650 3575 merito
664 3520 820 3591 diligendas
834 3528 888 3586 eet,
901 3521 967 3591 quia
1020 3539 1200 3584 reremaneret
1215 3539 1230 3579 a
1243 3522 1393 3580 mundanis

175 3623 234 3692 inse
253 3617 330 3689 prior
343 3614 439 3672 dilexit
462 3628 512 3669 nos
526 3621 554 3668 et
573 3611 685 3668 tradidit
708 3613 886 3683 semetipsum
916 3628 967 3685 pro
1056 3617 1138 3673 lens.
1159 3616 1184 3672 7.
1201 3615 1355 3671 Convertere
1380 3617 1407 3669 in
1433 3617 1548 3686 requiem
1578 3617 1758 3682 tunm,idest
1783 3618 1826 3671 in

174 3714 265 3771 trebie.
280 3708 366 3766 beon
379 3707 493 3779 diligere
505 3703 686 3761 estmandata
696 3703 757 3775 ejus
769 3703 893 3776 implere.
913 3704 966 3772 Qui
1009 3711 1171 3776 libristum,
1199 3709 1245 3780 oui
1273 3717 1315 3764 est
1329 3723 1394 3763 rora
1415 3708 1524 3778 requies
1553 3716 1611 3772 tua,
1639 3707 1685 3779 qui
1716 3709 1786 3762 dixit
1802 3725 1826 3762 :-

174 3806 249 3861 entim
264 3803 364 3876 diligit,
379 3801 467 3873 legem
481 3798 612 3878 implerit.
628 3796 686 3869 ligo
708 3797 769 3853 ouis
784 3797 902 3867 perdita,
917 3797 965 3853 eod
1022 3821 1031 3852 ι
1051 3800 1151 3882 Discite
1164 3814 1180 3855 a
1198 3814 1242 3854 me
1263 3800 1328 3870 ertia
1350 3797 1425 3853 mitio
1440 3811 1500 3853 sont
1513 3797 1663 3853 ottrannus
1674 3797 1768 3863 corde,
1782 3810 1810 3853 ct

172 3901 231 3971 lum
243 3895 427 3968 spontanea
440 3891 523 3947 dilexi
546 3905 689 3962 contusum,
713 3888 861 3945 lionrinnm
883 3890 966 3947 eorde
1019 3890 1165 3946 inuenietis
1188 3889 1312 3961 requiem
1335 3889 1481 3944 animabus
1510 3888 1609 3943 restris
1632 3889 1742 3958 llluttb.
1768 3907 1809 3957 tr,

173 4001 202 4048 et
211 4004 308 4063 opere3
317 3987 441 4059 quoniam
454 3982 579 4040 exaudiet
593 3979 721 4035 Dorrtinut
735 3997 822 4036 rorem
837 3982 966 4037 orutiont'a
1018 3987 1074 4055 29).
1094 4003 1104 4036 t
1119 3982 1214 4037 letne
1229 3981 1322 4036 labore
1336 3981 1420 4050 liujus
1433 3980 1521 4035 exsilii
1535 3991 1684 4036 eorrarrtere
1699 3998 1747 4052 per
1757 3984 1810 4038 bu·

173 4100 249 4148 rnre,
271 4083 297 4138 id
319 4090 362 4136 εει
385 4075 519 4150 quidquid
543 4091 607 4132 eum
627 4089 688 4143 oro,
702 4074 794 4130 laeiet.
817 4072 855 4129 lta
873 4083 901 4131 ct
916 4090 966 4132 ros
988 4105 991 4110 ·
1018 4079 1160 4134 militatem
1174 4077 1201 4129 in
1212 4075 1326 4144 requiem
1338 4072 1469 4143 paradisi,
1494 4072 1540 4127 ubi
1559 4082 1603 4127 eet
1620 4073 1730 4142 requies
1750 4085 1807 4130 tna.

173 4192 239 4234 eum
254 4173 369 4246 diligite,
384 4180 412 4227 et
424 4179 545 4227 reserem
569 4168 720 4224 orationem
741 4166 965 4224 exaudietrldeo
1019 4161 1299 4233 Nunenresantplius
1312 4162 1586 4231 «laterculorum
1598 4163 1731 4228 ooelestin,
1744 4169 1810 4235 quir

173 4271 266 4336 errat,
977 4288 979 4291 -
1020 4256 1150 4311 [inmittet
1163 4255 1289 4324 benefecit
1301 4254 1359 4323 tibi,
1369 4254 1417 4323 qni
1432 4261 1458 4307 te
1472 4254 1506 4308 de
1521 4254 1697 4311 tribulatione
1711 4271 1808 4326 noeca·

213 4362 295 4419 iens.
309 4361 337 4418 2.
358 4360 429 4427 Quin
439 4356 576 4413 inrdirtnoit
594 4370 685 4410 eurem
695 4368 772 4409 tunm
784 4351 862 4418 mibi,
881 4350 909 4407 id
923 4360 966 4408 eet
1019 4353 1108 4401 turum
1130 4355 1158 4400 et
1175 4346 1209 4400 ule
1220 4344 1314 4399 dolore
1329 4359 1473 4414 poennrnm
1484 4344 1623 4412 liberarit,
1634 4357 1661 4401 et
1674 4348 1806 4403 arniseanr

175 4452 510 4523 mrrenr,mieericonlimn
526 4444 690 4504 enamsmibi
708 4445 826 4510 intirmo,
850 4442 965 4499 alatro·
980 4433 1412 4519 „requicmltdtfflllsiffltldldib
1441 4432 1475 4489 Εῑ
1499 4433 1601 4490 idcirco
1628 4435 1691 4504 iure
1714 4434 1810 4492 llottti·

174 4548 256 4603 nibns
272 4545 405 4602 semiviro
426 4542 522 4597 relicto
538 4535 708 4593 descendens
722 4534 757 4589 de
767 4534 848 4597 eoeln,
861 4532 965 4602 pellente
1018 4544 1082 4584 num
1096 4527 1178 4582 dilexi
1195 4545 1201 4580 :

173 4640 306 4703 dolorem,
321 4635 469 4691 restituens
482 4632 598 4687 mletem
608 4637 657 4693 ;·et
673 4624 733 4679 ideo
746 4624 773 4678 r'n
795 4623 887 4678 utetur
899 4623 964 4677 meir
1051 4618 1177 4675 .l'ets..8.
1198 4619 1267 4684 eriu
1280 4619 1377 4688 eripuit
1389 4618 1507 4673 unirnent
1524 4635 1608 4673 urcem
1621 4621 1656 4673 de
1669 4632 1764 4689 auerte,
1777 4633 1804 4674 er

174 4727 310 4792 inrorato,
323 4725 466 4791 subaudis,
477 4737 552 4778 eunt.
569 4718 627 4775 lloc
642 4725 695 4784 eet,
712 4716 835 4788 quandiu
861 4715 962 4778 uirum,
1016 4711 1218 4784 eripuitocnlor
1231 4726 1301 4765 nteoe
1318 4728 1334 4763 a
1351 4709 1489 4780 lacrymis,
1504 4710 1530 4766 id
1542 4719 1586 4766 eet
1604 4725 1620 4764 n
1636 4711 1725 4779 noenis
1743 4726 1822 4783 qrrar.

173 4820 261 4874 «nabo
273 4831 350 4880 enm,
374 4824 402 4870 et
420 4815 473 4870 boe
499 4815 527 4868 in
554 4812 662 4874 diebus,
678 4825 750 4881 quos
772 4805 825 4862 teet
845 4820 922 4862 meos
935 4806 964 4861 in
1015 4811 1180 4875 ettoruuent
1193 4803 1338 4875 lacrymas,
1353 4811 1378 4857 et
1389 4801 1492 4871 eripuit
1502 4802 1580 4872 aeder
1599 4818 1670 4857 mcor
1683 4820 1700 4855 u
1714 4802 1803 4873 lupae,

174 4914 265 4984 primo
284 4907 397 4962 bomine
411 4906 561 4977 peccando,
575 4905 603 4959 in
625 4904 727 4974 qrribus
751 4900 863 4957 ruieeria
873 4908 900 4955 et
915 4916 966 4954 arr·
1016 4900 1099 4955 idest
1123 4896 1281 4952 ulieetiones
1305 4909 1412 4950 nrcasa
1432 4894 1571 4950 uoluntate
1597 4895 1742 4964 peccandi,
1755 4910 1807 4965 pro

174 5004 263 5077 gestia
279 5001 391 5061 allicior.
404 5000 473 5057 Nam
486 5002 513 5056 in
527 5003 569 5056 bis
584 5001 682 5056 diebus
1015 4994 1116 5063 quibus
1131 4993 1288 5061 irrogantur
1298 5003 1385 5058 petrae
1400 4989 1506 5082 mortis.
1518 4986 1565 5042 Vel
1578 4988 1674 5060 ederit
1686 4989 1805 5042 animum

212 5097 294 5155 Vens.
310 5097 336 5153 5.
351 5095 586 5152 Gircnnniederunt
613 5108 653 5146 me
675 5089 779 5145 doloret
794 5088 897 5154 ntortit,
911 5089 965 5143 boe
1016 5098 1100 5138 nreurn
1113 5082 1145 5135 tie
1160 5090 1253 5145 intorte,
1266 5080 1344 5133 idest
1358 5080 1392 5133 de
1405 5079 1565 5144 tentatione,
1580 5088 1697 5147 quaeest
1720 5093 1805 5133 causa

173 5202 226 5261 est,
241 5153 518 5246 circumvallaverunt
537 5199 581 5238 me
601 5182 755 5237 ntor-ntitas
778 5189 806 5235 et
826 5177 963 5251 passibili·
1016 5173 1123 5238 ntortis,
1139 5183 1167 5226 et
1181 5172 1277 5227 oculos
1289 5186 1363 5227 meos
1380 5170 1509 5239 agemitu
1522 5184 1570 5238 per
1585 5171 1648 5235 boe,
1659 5169 1734 5239 quod
1749 5171 1805 5223 eri-

175 5295 227 5348 tur,
238 5291 301 5354 qne
311 5280 417 5337 iaciunt
432 5277 571 5334 bominem
588 5273 659 5330 mori
676 5291 684 5327 r
700 5282 725 5326 et
735 5271 855 5342 periculo
866 5270 964 5339 interni
1016 5266 1072 5336 niet
1084 5265 1172 5336 pedet,
1188 5266 1214 5319 id
1230 5275 1272 5350 est
1283 5265 1396 5320 allectus
1409 5279 1513 5319 rneosa
1531 5263 1650 5333 neocaes
1664 5277 1727 5333 quae
1740 5271 1806 5317 snru

173 5377 326 5429 inuenerunt
341 5389 393 5441 nte,
404 5372 486 5427 ideet
506 5369 672 5427 tentationes
692 5364 877 5422 eritninaiiurn
901 5378 965 5433 pec·
1016 5374 1100 5413 cauea
1114 5357 1241 5428 gentitus.
1256 5356 1283 5410 ln
1296 5356 1348 5410 boe
1364 5356 1422 5411 ecio
1433 5355 1506 5425 qtrorl

173 5477 387 5535 omniumque
406 5479 450 5519 me
458 5463 632 5533 ¹(reterrebant,
657 5460 810 5513 inverterunt
835 5471 886 5520 nte,
903 5467 965 5524 quie
1054 5447 1136 5503 iens.
1148 5448 1175 5504 9.
1193 5448 1306 5502 Plurebo
1320 5446 1431 5501 Domino
1451 5448 1478 5500 in
1504 5446 1608 5516 reeiorre
1628 5446 1758 5510 tironem,
1776 5443 1804 5497 id

174 5556 322 5609 ducuntad
339 5554 490 5610 infernum.
503 5552 552 5609 llel
566 5551 670 5607 doloret
682 5533 775 5602 mortis
792 5547 872 5601 tnalae
889 5545 965 5614 eogi-
1016 5552 1055 5596 εει
1069 5540 1095 5594 iu
1108 5549 1208 5594 aeterna
1224 5538 1321 5610 gloria,
1335 5538 1380 5592 ubi
1394 5546 1498 5592 tanturn
1519 5546 1600 5592 erunt
1623 5535 1688 5602 riri,
1704 5535 1738 5590 de
1749 5551 1804 5605 orta

151 5641 438 5713 'bationemperiruln
462 5643 558 5713 interni
573 5640 809 5711 prat’aeactionee.
838 5635 901 5700 llaec
921 5652 966 5690 nte
1017 5631 1126 5702 regione
1142 5643 1196 5684 nnn
1217 5629 1335 5698 amplius
1352 5636 1432 5681 erunt
1457 5626 1603 5696 peregrini.
1634 5623 1692 5681 Non
1713 5626 1820 5720 dixit:¹

177 5744 330 5805 quaerentes
345 5735 496 5789 inrenernnt
512 5751 551 5788 ure
564 5734 616 5789 sibi
634 5731 900 5797 contenebratorum
916 5745 964 5784 eos
1017 5723 1125 5792 l'lurro,
1141 5723 1186 5775 scd
1202 5721 1319 5791 ulmeio,
1335 5721 1397 5790 turia
1417 5734 1496 5775 nctno
1509 5719 1628 5788 perteue
1645 5717 1732 5788 ptarrr
1746 5714 1804 5770 otro
