3892 6067
185 227 256 285 tusa
698 203 853 303 annosis
867 228 1063 287 baeresim
1083 230 1287 289 sennense.
1738 228 1812 285 troo

185 347 221 401 tit
235 343 365 402 Ecclesiae
379 359 495 418 magnus
512 355 572 405 erat
588 346 659 403 inter
676 361 772 407 omnes
785 349 931 407 orientales
942 351 973 406 li·
987 357 1010 413 Α
1026 366 1078 408 nus
1094 366 1177 420 super
1189 350 1290 405 rulnus
1302 347 1437 420 infligunt,
1453 347 1511 417 qui,
1525 347 1599 419 quod
1612 346 1662 403 eibi
1684 345 1742 400 lieri
1760 360 1812 400 no-

185 438 238 492 lins
256 446 283 491 et
299 436 369 489 illias
383 434 542 507 Septiiormi
557 437 654 508 spiritu
670 439 809 507 robustos,
823 455 855 496 ac
871 451 972 496 sanetae
1024 444 1094 507 lunt,
1110 442 1172 498 aliis
1186 439 1315 507 inferunt,
1331 439 1396 495 dum
1418 454 1512 494 eorum
1525 438 1595 495 tilios
1607 453 1639 494 ae
1658 436 1812 508 disciputus

185 526 328 579 Trinitatis
341 525 393 579 hde
413 525 553 595 pulchras,
566 529 670 586 habena
684 540 750 587 ates
759 539 786 586 et
806 532 900 599 bores,
916 533 973 588 asi·
1023 536 1059 591 ab
1072 536 1123 600 eis,
1140 533 1192 591 sub
1205 532 1308 604 quibos
1321 532 1422 588 saltari
1442 540 1578 602 poterant,
1597 530 1737 601 magistris
1760 527 1812 584 ab·

185 631 236 670 nas
246 624 274 671 et
286 615 408 672 camelos
423 616 450 671 in
463 616 584 701 millibus
599 630 797 679 conversorum
815 637 850 678 ex
870 621 973 680 iudeis
1023 625 1155 690 straltere,
1168 638 1200 678 ae
1210 620 1263 676 sibi
1276 620 1412 677 attrahere
1423 619 1582 686 moliuntur,
1596 627 1727 689 tanquam
1737 615 1811 688 apud

186 715 214 762 et
226 708 355 777 gentihus
370 707 526 779 possidens,
539 710 566 764 in
583 710 714 769 fractione
729 713 860 770 dominici
882 716 971 785 panis,
1024 716 1099 774 solos
1113 731 1161 772 eos
1176 715 1302 772 Christus
1321 714 1367 780 sit,
1380 722 1511 782 tanquam
1531 724 1644 782 regnum
1658 707 1706 764 Dei
1717 707 1752 764 ab
1768 707 1811 763 eis

184 798 344 869 quotidiana
377 807 479 855 sancte
508 802 673 871 epulationis
700 819 763 859 cum
793 805 973 861 exsultatione
1023 808 1199 879 processerit,
1212 806 1298 862 autin
1310 821 1358 861 ena
1372 804 1447 861 solus
1458 800 1683 873 pervenerittita
1697 807 1812 869 utpene

184 889 310 945 conriria
332 888 447 948 faciens.
472 889 575 948 lleinde
593 892 678 948 Satan
701 894 830 964 expetivit
844 890 919 964 eum,
943 906 973 950 ut
1024 897 1077 953 diei
1099 891 1255 963 audiamus,
1270 895 1342 953 sicut
1356 893 1495 965 quondam
1510 891 1655 947 heresium
1680 889 1813 960 tempori·

187 983 324 1039 cribraret
349 983 421 1038 sicut
440 983 573 1052 triticum,
589 985 750 1057 incipiensa
773 991 972 1058 persecutione,
1024 989 1076 1044 bus
1090 988 1246 1044 dictumest
1263 1005 1270 1041 :
1297 1005 1306 1039 t
1322 985 1391 1041 Eece
1406 985 1450 1039 hie
1471 990 1513 1037 cst
1527 981 1664 1046 Christus,
1684 988 1732 1035 aut
1744 994 1812 1035 eece

184 1090 246 1143 quae
257 1074 309 1129 tub
321 1071 462 1143 Stephano
473 1071 545 1130 faeta
557 1085 599 1131 est
615 1077 666 1146 (i).
685 1076 731 1134 Sic
746 1093 810 1134 vero
833 1089 860 1134 et
878 1090 973 1136 nostro
1024 1081 1079 1136 illie
1090 1078 1200 1152 (ffutth.
1216 1078 1302 1147 rsit).
1319 1096 1329 1129 t
1346 1075 1400 1131 Sed
1412 1075 1450 1130 ire
1470 1075 1600 1129 nolumus
1615 1086 1704 1142 neque
1721 1080 1812 1126 seeta·

185 1168 212 1222 in
229 1176 352 1237 ternpore
371 1170 564 1238 magistrorum
588 1170 771 1241 quorumdam
788 1180 912 1241 torpente
926 1173 974 1228 de·
1025 1170 1138 1224 bitnurt
1165 1168 1306 1223 nonenim
1323 1166 1359 1221 lta
1375 1162 1478 1236 pauper
1502 1173 1544 1219 est
1569 1162 1702 1217 [lominus
1716 1168 1813 1215 noster

184 1258 255 1314 sidia
270 1269 298 1315 ct
312 1259 445 1316 falsorum
461 1262 575 1317 fratrum
588 1262 716 1334 vigilante
730 1262 842 1332 perlltlia
857 1263 920 1317 data
932 1273 975 1318 est
1024 1259 1103 1315 lesus
1114 1257 1252 1324 Christus,
1264 1267 1294 1313 ut
1306 1256 1381 1313 solos
1395 1252 1428 1311 de
1441 1255 1535 1310 labore
1547 1269 1677 1309 manuum
1687 1253 1814 1307 mrentoe

185 1350 213 1404 in
240 1364 304 1404 eum
333 1350 441 1407 Satanae
467 1361 589 1423 potestas
612 1368 628 1406 a
655 1351 782 1421 homino,
803 1354 975 1425 perdiditque
1024 1352 1175 1407 nrnnactros
1192 1364 1288 1406 seiros
1299 1348 1406 1418 babeat,
1420 1364 1471 1405 nee
1484 1361 1539 1405 tatu
1553 1348 1650 1414 durus,
1664 1357 1694 1402 nt
1703 1346 1812 1418 pellicia

186 1457 297 1497 omnem
311 1444 495 1499 sultstantiam
510 1444 581 1515 ejus,
596 1459 628 1499 ac
640 1442 711 1500 tilios
726 1445 774 1512 ita,
792 1454 822 1500 ut
835 1445 975 1517 plerisque
1023 1453 1098 1499 reste
1120 1444 1272 1500 carentium
1295 1440 1394 1515 bigote
1419 1439 1562 1497 mortifero
1585 1440 1744 1508 delectetur,
1768 1440 1812 1493 rel

185 1537 212 1592 in
228 1537 308 1605 locis,
322 1537 368 1594 uhi
383 1539 522 1608 quondam
543 1538 645 1606 floruit,
657 1554 726 1609 pene
742 1539 769 1593 in
797 1540 912 1594 nihilum
929 1555 974 1595 re·
1024 1536 1200 1593 multitudine
1215 1535 1357 1591 lanearum
1371 1534 1527 1590 tunicarum
1539 1547 1634 1589 serrem
1645 1532 1814 1601 suoseupiat

184 1629 281 1686 dactus
292 1631 338 1697 sit,
350 1638 378 1684 et
389 1629 511 1699 perierit,
525 1646 558 1686 ae
569 1631 648 1701 proin
661 1639 791 1701 tanquam
803 1632 843 1687 sal
855 1630 974 1688 infatua·
1009 1640 1114 1704 ¹usque
1134 1626 1168 1682 ad
1195 1625 1427 1683 succumbendum
1454 1623 1574 1693 onerari,
1598 1631 1646 1679 aut
1673 1622 1813 1678 vermibus

185 1729 243 1776 tum
263 1720 388 1776 mittatur
413 1719 499 1784 foras,
520 1730 549 1776 et
570 1722 746 1777 conculcetur
768 1721 802 1775 ab
817 1721 975 1776 homiuibus
990 1703 1011 1758 Β
1025 1718 1213 1789 multiplicatis
1228 1716 1335 1773 absumi
1349 1713 1499 1786 praecipiat,
1514 1721 1654 1785 quaesunt
1671 1711 1764 1767 omnia
1777 1709 1812 1764 ad

184 1813 253 1867 ordo
277 1821 372 1867 noster
395 1813 556 1879 canonieus,
571 1828 626 1867 non
647 1811 682 1867 ab
702 1812 870 1877 hominibus,
886 1827 974 1883 neque
1025 1824 1081 1864 nou
1095 1807 1379 1879 parcendumeurpori
1392 1805 1490 1876 inipso
1505 1820 1567 1860 nsn.
1585 1803 1649 1869 Sed,
1666 1821 1675 1855 t
1690 1803 1717 1856 iu
1728 1802 1815 1856 donno

184 1917 234 1971 per
248 1900 401 1968 hominem,
410 1902 457 1957 sed
470 1902 603 1957 divinitus
616 1902 775 1968 institutum
790 1902 837 1974 qui
849 1903 877 1958 in
886 1917 976 1959 sacer·
1026 1898 1074 1954 Ilei
1086 1899 1245 1958 matrsiones
1256 1899 1349 1953 multae
1364 1906 1429 1953 sunt
1440 1895 1531 1969 (loon.
1548 1896 1615 1967 ιιι).
1635 1894 1691 1950 Et:
1712 1891 1815 1946 «dorii

184 1992 261 2047 ‹lotio
280 1992 384 2057 Aaron,
397 2007 430 2047 ac
450 1990 572 2047 Levitico
587 1988 741 2049 ministerio
761 1994 790 2049 in
805 2001 869 2066 typo
882 1993 976 2049 floruit
1026 1990 1170 2054 liomintts,
1191 1990 1239 2063 qui
1261 1999 1326 2048 sunt
1341 1990 1412 2061 ejus,
1427 1996 1454 2045 et
1468 1988 1590 2047 discedat
1614 1986 1649 2042 ab
1670 1986 1816 2055 iniquitate

187 2085 216 2137 in
241 2082 353 2139 Christo
370 2092 397 2138 et
421 2084 554 2167 apostolis
579 2085 640 2155 ejus
665 2099 697 2140 ae
717 2084 867 2156 discipulis,
892 2084 975 2157 inque
1026 2083 1127 2150 omnis,
1142 2082 1189 2153 qul
1203 2083 1328 2138 nominat
1339 2097 1439 2138 nomen
1457 2081 1564 2137 Domini
1578 2077 1624 2152 fil
1636 2078 1705 2133 tint.
1721 2079 1764 2147 ιι).
1781 2076 1815 2132 Ει

184 2175 254 2246 ipsis
267 2174 396 2246 primitiis
416 2174 603 2244 credentium,
628 2176 753 2247 «quibus
768 2192 815 2233 cor
840 2192 923 2231 unum
948 2187 976 2232 et
1026 2172 1121 2244 religio
1139 2163 1248 2228 ‘munda
1267 2180 1294 2227 et
1306 2173 1480 2228 immaculata
1502 2170 1573 2242 apud
1595 2169 1739 2224 bominum
1756 2169 1815 2222 haec

188 2269 280 2323 anima
295 2283 349 2323 una
365 2277 425 2323 erat
435 2267 462 2322 in
475 2267 531 2323 lieo
544 2268 616 2340 (Act.
628 2269 677 2341 rr),
692 2267 811 2324 fructum
832 2268 976 2325 suavitatis
1026 2270 1069 2319 est
1081 2261 1191 2318 visitare
1204 2262 1323 2333 pupilles
1336 2263 1468 2319 etriduas
1482 2263 1510 2317 in
1521 2260 1696 2318 tribulatione
1705 2270 1814 2323 eoru-n,

184 2369 213 2415 et
235 2360 332 2416 salutis·
345 2360 474 2429 protulit;
487 2360 514 2414 in
537 2361 641 2416 sanetis
654 2359 785 2415 itomanis
798 2359 976 2430 pontificibus
1026 2363 1053 2408 et
1066 2354 1272 2409 immacutatum
1282 2353 1497 2410 seeustmireab
1508 2353 1561 2408 hoe
1569 2349 1748 2421 secuntiae.
1763 2351 1811 2419 tl.»

185 2467 274 2521 usqae
288 2451 322 2507 ad
334 2448 476 2506 Urbanum
491 2460 627 2521 papamet
641 2459 789 2523 martyrem
804 2467 819 2505 a
832 2449 912 2507 beate
924 2448 976 2505 Pe·
1027 2447 1055 2502 ln
1071 2448 1114 2503 his
1129 2447 1251 2518 profecto
1266 2447 1384 2518 aliisque
1401 2463 1471 2501 serae
1485 2444 1626 2516 religionis
1646 2444 1765 2499 cultibus
1781 2457 1814 2497 ac

186 2553 231 2597 tro
242 2541 369 2614 apostolo
386 2552 493 2597 sestam
507 2543 645 2598 decimum
671 2544 709 2613 (5)
726 2542 752 2596 in
775 2551 831 2597 toto
843 2542 900 2598 fere
915 2542 977 2598 ibo·
994 2552 997 2559 “

186 2648 247 2686 rum
264 2640 416 2701 temporum
429 2633 513 2698 clero,
528 2639 558 2688 ut
569 2633 640 2687 idem
660 2630 786 2688 Urbanus
801 2648 870 2703 papa
893 2640 977 2688 testa·

187 2730 241 2783 tur,
255 2721 282 2774 in
294 2720 452 2791 satietisque
464 2722 639 2791 postmodnm
652 2719 859 2777 confessoribus
869 2732 896 2777 et
908 2736 976 2793 pon·

187 2808 977 2884 titiribnslittaris,umbrosiodugustino,germenptan-

186 2902 298 2959 tationis
318 2902 433 2973 justitia:
463 2904 564 2959 inundo
589 2904 724 2974 protulit;
750 2905 796 2975 qui
818 2904 976 2976 aliquandiu

1027 2540 1136 2611 pietatis
1155 2540 1304 2605 exercitiis,
1323 2539 1496 2609 inquantum
1512 2537 1656 2595 nobiseum
1670 2544 1745 2600 sunt,
1757 2534 1815 2589 sire

1028 2633 1182 2703 praecedant
1206 2646 1268 2697 nos,
1295 2631 1352 2686 sire
1376 2630 1549 2694 comitentur,
1564 2636 1612 2682 ant
1631 2627 1815 2697 precedentes

1027 2724 1241 2794 subsequantur,
1256 2731 1304 2778 aut
1317 2721 1436 2790 nomint,
1453 2736 1486 2777 ac
1498 2719 1596 2775 fratres
1607 2718 1749 2781 monaehi,
1764 2731 1814 2771 eu·

1025 2816 1181 2886 jusounqne
1194 2815 1297 2871 eoloris
1314 2823 1427 2869 utantur
1442 2813 1575 2880 restibus,
1593 2826 1655 2867 rere
1668 2809 1814 2865 domestici

1027 2923 1059 2963 ae
1072 2908 1170 2964 iratres
1180 2908 1264 2964 nostrl
1276 2915 1350 2973 sunt,
1360 2921 1465 2976 nosque
1475 2906 1620 2981 omnrshi,
1628 2903 1675 2973 qui
1683 2904 1754 2956 inter
1764 2916 1815 2955 eos

186 3004 246 3063 post
260 2995 368 3048 illorum
382 3002 505 3064 ternpora
527 3004 654 3049 mortuus
672 2994 770 3059 luerat,
788 2997 834 3053 scd
859 2996 975 3061 revisit;
990 3031 1011 3088 C
1027 2999 1147 3069 sapiunt,
1161 3015 1226 3055 suos
1248 2998 1348 3053 iratres
1362 3013 1394 3052 ae
1411 2996 1576 3051 domesticos
1599 3002 1813 3064 recognoscunt,

186 3086 314 3154 perierat,
333 3086 379 3139 sed
395 3085 523 3139 inventus
538 3095 597 3152 est3
614 3101 662 3154 per
681 3086 761 3156 cujtts
782 3087 973 3157 symphoniam

185 3186 212 3230 et
225 3177 325 3231 choros
338 3176 395 3247 jam
410 3192 473 3233 cccc
492 3177 592 3232 donnus
610 3177 739 3232 Ecclesiae
754 3178 904 3232 exhilarata
921 3188 973 3232 est.

187 3265 265 3324 Unde
275 3279 434 3339 oportuerat
444 3269 543 3323 iratres
554 3270 689 3340 quosdam
699 3280 810 3326 nostros
824 3272 975 3326 mortachos

187 3359 318 3429 gaudere,
345 3376 399 3415 non
424 3372 515 3417 atatem
531 3363 619 3417 eidem
644 3361 733 3417 ordini
758 3362 785 3416 in
809 3362 974 3432 quibusdam

186 3450 320 3506 membris
341 3451 399 3508 suis
419 3454 551 3509 insultare
571 3454 709 3519 morienti,
731 3454 771 3507 rel
790 3452 974 3508 licereditatem

189 3540 315 3597 semiviri
336 3541 474 3596 invadere.
491 3543 560 3610 Quia
576 3543 599 3600 si
614 3543 744 3599 inimicus
757 3544 818 3612 ejus
831 3542 976 3613 acephalo-

188 3650 250 3688 rum
274 3633 407 3705 siquidem
433 3636 596 3691 clericorum
620 3646 708 3692 coetus
729 3635 917 3691 maledixisset
938 3634 973 3700 ei,

186 3726 322 3782 carronieo
337 3727 462 3780 ritleliert
475 3727 578 3795 ordini,
596 3729 776 3784 sustinuisset
791 3730 899 3799 utique;
913 3738 937 3782 et
952 3730 974 3782 si

186 3820 220 3884 is,
238 3819 284 3888 qni
302 3820 397 3873 oderat
412 3836 474 3874 cum
487 3837 536 3875 sua
552 3820 676 3875 ridelicet
691 3835 828 3889 quaerens,
845 3837 899 3874 non
914 3836 976 3889 quae

185 3912 251 3970 iesu
264 3912 377 3981 Christi,
397 3931 495 3984 nragna
512 3915 620 3968 locutus
634 3912 732 3968 luisset
745 3929 828 3983 super
841 3929 914 3978 enm,
927 3914 976 3968 ab·

186 4006 340 4061 seortdisset
354 4019 384 4059 se
397 4005 513 4057 forsitan
528 4005 561 4057 ah
576 4020 629 4069 ιι;
646 4019 719 4056 ιιιιιιι
734 4018 797 4057 reru
812 4002 860 4056 lilii
880 4004 975 4057 aratris

186 4115 244 4154 suae
257 4106 380 4168 pugnant
404 4105 499 4150 cotttra
522 4111 596 4161 eunt,
619 4106 646 4151 et
663 4095 745 4151 hnuto
761 4095 901 4151 unanimis
919 4096 973 4151 dux

186 4192 257 4259 ejus,
273 4202 301 4243 et
312 4195 394 4243 notus
415 4187 486 4258 ejus,
501 4188 547 4259 qui
564 4186 646 4242 simui
667 4204 729 4243 cunr
743 4203 776 4242 eo
791 4187 886 4244 dulces
900 4187 974 4242 rerhi

185 4281 271 4335 divini
286 4277 410 4350 capiebat
429 4278 516 4346 eibos,
535 4281 563 4334 in
575 4280 658 4334 domo
680 4278 728 4335 bei
741 4280 898 4335 ambulabat
911 4295 973 4334 eum

1027 3092 1139 3146 etaient
1155 3091 1182 3145 in
1195 3091 1265 3145 troelo
1277 3088 1412 3145 cherubin
1434 3096 1460 3143 et
1480 3087 1619 3157 seraphin,
1633 3087 1673 3141 sic
1691 3083 1816 3139 interris

1028 3200 1081 3238 una
1098 3183 1241 3239 nobiseum
1256 3196 1377 3237 consone
1390 3190 1417 3235 et
1433 3182 1549 3236 urtisone
1570 3198 1579 3232 t
1596 3171 1724 3243 Sanetus,
1740 3175 1816 3229 San-

1027 3283 1099 3339 etus,
1115 3274 1232 3328 Sarrctus
1247 3293 1257 3325 ι
1282 3280 1423 3328 cantantes
1444 3268 1587 3327 θιιιιιὶιιιιιιι
1603 3267 1722 3323 Sabaoth
1738 3267 1816 3321 socia

1026 3364 1208 3421 exsultatione
1222 3363 1424 3420 concelebrant.
1446 3360 1502 3419 Nec
1517 3377 1582 3417 rero
1597 3360 1752 3415 inridemus
1774 3358 1817 3413 eis

1027 3456 1079 3511 snb
1090 3456 1201 3511 nuntiae
1216 3454 1350 3524 Seraphin
1363 3470 1409 3511 sex
1425 3454 1533 3509 alarum
1545 3451 1677 3517 rolatum,
1694 3449 1761 3504 dum
1773 3457 1818 3502 ta·

1027 3566 1089 3606 tuen
1104 3559 1131 3605 et
1144 3549 1196 3619 ipsi
1209 3548 1334 3604 ordinem
1361 3546 1525 3604 canonicum
1542 3545 1593 3601 sub
1612 3543 1723 3598 nomine
1743 3540 1818 3595 Che·

1028 3643 1109 3699 rubin
1127 3656 1220 3697 secum
1235 3640 1262 3696 in
1285 3640 1359 3696 socia
1375 3638 1558 3696 exsuhatione
1570 3635 1709 3708 patiantur
1724 3652 1731 3689 :
1747 3633 1818 3687 alio-

1027 3734 1105 3804 quin,
1119 3743 1149 3788 ut
1167 3745 1270 3787 taceant
1291 3732 1325 3786 de
1341 3729 1481 3785 Cherubin
1503 3736 1530 3784 et
1553 3725 1696 3797 Seraphin,
1710 3723 1757 3781 aed
1780 3737 1819 3777 ac

1026 3828 1098 3881 inter
1119 3826 1276 3898 angelorum
1301 3823 1412 3894 quidem
1428 3830 1531 3878 sortem
1549 3820 1656 3876 censeri
1679 3826 1817 3889 possunt;

1027 3936 1080 3973 non
1105 3919 1177 3973 enim
1206 3914 1431 3987 surperbientiurn,
1459 3922 1486 3968 et
1513 3912 1548 3969 de
1573 3927 1622 3968 sua
1648 3909 1817 3980 superlativa
1901 3944 1911 3967 .

1027 4010 1172 4064 sanctitate
1185 4009 1211 4063 in
1228 4008 1347 4079 aliquam
1361 4007 1565 4079 derogationem
1581 4003 1767 4080 glutiendam,
1782 4018 1818 4058 ae

1027 4102 1192 4173 superlative
1215 4101 1349 4167 Sanctus,
1376 4098 1511 4164 Sanctior,
1536 4095 1733 4152 Sanctissirnus
1763 4096 1818 4150 hoc

1027 4193 1109 4248 modo
1130 4193 1299 4256 canentium,
1319 4189 1366 4246 sed
1391 4190 1593 4259 ‹parvulorum
1617 4198 1644 4243 et
1669 4187 1816 4243 humilium

1026 4295 1069 4343 cst
1089 4302 1203 4358 regnunt
1228 4284 1361 4339 coelorunt
1377 4280 1489 4354 (lfotth.
1511 4284 1602 4353 artu),
1617 4300 1626 4334 t
1644 4282 1671 4338 in
1689 4297 1755 4351 quo,
1767 4280 1816 4349 qui

185 4387 334 4438 0011301111,
349 4373 431 4427 11111110
455 4371 530 4443 bacis
553 4388 620 4434 suae.
644 4373 671 4427 iu
687 4388 743 4442 quo
759 4373 898 4443 sperabat,
913 4387 974 4426 arn-
990 4390 1014 4448 ι)
1028 4375 1194 4449 ιιιι)οιιιΐιιί
1218 4375 1344 4440 vuluerit,
1360 4382 1478 4445 oportet,
1494 4383 1525 4429 ut
1545 4374 1667 4428 ornniuna
1684 4372 1817 4427 minimus

184 4464 280 4534 pilarit
295 4463 440 4519 adversum
458 4480 487 4519 se
509 4463 758 4534 supplantationem
783 4472 813 4518 nt
830 4464 887 4533 iarn
912 4479 974 4518 eum

185 4555 317 4625 apostolo
331 4555 420 4610 valeat
440 4555 468 4610 in
482 4554 598 4611 Domino
613 4570 668 4609 non
691 4556 780 4612 solum
804 4554 913 4626 periclis
941 4572 973 4610 cx

185 4648 322 4716 gentihus,
334 4647 382 4702 sed
393 4656 420 4702 et
431 4648 542 4718 periclis
556 4663 590 4702 ex
602 4662 710 4717 genere,
722 4657 749 4703 et
759 4649 868 4719 periclis
884 4648 910 4703 in
925 4648 976 4704 lai-

186 4735 226 4790 sis
240 4735 371 4792 fratribus
381 4737 503 4808 gloriari.
521 4738 573 4794 Sed
589 4738 665 4796 false
682 4737 861 4797 fraternitatis
874 4756 975 4797 nomen

185 4826 254 4883 solis
265 4825 320 4883 illis
330 4826 490 4897 imputetur,
502 4831 553 4901 qui
561 4831 667 4887 viscera
678 4831 787 4902 pietatis
799 4848 854 4888 non
871 4832 976 4889 baben·

185 4926 229 4972 tes
244 4917 337 4972 fratris
358 4927 494 4974 errantem
509 4919 618 4987 bovem,
639 4929 687 4977 aut
707 4921 816 4981 asinum
834 4922 973 4992 adipsum

184 5022 241 5065 non
264 5008 353 5065 solum
378 5024 433 5063 non
456 5010 599 5074 reducunt,
620 5012 667 5067 sed
693 5020 721 5068 et
745 5012 820 5068 furto
834 5013 976 5084 subripere

185 5100 346 5165 moliuntur,
359 5100 405 5170 qui
420 5097 498 5153 fratri
515 5115 531 5152 a
547 5099 700 5157 latronibus
719 5101 861 5159 vulnerato
877 5118 910 5158 ac
932 5118 976 5158 se·

184 5192 288 5248 tattiro
308 5192 404 5248 relicto
417 5207 470 5247 non
482 5191 571 5249 solum
593 5207 649 5247 non
661 5193 838 5261 subveniunt,
851 5196 897 5251 sed
914 5195 975 5250 rul-

196 5444 203 5456 ,
220 5373 262 5446 (ll
280 5376 362 5446 harto
376 5382 439 5444 post
453 5372 484 5429 C.
500 5372 533 5429 N.
548 5373 602 5431 tat
615 5373 700 5446 intpp.
718 5371 862 5430 Valeriano
874 5385 898 5430 et
911 5375 976 5432 Gal·
1008 5422 1011 5429 .

184 5445 204 5498 lt
223 5457 269 5499 tto.

205 5458 445 5581 θ(5))1ιιιιιι51,
464 5516 614 5572 sectandum
631 5515 717 5572 nostri
735 5517 866 5587 temporis
884 5517 975 5573 Chro-

187 5586 301 5649 nntogos
315 5599 381 5648 ιιιι,
395 5600 410 5637 a
424 5584 454 5638 tt.
467 5584 516 5642 i‘ct
531 5595 729 5642 ontnneratur.
742 5585 871 5649 Nostrum
886 5597 973 5644 tutem

187 5663 234 5701 ros
247 5660 370 5705 secutum
385 5653 479 5717 fuisse,
496 5657 632 5724 suspicor,
647 5657 692 5724 qui
704 5655 810 5711 Cietunt
825 5672 887 5712 cum
899 5659 973 5714 ‚lna-

1026 4458 1054 4526 et
1068 4469 1191 4527 omnium
1215 4468 1340 4522 minister
1355 4467 1496 4524 elileiatur.
1522 4464 1582 4520 lam
1597 4480 1673 4530 sero,
1688 4463 1817 4534 qnando·

1026 4560 1136 4635 quidem
1153 4559 1264 4632 gloriari
1288 4568 1404 4630 oportet,
1419 4558 1481 4614 lieet
1492 4572 1547 4613 non
1563 4556 1699 4628 expediat,
1715 4556 1818 4627 glorie-

1027 4664 1072 4713 tur
1087 4663 1114 4710 et
1128 4655 1196 4710 ordo
1209 4652 1360 4709 carronieus
1377 4671 1384 4707 z
1401 4651 1535 4723 glorietur
1547 4659 1639 4705 autem
1655 4665 1711 4704 non
1730 4648 1758 4703 in
1771 4662 1817 4712 se,

1027 4749 1074 4805 sed
1096 4748 1124 4803 iu
1139 4747 1256 4803 llomino
1278 4744 1361 4812 dieat,
1384 4745 1459 4816 quia,
1481 4744 1579 4814 inquo
1596 4743 1763 4813 quisandet,
1786 4742 1818 4796 in

1026 4839 1183 4910 insipientia
1197 4838 1271 4906 dico,
1287 4838 1374 4892 audeo
1393 4846 1420 4893 et
1437 4850 1498 4907 ego.
1516 4832 1818 4891 Sectatoreschristia·

1026 4948 1068 4989 nae
1081 4933 1249 5004 paupertatis
1259 4938 1333 4998 surrt,
1345 4936 1374 4985 et
1384 4944 1435 5001 ego
1451 4946 1459 4984 ε
1472 4928 1645 4984 emulatores
1659 4925 1818 4997 apostohcae

1026 5025 1202 5098 perfectionis
1216 5033 1291 5091 sunt,
1306 5031 1416 5093 elego:
1429 5020 1600 5092 professores
1611 5028 1639 5075 et
1652 5019 1818 5075 observato-

1025 5134 1071 5176 res
1086 5118 1240 5176 communis
1259 5132 1292 5172 ao
1315 5114 1490 5172 emnohitalis
1512 5113 1576 5169 ritae
1596 5119 1670 5179 sunt,
1685 5119 1713 5165 et
1729 5125 1782 5184 ego
1806 5128 1817 5166 a

1025 5211 1145 5268 ministri
1159 5208 1261 5266 Christi
1276 5216 1352 5275 sunt,
1366 5214 1395 5264 et
1410 5193 1461 5278 effu
1476 5222 1485 5261 t
1500 5213 1532 5259 ut
1544 5204 1636 5260 minus
1647 5204 1759 5275 sapiens
1771 5204 1819 5258 di·

1026 5384 1097 5440 cleto
1110 5381 1267 5439 confudere.
1283 5379 1386 5438 Urbani
1401 5395 1484 5451 porro
1495 5378 1655 5451 Epistolam.
1665 5394 1750 5451 quarn
1762 5393 1817 5435 ao·

1026 5463 1082 5510 ster
1096 5453 1204 5535 allegat,
1217 5452 1300 5509 babet
1310 5450 1406 5517 Binius
1418 5460 1485 5506 tom.
1499 5444 1509 5504 i
1526 5449 1632 5506 Concil.
1648 5451 1675 5505 in
1689 5465 1744 5521 qua
1765 5462 1815 5505 ex·

1025 5526 1126 5595 plicata
1136 5534 1219 5579 urtam
1231 5537 1404 5580 eontnmnetn
1417 5528 1546 5576 ettotam
1562 5521 1731 5603 paupertatis
1743 5520 1816 5574 inter

1026 5595 1140 5651 clericos
1155 5594 1201 5650 illo
1214 5601 1336 5663 tempore
1351 5589 1627 5662 riguisseasserttur.
