3892 6067
13 225 15 232 ’
114 237 143 293 tt
344 239 437 297 PARS
457 240 513 299 llll.
533 242 632 299 PSAL.
653 245 746 313 exli,
768 247 833 305 SEU
854 246 918 303 LlB.
940 248 985 302 bl:
1004 245 1192 303 conuecto
1211 245 1354 302 ECCLES.
1376 245 1499 302 stntt'.
1700 249 1736 303 tt

112 352 164 410 tis,
185 359 216 403 ut
240 350 489 423 utittat'operarios
510 355 537 410 iu
554 372 671 413 messem
694 374 772 414 suam
789 359 897 430 (llattlt.
914 360 978 443 Ain
994 375 1059 432 agro
1074 375 1135 416 suo.
1153 359 1205 416 Sed
1221 375 1283 415 eunt
1296 359 1448 416 dormirent
1467 360 1591 416 ltomiues
1613 360 1734 431 eiusdem

112 457 146 507 ιι,
160 440 207 506 tt,
219 441 277 512 58).
295 460 306 494 ι
325 442 404 499 'lune
423 445 496 501 enim
521 449 710 505 convertendae
733 466 788 506 nou
809 453 898 508 solum
951 451 1009 521 agri
1023 449 1162 514 custodes,
1180 449 1308 505 inimicus
1323 449 1406 505 ltomo
1420 450 1648 519 superseminavit
1662 452 1736 506 nian-

110 532 290 588 multitudinis
314 536 485 592 credentium
517 554 551 594 et
584 536 696 609 totaels,
720 543 820 612 quibus
850 559 899 599 cor
949 544 995 597 nia
1008 542 1035 597 in
1052 543 1143 598 medio
1166 543 1259 607 tritici,
1275 552 1303 597 et
1316 542 1392 597 abiit.
1409 544 1444 596 nt
1464 542 1510 597 ubi
1534 542 1637 597 zizania
1653 545 1736 599 nimis

111 641 190 678 unttm
203 633 230 681 et
245 626 338 682 noima
364 643 419 684 una
443 637 503 685 erat
528 629 630 699 lutura,
643 634 689 688 sed
708 634 790 689 etiam
804 635 896 691 multi·
948 634 1123 705 praeralentia
1150 634 1270 689 triticum
1298 633 1442 699 suffocant,
1457 644 1484 688 ct
1504 634 1561 690 sola
1578 635 1635 704 ipsa
1654 649 1737 690 occu-

110 713 211 770 tudinis
236 715 358 787 gentium
384 716 461 774 ritas
485 735 572 790 aquas
595 723 763 792 petentium,
790 731 898 795 tempus
948 740 1014 795 pare
1027 730 1152 781 nituntur
1166 740 1262 794 aqrum
1278 723 1397 791 Domini,
1412 738 1467 779 non
1481 733 1616 781 estcnusa
1634 742 1684 780 eur
1696 724 1737 780 cis

110 803 243 870 instabat;
265 806 377 876 quando
400 823 433 864 etr
454 810 600 866 occasione
618 810 799 869 Samaritanae
815 813 898 869 unius
948 826 1087 886 parcatur,
1101 817 1175 873 sicut
1188 816 1243 880 illie
1256 815 1301 870 ubi
1316 815 1440 885 utrisque
1456 815 1537 871 simul
1551 816 1738 872 crescentibus

107 909 305 963 conversanae
324 898 660 958 eitiumdeillaeiritate
680 902 714 958 ad
730 917 760 961 se
783 905 896 962 venien·
950 910 1101 963 carendum
1117 917 1159 964 est
1177 923 1210 963 ne
1230 909 1295 963 dunt
1311 906 1485 963 eradicantur
1506 907 1621 970 zizania,
1646 907 1735 962 eradi·

109 989 174 1043 tium
187 988 317 1045 dontinus
335 991 434 1047 messis
455 992 508 1047 ista
522 992 694 1063 loquebatur,
709 996 757 1065 qui
779 1003 845 1052 tunc
868 997 896 1052 in
947 1009 1025 1056 cetur
1038 1000 1120 1055 simul
1133 1009 1161 1055 et
1181 1000 1302 1055 triticum
1316 1000 1370 1056 illis
1392 1000 1577 1055 intermistum
1605 998 1650 1054 Sic
1672 999 1735 1070 plu·

108 1078 266 1149 hujusmodi
280 1080 411 1152 primitiis
427 1091 511 1138 totam
535 1084 656 1155 gentium
676 1096 793 1158 segetem
816 1089 896 1159 quasi
947 1089 1024 1145 rimae
1040 1100 1120 1146 sectze
1134 1106 1279 1161 pravaque
1299 1090 1431 1147 doctrinae
1451 1091 1486 1145 ob
1502 1090 1554 1146 ltoc
1571 1099 1635 1145 sunt
1646 1090 1736 1145 eradi-

108 1183 241 1229 tnaturam
266 1173 300 1228 ad
325 1189 442 1230 messem
458 1178 703 1247 contemplabatur,
717 1180 750 1235 ad
772 1181 896 1236 camdem
947 1190 1015 1235 eatae
1026 1195 1058 1235 ae
1070 1180 1174 1250 judicio
1189 1180 1311 1253 synodali
1326 1180 1471 1245 damnate,
1489 1180 1553 1251 quia
1574 1180 1656 1236 simul
1671 1197 1734 1236 cum

107 1264 365 1334 contemplationem
392 1281 495 1322 uocans
518 1267 677 1339 discipulos,
692 1272 793 1342 quibus
807 1271 894 1327 disit:
947 1267 1001 1325 illis
1015 1269 1136 1324 triticum
1153 1283 1207 1323 non
1220 1271 1310 1339 potuit
1324 1285 1458 1326 erescere.
1475 1270 1555 1325 Secta
1569 1285 1636 1325 roro
1655 1269 1735 1326 eleri-

109 1354 229 1412 ‹b'onue
242 1372 292 1413 ros
314 1357 427 1414 dicitis:
444 1359 540 1415 Adbuc
553 1370 673 1431 quantuor
689 1379 796 1420 menses
820 1375 895 1426 sunt,
946 1375 1040 1417 corum
1055 1361 1106 1417 sub
1120 1360 1194 1416 nulla
1210 1361 1302 1433 regula
1316 1362 1359 1434 rel
1382 1361 1504 1434 synodali
1517 1360 1560 1417 tel
1578 1362 1735 1418 eoenobitali

13 1437 14 1446 ¹
105 1447 381 1503 etmessisrenitin
409 1448 500 1506 (loon.
521 1466 558 1517 ιι,
586 1452 638 1514 55,
665 1451 722 1520 58.)
741 1452 801 1521 Quo
824 1456 895 1510 dieto
945 1452 1095 1508 nitendum
1112 1452 1181 1508 salce
1200 1454 1349 1524 apostolica
1368 1454 1508 1509 multoties
1531 1454 1734 1523 inveniturpu·

107 1540 185 1610 quasi
203 1539 371 1609 reprobato:
391 1560 400 1593 ι
416 1540 526 1606 beram,
545 1562 554 1594 ι
581 1544 679 1615 inquit,
709 1543 828 1603 iocatus
849 1563 895 1603 rc·
945 1552 1014 1609 tata,
1028 1559 1060 1599 ex
1073 1561 1128 1615 quo
1144 1555 1252 1616 tempus
1270 1546 1420 1616 putationis
1435 1545 1560 1612 aduenit3
1577 1546 1734 1616 quiaenor-

104 1637 186 1696 snos,
210 1638 238 1685 et
256 1630 345 1685 videte
369 1632 493 1701 regiones
518 1633 582 1704 quia
607 1635 675 1691 albae
695 1647 760 1692 sunt
780 1638 836 1708 jam
859 1639 894 1695 ad
946 1637 1028 1690 mitas
1051 1635 1170 1691 restium
1196 1642 1224 1691 et
1247 1646 1407 1691 caeterarum
1425 1635 1664 1692 exordinationem
1687 1635 1734 1689 do-

104 1736 234 1794 metsem.
248 1720 306 1791 Ero
319 1722 384 1779 misi
401 1738 450 1779 tos
470 1733 572 1780 metere
586 1726 660 1797 quod
678 1743 728 1783 ros
744 1743 799 1784 non
815 1730 892 1785 labo-
908 1725 929 1780 ll
943 1728 1027 1783 cretis
1041 1727 1199 1798 apostolicis
1211 1743 1226 1782 a
1240 1728 1340 1784 talibus
1355 1737 1504 1785 resecatur.
1521 1726 1574 1782 Sed
1592 1726 1645 1782 nisi
1657 1726 1734 1796 peni-

103 1817 195 1871 rartis.
215 1816 270 1873 Alii
290 1816 494 1884 laboraverunt,
509 1827 537 1874 et
551 1833 601 1874 tos
614 1820 642 1874 ln
665 1819 773 1878 labores
798 1837 893 1879 eorum
946 1826 991 1874 tus
1006 1819 1169 1887 eradicetur,
1183 1828 1210 1875 et
1231 1820 1324 1891 regula
1340 1819 1386 1874 illu
1400 1818 1512 1874 minime
1535 1819 1692 1873 authentica
1706 1818 1732 1871 in

102 1907 249 1963 introistis.
269 1927 279 1961 ι
304 1907 382 1964 ιιιιιιι
406 1908 479 1965 enim
495 1925 574 1982 reges
596 1922 624 1966 et
637 1913 777 1983 propbetas
800 1914 895 1971 toltte-
944 1926 998 1981 qua
1008 1910 1171 1982 gloriantur,
1183 1893 1296 1966 omnino
1307 1910 1514 1975 condemnetur,
1526 1909 1628 1964 bouum
1640 1922 1733 1963 semen

103 2009 162 2054 runt
176 2000 275 2056 ridere
287 2016 348 2071 quae
359 2000 455 2056 datum
477 2009 520 2056 est
532 2001 625 2057 ridere
638 2003 782 2074 apostolis,
797 2015 824 2060 et
838 2021 894 2060 nou
944 2003 1101 2074 regularum
1122 2011 1279 2058 sanctarum
1305 2010 1333 2058 et
1355 2010 1529 2073 paternarum
1554 1999 1733 2057 traditionum

101 2090 246 2150 viderunt:
271 2092 317 2147 sed
343 2102 465 2147 aratrum
487 2092 656 2164 longanimis
683 2096 894 2166 exspectationis
945 2094 1103 2149 sitdocatur.
1120 2091 1186 2161 Quae
1197 2094 1315 2164 denique
1330 2093 1480 2148 necessitas
1491 2103 1533 2147 est
1546 2092 1573 2145 ιιι
1589 2090 1735 2161 praecipuis

102 2184 233 2251 tenendo,
253 2199 404 2241 messorem
421 2185 531 2256 quidem
544 2187 820 2257 comprehenderunt,
830 2191 893 2260 quia
944 2191 971 2239 et
985 2184 1147 2240 matricibus
1160 2183 1284 2239 ecclesiis
1298 2183 1420 2254 proliteri
1434 2183 1549 2249 clerum,
1562 2197 1591 2237 se
1609 2192 1734 2239 sertatu-

101 2290 189 2345 usque
208 2278 235 2329 iu
250 2275 339 2346 ipsius
355 2276 503 2332 adrentum
518 2276 581 2334 lidei
594 2293 626 2333 ac
648 2278 705 2348 spei
726 2295 783 2336 suae
799 2280 894 2336 oeulos
944 2293 1006 2333 runt
1030 2279 1152 2349 regulam
1169 2278 1196 2333 iu
1210 2278 1287 2334 curia
1308 2277 1382 2350 regis
1404 2277 1549 2334 connatam
1564 2295 1571 2332 ε
1586 2292 1647 2348 quae
1667 2278 1733 2333 dum

102 2366 289 2433 intenderunt,
304 2368 405 2438 quibus
420 2376 448 2424 et
461 2367 533 2425 diem
549 2368 609 2440 ejus
629 2371 753 2428 videntes
771 2373 894 2428 ctsulta·
944 2371 1020 2425 sanis
1042 2369 1154 2426 Patrum
1178 2368 1313 2426 doctrinis
1334 2377 1377 2426 est
1400 2369 1563 2437 intermista,
1585 2376 1612 2424 et
1625 2369 1734 2425 modico

101 2468 231 2513 rerunta
259 2458 339 2530 longe
364 2459 442 2515 illum
470 2460 626 2527 salutando,
651 2472 678 2517 ct
701 2464 834 2535 completa
853 2473 894 2520 est
943 2463 1044 2534 regalis
1058 2463 1248 2519 concessionis
1262 2461 1397 2518 lermento
1421 2472 1562 2532 corrupta,
1585 2462 1664 2533 qnasi
1690 2463 1733 2515 ri-

100 2564 147 2619 per
173 2565 227 2607 eos
246 2551 401 2621 prophetia,
426 2551 520 2607 dicens
543 2569 549 2607 ι
573 2550 779 2622 Comprehendet
802 2565 894 2609 arator
944 2568 1010 2608 num
1032 2551 1094 2608 selle
1117 2553 1241 2618 mistum,
1260 2552 1334 2623 quod
1357 2568 1418 2608 curn
1443 2561 1580 2625 gustasset
1600 2552 1734 2609 llominus

101 2658 244 2698 clusorem
279 2643 371 2713 (Amor
398 2660 436 2712 tr,
463 2644 519 2706 ιι).
546 2642 739 2702 Verumtamen
762 2646 814 2717 ipsi
838 2662 892 2702 non
944 2642 1034 2699 noluit
1058 2643 1162 2711 bibere,
1188 2644 1248 2699 siue
1270 2641 1354 2699 dubio
1378 2653 1421 2699 est
1444 2643 1612 2713 repudianda
1628 2658 1734 2713 suoque

101 2733 269 2789 introierunt
283 2735 311 2789 iu
326 2750 454 2801 messem,
468 2736 533 2807 quia
551 2736 609 2792 dies
623 2752 718 2793 eorum
741 2738 893 2796 velociores
944 2736 1057 2791 nomine
1078 2734 1226 2806 privanda;
1242 2749 1276 2790 ue
1289 2734 1415 2790 videlicet
1430 2735 1588 2790 nominetur
1601 2735 1733 2790 canonica

101 2835 179 2879 eram
199 2840 328 2888 cursore,
352 2835 384 2882 ut
410 2834 522 2883 sanctus
546 2825 598 2882 lob
623 2828 810 2898 conqueritur.
835 2829 894 2899 lpse
944 2829 1049 2899 regula,
1071 2844 1132 2897 que
1156 2828 1242 2883 sacris
1261 2826 1416 2882 canonibus
1429 2826 1569 2881 inuenitur
1583 2826 1734 2893 contraria,

101 2931 214 2988 qnoque
229 2917 345 2975 ultimus
368 2927 463 2974 orator
481 2918 600 2977 loannes
617 2921 751 2993 Baptista,
767 2923 814 2994 qui
835 2939 894 2979 ma·
944 2930 972 2975 et
985 2927 1028 2974 est
1042 2918 1068 2973 in
1083 2918 1200 2974 decretis
1215 2915 1319 2973 Urbani
1336 2932 1411 2989 papae
1425 2918 1524 2974 exinde
1538 2918 1652 2974 omnino
1663 2933 1734 2990 prae·

102 3008 181 3067 nibus
196 3009 283 3064 etlam
297 3010 486 3080 corporalibus
509 3012 714 3082 comprehcndit
732 3013 893 3084 baptizando
907 3056 928 3113 C
944 3009 1081 3066 damnata.

101 3099 157 3168 ipse
183 3099 269 3156 miles
284 3115 388 3170 regem,
410 3116 508 3156 seruus
522 3102 680 3169 dominum;
697 3113 787 3159 tannen
802 3115 895 3160 osten·
913 3127 917 3134 ·
980 3097 1098 3155 extiti.
1121 3097 1190 3155 Cum
1210 3098 1285 3154 euim
1299 3098 1351 3156 iste
1363 3099 1478 3171 insignis
1501 3112 1604 3172 martyr
1614 3101 1734 3158 auctori·

100 3187 138 3243 dli
149 3189 206 3243 sibi
221 3204 285 3245 etse
298 3190 461 3261 denegatum
477 3205 540 3246 eum
560 3193 663 3249 sanctis
678 3193 809 3263 apostolis
820 3194 895 3252 aliis·
947 3199 1001 3246 tate
1023 3190 1173 3261 apostolica
1196 3191 1255 3248 suis
1278 3191 1396 3248 decretis
1408 3192 1491 3247 rebus
1504 3190 1633 3248 Ecclesia
1647 3192 1734 3262 leqeru

106 3297 159 3351 que
185 3281 298 3338 idoneis
320 3283 490 3341 messoribus
510 3296 572 3355 post
589 3285 727 3342 Christum
743 3288 894 3355 ambulare,
946 3280 1093 3348 describ&
1116 3280 1267 3337 secundum
1284 3295 1367 3350 duam
1390 3280 1649 3353 ettadlspensandas
1672 3296 1735 3337 esso

101 3382 182 3443 atque
198 3373 391 3429 calceamenta
413 3374 474 3445 ejus
496 3384 606 3446 portare
628 3376 655 3432 in
679 3392 746 3448 agro
769 3377 895 3450 frugibus
945 3380 1070 3441 constat3
1093 3372 1219 3429 videlieet
1239 3374 1346 3432 clericis
1357 3375 1497 3431 communi
1511 3374 1566 3430 rita
1581 3374 1734 3429 virentibus

101 3464 193 3533 eleum,
207 3465 290 3534 cnjus
301 3464 413 3520 odorem
430 3466 585 3536 patriarcba
600 3465 683 3522 Jacob
697 3482 712 3522 a
735 3468 815 3540 louge
827 3485 896 3540 prn-
945 3472 972 3519 et
987 3464 1093 3520 caeteris
1114 3466 1290 3536 pauperibus,
1312 3466 1414 3523 nullius
1436 3466 1566 3523 momenti
1580 3478 1622 3523 est
1634 3467 1735 3539 regatis

101 3567 239 3613 anstrat.
255 3556 309 3613 Sed
326 3572 376 3614 nec
387 3558 454 3628 ipse,
470 3574 521 3615 nec
536 3560 635 3631 aliquis
658 3570 773 3617 mortem
792 3560 895 3618 christi
945 3561 972 3607 et
985 3551 1090 3609 laicalis
1101 3564 1221 3626 potestas
1245 3554 1279 3611 ad
1293 3556 1467 3611 statuendum
1483 3557 1630 3612 contraria.
1651 3555 1732 3623 Quia,

99 3647 317 3717 precedentium
346 3663 460 3718 granum
486 3649 552 3705 illud
580 3649 647 3706 uidit
671 3652 893 3722 multiplicatum,
946 3659 977 3704 ut
991 3646 1173 3720 Symmachus
1183 3663 1252 3721 papa
1274 3650 1332 3706 auis
1346 3648 1463 3705 decretis
1486 3649 1612 3718 affirmat,
1630 3668 1640 3702 ι
1657 3650 1734 3705 laicis

99 3738 174 3807 qnod
200 3739 321 3794 necdum
344 3739 372 3793 in
402 3748 505 3795 terrant
529 3740 631 3797 cadens
655 3751 715 3798 erat
744 3751 894 3813 mortuum,
945 3737 1072 3808 quamuis
1096 3737 1241 3809 religiosis,
1258 3738 1331 3794 nulla
1353 3754 1475 3810 unquam
1491 3740 1588 3813 legitur
1604 3740 1734 3797 attributa

99 3829 233 3900 quodque
256 3829 338 3900 primi
361 3830 548 3900 apostolorum
572 3831 644 3885 oculi
671 3833 744 3888 beati
769 3833 895 3891 viderunt
945 3830 1062 3887 lacultas
1074 3830 1101 3885 in
1115 3830 1292 3901 disponendis
1305 3831 1510 3888 ecclesiasticis.
1526 3851 1536 3885 ι
1552 3830 1732 3905 Fueriterqo,

99 3921 220 3977 multum
246 3921 367 3977 lructum
391 3922 527 3988 attulisse,
544 3922 725 3994 multiplicato
738 3932 765 3979 et
782 3926 894 3982 dilatato
946 3923 1018 3979 sicut
1031 3921 1126 3989 fertur,
1146 3913 1210 3991 ¹pius
1224 3934 1388 3993 agnomento
1412 3935 1439 3979 et
1462 3940 1492 3980 re
1515 3924 1561 3980 ille
1584 3924 1733 3996 imperator

97 4014 275 4071 credentium
288 4029 403 4070 numero
419 4014 552 4086 usquead
567 4014 694 4070 ultimum
713 4023 801 4072 terre.
816 4016 894 4084 Quod
945 4011 1110 4080 Ludoricus,
1121 4013 1168 4084 qui
1180 4029 1226 4069 res
1239 4013 1372 4084 cujusque
1385 4014 1507 4072 matricis
1518 4014 1645 4071 Ecclestae
1654 4031 1732 4072 com·

98 4107 162 4163 licet
177 4107 234 4177 ipsi
257 4106 377 4162 auratae
401 4105 483 4162 luerit
496 4106 674 4177 promissum,
689 4115 780 4162 tamen
804 4108 892 4165 oculis
945 4105 1022 4161 muni
1039 4106 1094 4160 uita
1107 4105 1261 4161 uiuentibus
1278 4115 1305 4160 et
1327 4108 1494 4177 pauperibus
1506 4107 1655 4163 destinatas
1673 4108 1732 4163 dis*

96 4198 157 4269 ejus
183 4214 243 4254 nott
271 4196 323 4253 luit
338 4197 545 4269 presentialiter
559 4197 729 4267 exhibitum3
748 4199 813 4270 quia
825 4215 894 4256 non·
946 4196 1028 4252 tribui
1040 4196 1176 4252 concessit
1189 4196 1328 4263 divitibus,
1352 4208 1379 4251 et
1400 4198 1434 4251 de
1447 4213 1498 4253 suo
1519 4198 1731 4253 abundantibus.

98 4288 164 4344 dum
177 4297 297 4344 venerat
308 4304 398 4345 annus
411 4287 600 4360 benignitatis,
615 4289 696 4360 cujus
711 4298 764 4344 tota
779 4304 892 4354 corona,
944 4287 1036 4343 Pluris
1050 4287 1116 4342 milti
1130 4294 1173 4341 est
1186 4286 1498 4358 auctoritaeapostolica
1508 4287 1536 4342 in
1550 4287 1667 4344 decretis
1681 4286 1733 4343 Ur·

98 4387 174 4436 lotas
186 4380 313 4436 circulus
326 4380 493 4437 abundantia
505 4379 644 4437 fructuum
660 4382 755 4452 plenus
769 4392 821 4438 est.
908 4391 930 4446 [ι
944 4382 1010 4438 bani
1024 4397 1100 4452 papae
1125 4397 1158 4437 ac
1170 4382 1299 4454 martyris
1311 4382 1346 4439 de
1367 4382 1451 4438 rebus
1471 4383 1649 4439 ecclesiarum
1665 4383 1733 4439 satis

131 4469 258 4528 ffllll.
286 4470 333 4527 Sic
356 4487 422 4545 erqo
443 4488 581 4529 messores
602 4475 718 4543 apostoli
737 4473 840 4530 alienos
853 4474 894 4530 la·
944 4475 1084 4531 crideuter
1106 4489 1246 4546 expressa,
1262 4483 1290 4530 ct
1310 4475 1362 4531 sub
1384 4474 1592 4545 interpositione
1614 4475 1730 4530 damna·

98 4563 181 4619 bores
210 4564 372 4634 introgressi
395 4565 586 4622 multitudines
607 4566 727 4638 gentium
747 4582 894 4638 cougrega-
945 4566 1028 4623 tionis
1040 4567 1077 4622 ita
1092 4567 1211 4633 tirmata,
1226 4576 1257 4622 ut
1276 4567 1345 4622 nulli
1368 4583 1403 4622 ne
1415 4566 1504 4622 dicam
1519 4567 1664 4634 laicorum,
1684 4567 1733 4624 sed

97 4665 202 4711 rerum
218 4656 246 4711 in
273 4657 370 4712 ltorrea
394 4655 548 4714 Dominica.
569 4655 602 4712 Et
623 4658 713 4713 adbuc
734 4658 788 4713 illis
804 4659 831 4713 iu
847 4657 895 4712 tali
945 4658 1198 4728 uecepiscoporum
1222 4659 1258 4714 sit
1278 4657 1395 4713 liberum
1416 4659 1526 4715 statutis
1546 4658 1607 4730 ejus
1628 4659 1732 4732 aliquid

97 4761 196 4803 mesae
215 4749 372 4820 manipulos
392 4749 593 4821 colligentibus,
618 4749 825 4821 comprehendit
847 4763 894 4805 eos
939 4749 1113 4805 corbariam
1137 4757 1267 4805 statuere.
1285 4747 1345 4820 lpse
1365 4749 1481 4820 denique
1504 4748 1538 4804 de
1559 4750 1733 4822 praesignatis

96 4838 254 4903 vindemia,
273 4848 301 4895 et
312 4842 433 4896 calcator
446 4856 506 4896 urse
520 4841 625 4911 primus
639 4839 710 4896 Nero
727 4841 822 4896 botros
836 4840 890 4896 elc-
944 4840 1027 4896 rebus
1041 4838 1170 4895 Ecclesia
1183 4839 1262 4894 aliter
1274 4854 1356 4909 quant
1365 4841 1423 4913 ipse
1434 4841 1564 4898 describit
1577 4844 1730 4913 agentibus,

95 4927 892 5002 ‹tosPetrumetPaulumdcindecaeterosadpassiouum
942 4932 1077 5003 judicium
1092 4931 1206 4987 Ananiae
1226 4941 1254 4987 et
1279 4931 1402 5004 Sapbirae
1426 4935 1542 4992 intentat
1565 4952 1628 4991 cum
1656 4945 1732 4992 tauto

94 5022 253 5078 torcularia
279 5032 389 5092 paratos
414 5032 441 5080 et
464 5032 588 5079 maturos
611 5023 735 5079 calcavit.
765 5021 812 5080 Sic
833 5031 895 5093 post
944 5022 1130 5080 damnationis
1142 5022 1271 5094 pondere3
1289 5033 1318 5079 ut
1328 5025 1400 5096 quod
1413 5025 1451 5080 illi
1463 5040 1512 5096 pro
1526 5025 1732 5082 defraudatione

95 5113 178 5167 illum
205 5112 381 5183 lrequentata
406 5114 598 5184 persecutione
618 5115 739 5170 calcator
756 5130 815 5170 uvae
838 5130 893 5170 non
944 5131 1036 5172 rerunt
1053 5114 1148 5170 talium
1171 5115 1244 5186 passi
1259 5127 1324 5171 sunt
1345 5116 1510 5186 incorpore,
1530 5132 1661 5187 sequaces
1682 5131 1732 5171 eo·

92 5203 202 5270 deluit,
216 5206 400 5277 quoadusque
413 5207 565 5264 mittentem
576 5222 668 5263 senten
679 5207 892 5276 comprelteudit.
945 5220 1006 5259 rum
1028 5205 1166 5276 patiantur
1181 5206 1208 5261 in
1228 5206 1330 5272 anima,
1346 5208 1425 5276 cujus
1440 5224 1515 5264 mors
1532 5218 1620 5262 morte
1633 5222 1732 5276 corpo-

92 5297 169 5364 Quia
197 5298 328 5354 uidelicet
346 5307 410 5370 post
428 5311 582 5373 martyrum
604 5299 663 5354 dira
685 5300 844 5365 certamina,
866 5300 893 5354 ιιι
945 5296 985 5353 ris
1009 5296 1097 5367 magis
1117 5305 1160 5351 est
1174 5297 1308 5367 pavenda.
1324 5296 1468 5353 Praemisso
1488 5299 1561 5352 enim
1585 5299 1746 5352 continua·

91 5391 209 5446 tanais
233 5390 441 5448 consessoribus
455 5401 537 5463 atque
559 5391 717 5448 doctoribus
738 5398 794 5447 toto
809 5400 896 5447 terra·
945 5390 1020 5446 tione
1035 5390 1189 5445 eommunis
1203 5390 1266 5444 ritae
1278 5390 1306 5444 iu
1323 5390 1401 5474 clero
1416 5405 1465 5460 per
1480 5390 1608 5446 matrices
1633 5388 1726 5446 Eecie·

92 5496 158 5536 rnna
174 5482 249 5538 orbe
261 5484 462 5554 multiplicatis,
481 5499 530 5556 per
542 5481 729 5539 manifestatas
754 5482 895 5553 utriusque
945 5481 1040 5549 sias,a
1055 5482 1371 5552 temporeapostolorum
1386 5481 1522 5554 usquead
1543 5497 1592 5539 sua
1609 5493 1732 5555 teumora

90 5570 262 5627 testamenti
274 5574 461 5643 expositiones
475 5574 543 5629 exiit
556 5573 602 5644 qui
624 5573 741 5629 seminat
759 5573 895 5629 seminare
945 5585 1122 5642 consecratae,
1147 5590 1229 5645 quant
1254 5585 1282 5631 et
1305 5573 1405 5630 luteris
1429 5591 1538 5646 semper
1562 5578 1732 5650 temporibus

91 5675 197 5719 acmen
222 5679 313 5720 suunt.
339 5664 373 5722 Et
389 5666 490 5721 bonum
506 5665 615 5736 quidem
636 5679 729 5722 semen
750 5664 894 5721 seruinarit
946 5665 1061 5721 alltrntat
1075 5667 1151 5723 ineis
1165 5668 1391 5734 conservandam,
1407 5667 1441 5724 dc
1454 5669 1535 5726 rebus
1548 5667 1674 5725 Ecclesiae
1685 5669 1732 5722 dat
