3892 6067
200 105 232 152 nt
247 106 361 151 caesam
375 106 453 150 snam
469 86 549 146 sicuti
566 87 691 144 viderant
704 85 791 142 oculis
804 83 874 156 suis,
884 95 911 142 et
923 100 984 142 rua·
998 90 1023 152 Α
1038 86 1162 157 ingressu
1186 80 1308 139 ecclesia
1326 86 1428 136 sanctae
1449 90 1510 134 sese
1532 73 1708 142 cohibebant,
1718 72 1834 132 ‘cumu-

200 187 283 243 nibus
305 184 364 241 suis
389 182 575 254 palpaverant,
596 179 710 236 domino
732 191 857 250 paeaeex
882 178 989 250 integro
1039 177 1127 234 lantes
1142 183 1252 246 peecata
1268 188 1337 240 sna,
1354 187 1405 227 nee
1430 169 1514 226 beum
1530 169 1670 235 timentes,
1691 181 1743 223 nec
1763 181 1834 222 san·

200 277 358 347 panderent,
374 271 529 342 traditoque
542 270 570 326 in
586 284 697 325 manum
710 271 807 324 eorum
818 267 914 324 nuntio
925 281 988 334 suo,
1039 267 1143 322 ctuaria
1158 265 1232 342 illius
1249 271 1414 321 reserentes.
1430 260 1469 317 De
1484 260 1528 316 his
1541 257 1671 316 omnibus
1684 264 1714 313 et
1728 256 1834 327 buius-

199 370 248 441 qui
264 367 426 425 sententium
438 364 603 422 uniuersalis
614 363 752 435 pontilicis
766 377 848 434 super
858 362 989 419 comitem
1039 359 1113 416 modi
1135 358 1261 430 pluribus
1280 365 1449 427 conquestus
1470 361 1514 409 est
1533 349 1610 423 prior
1630 348 1658 405 in
1685 348 1834 421 prasentia

199 458 324 528 referret,
339 458 420 514 rediit
445 456 481 513 ad
506 455 656 512 bicntetum
676 455 781 511 balens
796 453 917 511 libellum
940 469 991 510 exe
1039 447 1159 507 comitis.
1173 448 1220 506 llle
1232 463 1316 519 prava
1327 455 1355 503 et
1368 459 1496 519 perversa
1511 442 1684 516 promittens,
1697 455 1747 497 eos
1761 439 1836 496 bene

199 550 457 609 communicationis
471 548 641 620 proditorum
651 545 888 603 vizeliacensium.
901 547 992 614 Quem
1039 541 1139 598 iecisse
1149 540 1299 612 respondit,
1305 547 1333 596 et
1343 537 1532 610 exaggerando
1539 536 1699 608 prolocutus
1710 536 1751 592 sic
1758 533 1838 591 dice·

199 652 377 715 posteaquam
403 638 536 696 vizeliaco
550 639 637 707 misit,
658 647 687 695 et
708 639 869 696 seutentiam
886 637 990 695 iloma·
1039 633 1086 689 bat
1103 651 1110 688 ε
1129 651 1139 684 r
1158 628 1268 688 Utinam
1286 630 1416 688 monachi
1427 645 1524 687 omnes
1535 628 1717 697 discederent,
1730 635 1836 684 etmo-

199 749 299 792 norum
322 731 489 803 promulgari
510 730 602 803 jussit,
616 731 808 787 conuenientes
833 730 991 786 sacerdotes
1040 724 1418 785 neoteriumdunditusesset
1441 724 1584 781 dirutum!
1602 723 1696 792 Quare
1719 738 1838 781 excom·

199 825 302 895 pariter
313 823 432 895 quadam
448 822 475 877 iu
488 821 592 894 capella
608 820 637 877 S.
653 818 728 876 Petri
749 820 881 891 superiori
895 835 990 877 coram
1040 818 1190 876 manicavit
1202 818 1293 875 eost»
1312 825 1339 874 et
1350 817 1488 874 abstracto
1500 815 1647 887 pilorestis
1658 831 1712 887 qua
1723 816 1838 887 operie-

199 915 274 970 omni
297 912 398 985 populo
418 920 603 982 exposuerunt
623 911 797 978 sententiam,
816 918 844 965 et
866 909 928 966 illos
941 912 991 982 qui
1039 907 1131 976 batur,
1146 908 1250 965 addidit
1267 927 1274 964 :
1292 928 1302 961 r
1319 909 1348 964 Si
1368 922 1447 964 muns
1461 905 1591 963 vizeliaci
1605 915 1679 963 totns
1693 905 1723 962 in
1747 907 1836 981 ahps·

200 1005 334 1076 designati
346 1011 424 1059 erant
442 1019 476 1059 ex
487 1002 599 1058 nomine
620 1001 728 1072 publice
744 999 991 1058 anathematizare·
1041 1015 1101 1056 sum
1128 1015 1215 1072 usque
1241 999 1312 1057 ieret
1334 999 1531 1071 precipitatus,
1555 998 1641 1070 pilum
1667 999 1750 1054 istum
1776 1013 1837 1055 non

199 1107 264 1154 runt
279 1116 286 1153 :
301 1105 414 1153 ceteros
428 1094 578 1151 cumomni
591 1093 655 1148 villa
668 1105 777 1164 penitus
795 1092 921 1151 aditinis
932 1093 991 1150 odl-
1040 1091 1146 1149 darem.
1163 1090 1247 1149 Vobis
1258 1089 1593 1149 comrncndo'tlresaurunr
1605 1090 1727 1146 ecelesia
1748 1090 1837 1145 simul

202 1188 255 1246 ciis
272 1197 300 1244 et
325 1186 522 1244 ecelesiasticis
545 1185 757 1243 charismatibus
781 1186 990 1256 interdixerunt,
1040 1191 1068 1239 et
1091 1182 1243 1240 oblationes
1259 1183 1466 1249 custodire3ue
1487 1180 1532 1236 ille
1557 1179 1707 1252 quidquam
1730 1179 1838 1235 habeat

198 1280 258 1336 solo
270 1277 661 1350 baptismateparrulorum,ct
676 1277 850 1334 consessione
869 1279 992 1334 morien·
1040 1273 1084 1330 tel
1099 1272 1242 1344 suscipiat,
1263 1272 1369 1330 fortiter
1386 1272 1531 1328 observate
1547 1289 1554 1326 z
1573 1270 1654 1342 cuijus
1667 1271 1756 1343 gratia
1771 1270 1838 1326 nerlu

198 1372 267 1427 tium
282 1368 398 1425 indulto.
413 1367 548 1441 indignati
562 1386 628 1442 crgo
640 1369 766 1442 sacrilegi
775 1369 872 1441 aliqui,
887 1369 916 1425 in
926 1385 991 1426 eum
1043 1375 1074 1420 ιιι
1086 1364 1237 1436 burgenses
1257 1364 1350 1420 omnia
1364 1362 1508 1433 dissipent,
1522 1362 1615 1418 omnia
1635 1361 1757 1433 diruant,
1771 1379 1837 1418 ma·

198 1461 370 1518 sacerdotem
383 1460 432 1532 qui
446 1463 609 1517 seutentiam
622 1460 775 1532 protulerat
798 1460 930 1532 impetum
950 1459 992 1517 le·
1005 1437 1027 1498 Β
1041 1455 1115 1510 xime
1125 1454 1185 1511 illos
1197 1454 1245 1526 qui
1259 1455 1294 1511 de
1300 1454 1387 1526 ipsius
1398 1452 1631 1511 confoederatione
1639 1461 1713 1509 sunt
1728 1454 1837 1511 »Aeci-

198 1560 304 1609 ceruut.
319 1550 442 1618 Quorum
457 1553 563 1622 primus
577 1550 629 1608 luit
639 1549 697 1607 (blo
712 1551 746 1607 de
758 1549 872 1619 Palude,
884 1552 932 1622 qui
946 1566 992 1608 re-
1041 1547 1082 1604 dit
1095 1557 1187 1605 autem
1200 1557 1231 1604 ut
1243 1549 1391 1620 quemdam
1409 1547 1461 1604 sub
1473 1545 1649 1603 anathemate
1661 1544 1836 1615 debrnctutn,

195 1642 272 1713 iecto
287 1640 370 1711 pallio
391 1641 530 1712 querebat
555 1640 660 1711 lapides
683 1646 713 1695 ut
730 1640 835 1712 jaceret
857 1639 884 1695 in
908 1653 990 1707 eum;
1041 1634 1093 1708 ipsi
1106 1636 1210 1709 absque
1224 1638 1366 1695 sacerdote
1384 1638 1463 1711 sigua
1477 1638 1619 1710 pulsantes
1631 1636 1793 1708 sepelirent,
1808 1645 1837 1693 ct

198 1731 298 1788 deinde
320 1731 405 1787 burid
428 1731 619 1803 longabarba,
632 1741 659 1787 ct
671 1729 809 1788 liebertus
825 1731 899 1787 tilius
918 1730 991 1801 ejus,
1041 1726 1131 1799 ipsum
1148 1730 1317 1786 sacerdotem
1329 1729 1457 1787 dedomo
1471 1744 1521 1786 sua
1533 1729 1676 1801 ejicerent.

198 1822 247 1895 qui
263 1822 373 1878 solvens
394 1821 507 1893 pallium
529 1837 611 1878 suum
623 1823 743 1878 extraxit
752 1822 861 1894 patinos
880 1835 947 1877 suos
961 1827 992 1875 ut
1076 1820 1145 1878 Cum
1161 1821 1243 1894 igitur
1257 1822 1329 1894 apud
1351 1823 1502 1879 biontetum
1516 1823 1602 1881 abbas
1623 1831 1794 1890 moraretur,
1809 1830 1838 1877 ct

198 1913 369 1971 sacerdotem
387 1922 552 1985 percuteret,
565 1923 593 1970 et
618 1914 672 1971 nisi
689 1913 801 1987 quidam
825 1913 992 1970 intervenis·
1040 1912 1144 1970 dietum
1169 1912 1266 1971 luisset
1282 1913 1469 1984 cluniacensi,
1482 1916 1616 1987 quoniam
1635 1913 1838 1971 vizeliacensis

198 2013 271 2073 seut,
294 2003 323 2059 iu
348 2003 424 2060 mille
444 2003 533 2061 irusta
549 2005 751 2071 concideretur,
764 2003 812 2077 qui
834 2003 943 2077 lugiens
956 2005 991 2061 ad
1042 2002 1158 2060 Romam
1176 2006 1300 2073 mittens,
1316 2004 1513 2062 monasterium
1528 2004 1728 2060 Silviniaeense
1739 2004 1838 2075 requi·

198 2095 285 2152 altare
295 2096 340 2151 rix
351 2094 438 2152 erasit
450 2110 548 2151 manus
560 2094 717 2168 impiorum.
733 2094 862 2167 Sequenti
873 2096 992 2166 denique
1042 2095 1148 2152 siturus
1173 2092 1273 2151 ioreta
1296 2110 1406 2153 summo
1419 2087 1563 2168 pontillce,¹
1584 2094 1697 2167 indigne
1718 2094 1795 2163 tulit,
1809 2102 1839 2151 et

198 2189 254 2257 die,
269 2203 331 2244 curu
345 2187 461 2244 sublatis
480 2186 568 2243 saluis
581 2188 686 2243 aditum
701 2187 826 2244 ecelesiae
838 2187 924 2258 ipsius
936 2188 992 2258 spi·
1041 2187 1253 2259 promissionem
1268 2173 1348 2246 suam
1360 2189 1510 2246 differendo
1530 2187 1723 2246 dissimulavit.
1742 2187 1839 2259 llepn·

198 2278 243 2335 nis
257 2277 458 2346 obstruxisset,
472 2277 627 2336 incentores
637 2277 729 2335 omnis
740 2278 852 2335 malitiae
869 2277 948 2352 llugc
963 2286 992 2334 ct
1042 2286 1105 2352 tans
1120 2287 1212 2335 autem
1236 2295 1272 2336 ue
1294 2278 1366 2338 iorte
1387 2280 1533 2336 anathema
1553 2295 1637 2352 snper
1652 2278 1796 2347 comitem,
1809 2288 1840 2336 et

198 2368 296 2425 Petrus
326 2376 440 2439 uterque
453 2366 487 2424 dc
502 2367 532 2423 S.
549 2365 630 2424 Petro
652 2369 872 2440 cognominatus,
894 2370 990 2425 abstu-
1042 2379 1241 2446 superterram
1265 2370 1339 2429 illius
1363 2372 1398 2429 ab
1423 2372 1574 2444 apostolico
1602 2371 1838 2444 promulgaretur,

197 2461 290 2517 lerunt
310 2460 415 2532 spinas,
439 2467 467 2516 et
491 2458 585 2516 ualuas
605 2461 795 2517 restituerunt.
815 2459 854 2517 be
876 2461 991 2519 eeclesia
1041 2473 1070 2520 et
1082 2464 1117 2519 ob
1131 2464 1184 2522 hoc
1198 2464 1365 2522 monasteria
1381 2463 1571 2522 cluniacensis
1584 2480 1658 2520 curae
1672 2479 1736 2537 quae
1756 2463 1839 2535 plura

197 2567 266 2608 sero
282 2551 312 2607 S.
329 2550 460 2622 Stephani
486 2550 617 2621 iniurinto
638 2550 751 2619 clerieo,
773 2549 821 2622 qui
847 2550 992 2622 sacrilegio
1042 2554 1114 2611 inira
1130 2556 1261 2614 terminos
1274 2557 1362 2629 ipsius
1376 2565 1467 2623 erant,
1487 2555 1717 2629 periclitarentur,
1734 2556 1839 2628 buius·

199 2659 296 2700 corum
321 2642 477 2709 resistebat,
494 2642 620 2710 calicem,
636 2643 750 2711 librum,
766 2643 928 2700 vestimenta
943 2658 991 2700 sau
1042 2648 1117 2704 modi
1137 2663 1187 2720 per
1209 2661 1275 2706 suos
1297 2648 1470 2706 necessarios
1493 2648 1582 2705 eidem
1602 2647 1698 2704 comiti
1721 2649 1840 2706 mandat

198 2732 348 2788 cerdutalia
371 2732 494 2789 tulerunt
517 2751 524 2788 ι
548 2741 645 2803 postea
668 2748 732 2788 eum
752 2746 852 2804 magno
875 2732 990 2802 strepitu
1043 2740 1166 2800 maurita:
1183 2738 1344 2813 «Quotquot
1353 2740 1674 2797 Christianitatisnumen
1689 2741 1839 2812 sortimur,

199 2822 303 2879 luroris
318 2823 438 2879 clatrstra
451 2822 612 2879 monasterii
625 2822 754 2894 ingressi,
765 2822 885 2895 priorem
906 2821 992 2878 Hildi-
1043 2830 1221 2904 2903101102111
1246 2846 1393 2888 censuram
1422 2830 1613 2904 subterfugere
1634 2832 1751 2888 omnin„
1780 2850 1839 2890 Μ

201 2930 267 2969 num
293 2913 487 2971 assistentibus
509 2912 675 2986 quibusdam
699 2913 833 2972 iratribus
860 2914 993 2985 injuriose
1042 2937 1202 2994 possumus.
1220 2920 1368 2996 Beneergo
1388 2920 1496 2991 leceris,
1519 2923 1543 2981 si
1566 2924 1646 2981 hone
1667 2924 1726 2997 spei
1744 2925 1799 2982 dde
1812 2935 1841 2982 te

197 3005 331 3062 muruiciis
354 3005 533 3072 lacessebant,
547 3013 695 3063 causantes
712 3006 746 3062 dc
767 3006 993 3064 excommunica·
1043 3014 1230 3082 committeus,
1242 3030 1337 3087 pacem
1352 3031 1416 3073 cum
1437 3013 1566 3074 vizeliaci
1586 3010 1684 3073 abbate
1701 3030 1753 3089 per
1774 3032 1839 3072 ma.

198 3094 460 3167 110111ι111ι111111111
483 3096 568 3151 melta
582 3094 929 3167 1110811111ι11811111113111
949 3095 993 3152 iss-
1042 3120 1110 3163 num
1123 3113 1246 3163 nustram
1258 3105 1366 3165 leceris.
1381 3105 1512 3164 Nostrum
1525 3116 1618 3163 autem
1632 3106 1686 3164 erit
1700 3108 1739 3162 ita
1753 3107 1839 3163 reims

197 3185 314 3253 4111111113
329 3187 376 3257 (lui
391 3202 454 3243 111111
475 3185 610 3245 1101111111
626 3185 810 3258 1111ι111151111,
824 3186 1001 3282 11111111111111111
1042 3198 1189 3270 utrobique
1202 3199 1400 3267 consulerent
1414 3199 1463 3257 tibi
1482 3214 1594 3273 quoque
1607 3197 1749 3271 proiectus
1761 3199 1839 3270 pacis

197 3278 415 3350 1111101111111111
447 3277 557 3349 ‘villis
589 3277 728 3348 1111111111,
755 3292 807 3334 ¹¹⁰⁸
831 3292 993 3335 0¹00mmu·
1042 3290 1117 3347 illius
1130 3289 1401 3349 accedattvalibus
1411 3293 1530 3365 acceptis
1540 3293 1688 3361 ntaudatis,
1698 3293 1840 3365 acquievit

198 3369 299 3427 micans
308 3368 473 3438 immeritos,
485 3368 616 3426 iaciemus
628 3378 658 3425 ut
666 3368 896 3427 excommunicati
903 3369 994 3426 videa·
1043 3395 1148 3450 nomm,
1167 3391 1195 3439 et
1214 3382 1293 3454 quani
1314 3384 1466 3454 senipetam
1483 3382 1653 3441 Bennett-dum
1667 3385 1791 3456 priorem
1807 3385 1837 3441 S,

199 3476 276 3520 mur.
297 3460 569 3534 Decimasitaqucet
583 3477 708 3531 censum,
723 3477 773 3519 seu
795 3460 865 3518 alios
887 3460 999 3542 mirus
1045 3467 1176 3541 Stephani
1202 3470 1278 3527 misit
1299 3471 1334 3527 ad
1355 3472 1481 3529 abbatem
1504 3471 1731 3542 vizeliacensem,
1756 3477 1839 3546 cujus

199 3561 358 3620 consuetus,
370 3551 428 3624 jam
453 3553 572 3624 amplius
585 3552 663 3609 uobis
685 3568 739 3608 uun
764 3551 961 3623 persolvemus·
979 3568 1000 3606 t*
1039 3547 1158 3614 'mortem
1174 3558 1284 3617 sitiebat
1297 3561 1445 3632 pigmentis
1457 3563 1587 3621 ominibus
1602 3565 1836 3636 prestantiorem.

199 3644 394 3715 Adeunlesqtte
406 3645 545 3712 comitem,
561 3643 595 3700 tle
608 3643 743 3700 sententia
757 3642 902 3714 conquesti
916 3651 991 3699 slllll.
1043 3649 1069 3707 ln
1082 3665 1148 3724 ergo
1159 3653 1282 3721 veniens,
1294 3654 1476 3711 constantiam
1488 3664 1570 3729 atque
1580 3657 1838 3731 magnanimitatem

199 3736 306 3804 Quibus
328 3737 396 3792 ille:
428 3734 516 3791 «Nun
535 3750 670 3805 possum,
699 3734 800 3806 inquit,
823 3735 896 3791 aliud
919 3754 927 3790 :
954 3735 993 3791 ita
1043 3741 1073 3797 in
1089 3756 1123 3800 eo
1137 3742 1230 3815 rigere
1250 3744 1433 3816 praedicabam
1449 3746 1498 3804 sed
1520 3747 1544 3805 si
1558 3749 1710 3820 pertinacia
1734 3751 1839 3808 rirtutc

199 3827 282 3884 etiam
293 3827 329 3884 de
349 3842 393 3882 me
411 3824 522 3893 facient,
539 3824 563 3880 si
577 3824 726 3880 voluerint.
748 3842 758 3876 r
783 3824 992 3897 bixeruntque:
1040 3834 1183 3905 pallietur,
1198 3851 1255 3893 non
1272 3837 1416 3894 minimam
1429 3839 1592 3910 perhibebat
1615 3845 1780 3900 monasterii
1794 3844 1838 3900 sni

202 3939 212 3971 a
233 3916 286 3975 Ubi
300 3918 445 3983 molemus,
460 3916 501 3972 tel
514 3930 667 3987 torquemus
678 3932 767 3987 panes
788 3919 918 3974 nostros?
932 3918 993 3976 ttu-
1043 3923 1116 3981 ierre
1127 3926 1275 3997 iacturam.
1290 3926 1420 3985 llortatur
1433 3929 1550 4000 proinde
1572 3933 1613 3987 sic
1628 3948 1838 4006 magnanimum

199 4010 281 4066 nnebi
305 4009 378 4065 euim
400 4008 499 4065 nolunt
523 4008 626 4065 molere
648 4009 802 4065 nobiscum.
825 4009 897 4066 abit
912 4010 966 4066 illis
983 4029 991 4066 :
1043 4018 1281 4088 esseinaduersis,
1292 4031 1323 4076 ut
1335 4022 1471 4078 honestati
1482 4023 1624 4094 provident
1636 4025 1663 4080 in
1679 4003 1837 4097 prosperis,

203 4119 213 4151 a
233 4098 283 4165 lte,
298 4099 373 4155 etde
397 4098 478 4171 lignis
501 4100 600 4156 uestris
615 4100 755 4156 clibanum
775 4101 943 4168 succendite,
965 4111 993 4159 et
1009 4109 1143 4185 „etbelli
1154 4110 1265 4181 quidem
1276 4112 1409 4168 incertam
1420 4114 1641 4183 esseiortunanr,
1653 4132 1722 4188 pace
1732 4127 1838 4185 auteur,

199 4190 320 4261 coquite.
338 4189 367 4245 Si
381 4191 444 4261 quis
455 4191 602 4257 obstiterit,
618 4192 709 4247 riuum
725 4192 862 4249 incendite
879 4211 886 4248 r
902 4194 949 4250 sed
964 4206 993 4251 et
1043 4203 1170 4273 quamuis
1181 4203 1319 4274 iudicetur
1329 4214 1462 4275 extrema,
1477 4208 1546 4263 nibil
1561 4207 1619 4264 lure
1633 4208 1743 4280 dicebat
1756 4225 1839 4266 secu·

200 4283 225 4339 ti
239 4283 400 4340 broliuarius
414 4283 515 4351 obstat,
532 4285 623 4340 virum
646 4284 771 4341 similiter
785 4285 857 4341 mula
875 4287 993 4341 commi·
1043 4294 1113 4361 rias,
1126 4294 1195 4349 nihil
1209 4295 1340 4366 quietius,
1355 4298 1393 4353 nil
1408 4299 1521 4365 certius,
1535 4316 1620 4373 quarn
1640 4301 1693 4358 sibi
1714 4301 1839 4359 oblatam

200 4376 286 4432 unite.
307 4394 317 4428 r
1043 4398 1092 4454 per
1106 4398 1218 4439 manum
1233 4384 1423 4446 cluniacensis
1448 4391 1471 4447 si
1486 4390 1613 4464 dignetur
1627 4394 1781 4465 suscipere,
1797 4405 1841 4452 te·
1926 4435 1927 4444 ι

238 4467 315 4523 Nihil
328 4469 453 4525 decentes
467 4470 625 4525 rerrteutiont
638 4469 832 4525 excommunic.
856 4480 993 4525 contente·
1043 4487 1131 4540 nmini
1146 4480 1274 4538 continent
1283 4481 1372 4540 eidem
1385 4495 1465 4555 pacm
1475 4484 1577 4542 insere,
1590 4484 1647 4543 Nec
1659 4487 1744 4544 rideri
1755 4487 1841 4546 debet

200 4560 247 4616 lit'a
264 4562 404 4616 tttunccltot
418 4562 547 4632 afficittttt.
576 4560 624 4617 llis
647 4569 676 4616 el
698 4560 857 4631 hujusmodi
879 4562 993 4618 ettitnaii
1045 4578 1188 4641 suspectus
1199 4572 1294 4628 endem
1307 4573 1342 4630 dn
1356 4576 1488 4647 sangnine
1501 4585 1603 4645 cretus,

200 4653 355 4723 responsis,
368 4654 403 4709 ad
428 4656 500 4710 mata
520 4655 691 4727 exageranda
717 4655 818 4711 reuersi
844 4665 930 4723 sunt;
954 4656 993 4711 ita
1079 4660 1147 4717 curn
1161 4663 1196 4716 sit
1209 4664 1294 4735 affinis
1312 4680 1461 4736 repugnans
1476 4667 1602 4722 identitas
1616 4667 1712 4733 bortis,

201 4742 305 4804 ‘mum
319 4750 371 4814 esi,
385 4754 416 4801 „q
426 4745 558 4818 quinquin
573 4747 674 4802 genem
686 4747 791 4815 damni,
806 4746 925 4818 injuftae,
941 4746 993 4802 qq.
1079 4729 1223 4788 Iutruemor
1235 4736 1294 4804 ipra
1308 4733 1353 4790 rai
1366 4752 1394 4791 re
1403 4737 1495 4808 judice
1512 4739 1580 4793 victa
1598 4740 1725 4797 manebit.

164 4871 167 4877 ι
201 4837 339 4897 rersitatis
353 4839 521 4894 monasterio
540 4837 683 4906 inferrent,
696 4855 799 4910 pueros
819 4841 944 4898 ecclesie
957 4840 992 4897 de
1079 4847 1242 4906 conueniant
1256 4853 1328 4923 epad
1347 4851 1476 4909 Luceium
1500 4854 1546 4910 ubi
1568 4865 1684 4911 tractant
1704 4856 1739 4912 de
1757 4875 1837 4928 paee.
1927 4921 1928 4924 Ἴ

201 4931 330 4988 domibus
353 4930 412 4986 suis
426 4929 602 4999 expellerent,
616 4930 775 4987 verberibus
794 4930 945 4999 alllcerent,
966 4942 994 4988 et
1042 4923 1165 4994 ¹Credidit
1180 4938 1265 4996 abbas
1291 4940 1428 5010 suadenti,
1441 4957 1493 4998 nec
1513 4953 1605 5014 sperat
1625 4958 1705 5013 passe
1727 4945 1838 5017 subripi
1927 4937 1928 4983 l

202 5038 266 5080 cum
280 5037 379 5095 magna
389 5021 523 5092 iactantia
537 5037 567 5079 se
579 5023 649 5079 adeo
663 5023 812 5081 afflicturos
835 5025 989 5082 monachos
1043 5030 1243 5100 prejudicium,
1257 5032 1303 5089 ubi
1319 5047 1382 5088 cum
1393 5034 1501 5106 justitia
1514 5049 1599 5091 causa
1615 5044 1671 5092 tota
1693 5036 1748 5093 sibi
1763 5053 1836 5094 con-

201 5114 454 5185 derouemnnquod
468 5113 667 5171 absolutionem
682 5114 716 5171 ad
725 5116 847 5187 ipsorum
858 5117 940 5187 pedes
949 5132 994 5173 re·
1044 5123 1143 5179 smbat.
1157 5123 1329 5180 Corrumiunt
1341 5139 1406 5197 ergo
1421 5126 1523 5196 pariter
1534 5125 1726 5184 cluniacensis
1739 5136 1769 5184 et
1793 5126 1838 5184 vr·

202 5207 353 5279 quirercnt
379 5208 551 5279 dputestate
576 5208 659 5281 igitur
680 5208 787 5266 abbatis
801 5209 843 5264 uel
863 5208 994 5266 Ecclesia
1044 5212 1204 5271 soliacensis
1219 5224 1301 5286 atque
1314 5214 1490 5275 Nivernensis
1514 5219 1586 5290 apud
1607 5217 1740 5275 Luceium
1752 5218 1837 5291 oppi-

204 5314 265 5354 sese
278 5300 387 5368 penitus
403 5299 573 5366 abdicantes,
597 5302 760 5358 seutentiam
785 5316 930 5373 supereos
944 5302 994 5357 da·
1043 5304 1109 5359 dum
1131 5304 1390 5379 Augustoduncnse,
1413 5308 1464 5365 dui
1488 5309 1626 5381 colloquio
1650 5308 1839 5369 interfuerant

204 5400 261 5446 tam
285 5399 413 5463 tanquam
436 5406 487 5464 pro
509 5392 596 5449 nibilu
620 5392 765 5462 habebant,
778 5404 805 5450 et
821 5393 933 5451 minime
956 5396 992 5451 ab
1045 5392 1200 5467 Stephanus
1211 5398 1296 5457 abitas
1309 5396 1338 5455 S.
1351 5397 1491 5458 Michaelis
1502 5401 1536 5461 de
1545 5402 1629 5460 dinsa
1648 5410 1734 5461 clm...
1747 5401 1839 5461 abbat
