3892 6067
86 291 134 343 {57
389 284 671 344 cdbttbbtnttlt'tt
691 287 723 342 tn
743 283 959 343 PSALMOS.-
977 284 1067 340 rzttrs
1086 284 1139 340 l'll.
1160 285 1305 343 -Pstn
1325 283 1407 343 LXV.
1661 287 1714 347 lib

54 460 57 466 ,
80 407 120 457 est
137 419 148 452 r
176 414 211 458 es
226 399 280 455 nde
293 399 320 454 in
338 398 417 456 ddcrn
433 401 521 471 (Rorrr.
544 418 564 468 ι,
581 402 635 474 ιι).
655 401 719 458 ills
735 402 787 460 lide
802 402 875 459 tide·
889 407 913 463 Α
927 409 1115 470 pcccatorum,
1141 417 1194 457 non
1213 401 1332 458 absurde
1353 403 1514 474 intelligitur
1527 405 1586 475 ejus
1600 406 1715 478 mystica

81 495 144 549 licet
166 492 287 548 fideliter
301 492 441 562 loquentis
452 502 478 548 ct
492 495 693 564 promittentis3
709 496 735 551 in
749 494 830 552 iidem
843 498 875 552 n-
927 491 1029 546 virtute
1039 491 1109 558 fieri,
1123 493 1195 562 quod
1213 491 1297 548 lsaias
1321 494 1465 563 praecinuit
1478 494 1511 549 de
1521 493 1716 565 praecipitanda

81 582 181 639 delitet
195 582 236 649 id,
250 583 326 654 quod
341 583 442 638 dicitur
455 594 483 640 et
496 585 675 655 promittitur,
693 587 840 643 credentis.
927 582 999 640 [acic
1022 583 1124 639 vinculi
1144 584 1263 655 colligati
1285 600 1368 654 super
1389 599 1486 640 omines
1505 585 1633 657 populos,
1644 589 1717 645 etde

115 674 244 748 Namque
258 683 289 746 pt
302 673 377 732 Deus
397 676 565 747 justificetur
577 678 605 733 in
620 679 793 735 sermonibus
806 679 874 747 suis,
926 676 1120 747 praecipitanda
1135 677 1197 742 tela,
1210 692 1292 747 apuam
1308 676 1440 733 Dominus
1456 678 1564 733 orditus
1577 687 1620 733 est
1634 695 1716 750 super

80 767 107 824 id
121 777 168 823 est
179 774 210 822 ut
221 767 315 837 justus
327 777 355 823 et
368 783 452 826 terat
466 769 621 826 inueniatur
637 770 664 825 in
675 769 804 827 omnibus
816 785 877 826 rer·
926 767 1071 825 universus
1096 769 1232 834 nationes,
1257 780 1285 822 et
1304 769 1338 824 dc
1357 768 1552 853 praecipitanda
1577 778 1665 825 morte
1688 769 1715 825 in

81 858 122 914 bis
138 862 212 927 suis,
225 868 251 914 ct
266 869 380 917 sarrctus
398 860 426 915 in
444 861 572 918 omnibus
584 861 713 933 operibus
728 862 798 929 suis,
815 877 876 933 qnae
928 862 1136 932 sempiternum.
1160 860 1307 916 l'inculum
1335 861 1437 931 quippe
1451 862 1609 933 colligatum
1634 878 1716 932 super

80 966 110 1008 sc
127 951 261 1021 promisit
284 962 472 1021 operaturum,
487 953 722 1010 irretractabiliter
746 964 876 1026 operatur
927 965 1024 1008 omncs
1048 952 1165 1022 populos
1179 966 1301 1023 corrgrue
1329 961 1472 1023 peccatum
1484 953 1627 1023 originale,
1640 969 1717 1010 rnors

81 1043 204 1098 maxime
219 1043 248 1099 iu
261 1044 443 1101 sacramentis
458 1046 620 1117 evangelicae
642 1046 833 1115 institutionis,
847 1047 874 1102 in
926 1044 1036 1110 anitnre,
1055 1044 1225 1115 intelligitur,
1250 1060 1305 1116 quo
1330 1045 1459 1100 uniuersa
1483 1045 1630 1115 posteritas
1652 1044 1716 1100 Adae

80 1136 186 1207 quibus
205 1135 273 1192 licet
286 1153 338 1193 nos
348 1139 433 1193 tantis
453 1137 593 1210 mysteriis
607 1139 694 1195 simus
706 1138 809 1210 indigni
825 1140 876 1194 mi·
926 1135 987 1192 solo
1001 1138 1111 1193 Christo
1134 1147 1249 1210 excepto
1263 1138 1399 1194 tinculata
1426 1155 1481 1194 non
1495 1139 1645 1195 dubitatur.
1663 1138 1716 1194 Sed

82 1230 174 1296 nistri,
201 1229 354 1286 dummodo
381 1230 469 1286 simus
494 1231 623 1299 ministri,
646 1232 722 1288 nullo
751 1232 876 1288 videlieet
926 1229 991 1295 tela,
1006 1245 1089 1299 qnam
1101 1229 1233 1285 Dominus
1246 1231 1351 1287 orditus
1362 1241 1403 1287 est
1414 1246 1496 1302 super
1511 1232 1652 1288 uniuersas
1666 1246 1714 1286 na-

82 1320 247 1376 authentico
269 1320 452 1377 interdictoa
479 1321 635 1378 ministerio
664 1322 794 1394 separati,
817 1323 876 1394 ipse
926 1320 1027 1389 tiones,
1040 1322 1099 1391 ipsu
1114 1332 1156 1377 est
1178 1337 1258 1392 prena
1273 1325 1377 1393 peceati
1391 1324 1515 1380 mortalis
1525 1334 1553 1380 ct
1566 1340 1642 1380 naurs
1650 1340 1715 1380 cor·

84 1427 166 1467 retas
191 1411 347 1483 promissor
368 1411 463 1484 gratiae
481 1427 539 1470 suae
551 1411 624 1468 dona
639 1428 695 1470 non
707 1414 819 1475 deserit.
829 1413 875 1485 ju·
925 1426 1036 1483 perum,
1048 1428 1130 1483 quam
1157 1412 1290 1469 ltominus
1303 1414 1412 1470 orditus
1430 1424 1472 1470 est
1482 1416 1557 1486 justo
1568 1416 1673 1486 iudicio
1686 1425 1716 1471 et

82 1513 141 1559 stas
162 1513 193 1559 ει
208 1504 299 1561 tidelis
321 1519 487 1575 permanens
503 1505 531 1560 in
549 1505 679 1563 omnibus
692 1506 782 1564 serbis
804 1507 873 1574 suis,
924 1502 1125 1576 benignissimo
1146 1506 1274 1573 consilio,
1290 1522 1323 1561 nc
1333 1506 1460 1562 videlicet
1479 1508 1503 1563 si
1519 1507 1602 1563 bomo
1615 1507 1644 1562 in
1655 1507 1716 1562 ani·

83 1594 136 1650 iltis
152 1594 343 1664 potissimum,
360 1595 461 1667 quibus
472 1595 501 1652 in
513 1605 606 1652 monte
627 1611 781 1653 sermonem
793 1595 875 1667 justi·
925 1611 971 1652 ma
995 1607 1132 1665 mortuus,
1146 1598 1180 1654 de
1192 1598 1267 1668 ligno
1280 1599 1341 1654 sitm
1361 1600 1509 1656 comedens
1527 1599 1716 1655 immortalita-

82 1688 126 1743 tie
136 1688 223 1745 simul
234 1697 262 1746 et
274 1690 370 1762 gratie
383 1689 492 1761 plenum
505 1698 654 1748 contexens
664 1690 802 1747 ordinarit
812 1705 876 1747 con·
925 1696 980 1742 tem
995 1701 1210 1759 consequeretur
1224 1691 1359 1759 corporis,
1372 1701 1445 1746 esset
1458 1691 1571 1746 omnino
1592 1691 1643 1760 ipsi
1656 1691 1716 1746 dia·

86 1779 190 1835 rivium
205 1781 349 1853 pinguium
370 1781 472 1838 docens
484 1782 541 1838 illic
559 1782 629 1838 inter
643 1791 739 1839 caetera
759 1782 814 1852 peti
826 1796 875 1854 pa·
889 1778 911 1834 B
926 1778 991 1834 lrolo
1005 1780 1169 1848 consimilis,
1196 1781 1277 1852 cujus
1290 1790 1333 1837 est
1359 1782 1458 1837 misera
1483 1782 1676 1839 immortalitas
1687 1792 1716 1839 et

83 1885 146 1926 seta
164 1870 358 1942 quotidianum
372 1871 431 1930 sire
455 1873 758 1944 supersubstantialem.
773 1871 810 1928 be
824 1887 874 1928 cu·
926 1867 1092 1927 immortalis
1105 1881 1262 1943 emrnaque
1289 1871 1410 1938 miseria,
1432 1872 1537 1928 scilicet
1553 1887 1628 1929 mors
1640 1888 1713 1928 nun·

79 1962 128 2034 jus
139 1963 221 2034 panis
236 1963 428 2034 copiosissima
448 1964 622 2053 pinguedine
628 1964 694 2021 clim
708 1964 811 2021 dictum
833 1972 876 2022 est
926 1977 1009 2033 quam
1026 1962 1217 2019 morituram
1240 1963 1336 2020 electis
1362 1972 1467 2032 numm,
1483 1963 1536 2020 fide
1550 1962 1714 2036 Cbristipro

84 2054 114 2110 in
124 2055 318 2112 benedictione
327 2056 397 2113 Aser
407 2073 456 2129 per
467 2059 652 2131 patriarcham
664 2058 748 2116 Jacob
762 2077 792 2116 :r
808 2059 876 2116 Aser
889 2115 898 2136 Ι
926 2070 957 2112 se
967 2054 1094 2111 morituri
1103 2055 1147 2111 vel
1161 2055 1263 2111 mortui
1278 2055 1431 2122 vivificatis,
1444 2071 1519 2112 mors
1531 2065 1638 2112 morton
1648 2066 1715 2114 tunc

86 2146 198 2217 pinguis
219 2148 301 2219 panis
324 2148 395 2220 ejus,
418 2157 447 2204 et
472 2150 603 2222 prebebit
626 2151 741 2208 delicias
765 2151 875 2223 regibus
926 2156 978 2214 est,
997 2148 1108 2219 quando
1120 2149 1148 2204 in
1162 2149 1238 2221 ligno
1262 2157 1372 2205 mortua
1383 2150 1439 2205 rita
1451 2146 1513 2206 luit.
1529 2149 1716 2222 Praecipitabi·

84 2238 163 2308 (Gra.
175 2240 317 2312 aeneid).
331 2262 341 2293 ι
355 2239 404 2297 llic
412 2250 454 2298 est
460 2243 540 2313 panis
549 2242 629 2316 quasi
637 2244 752 2312 oleatus,
764 2245 875 2315 etquasi
927 2247 972 2294 tur
987 2249 1078 2295 autem
1092 2250 1158 2296 tunc
1170 2255 1246 2297 mors
1259 2237 1505 2312 in'sempitemum,
1517 2242 1628 2313 quando
1641 2244 1715 2300 beaa'

83 2340 197 2403 gustum
209 2331 311 2388 sirtille
324 2333 390 2388 cum
400 2333 479 2389 melle
498 2334 613 2402 babens,
624 2335 704 2407 panis
715 2334 875 2406 angelorum
926 2334 1039 2400 mortui,
1056 2334 1104 2405 qui
1129 2333 1288 2389 innomine
1313 2334 1480 2403 moriuntur,
1495 2335 1578 2390 etiam
1593 2340 1715 2394 resusci-

84 2421 191 2478 babens
214 2439 300 2479 omne
323 2423 550 2484 delectamentum
572 2435 601 2481 et
621 2441 731 2482 omnem
748 2441 875 2497 saporem
925 2424 991 2481 tatis
1002 2425 1166 2495 corporibus
1180 2425 1412 2496 immutabuntur,
1428 2426 1466 2482 ita
1477 2435 1507 2483 ut
1521 2426 1713 2497 absorbeatur,

83 2515 240 2584 saturitatis,
255 2516 302 2588 qui
331 2517 402 2588 apud
429 2516 532 2574 bucam
552 2519 676 2576 dicitur«
699 2520 875 2591 quotidianus
926 2517 1000 2587 quod
1017 2516 1134 2572 mortale
1144 2525 1199 2587 est,
1213 2532 1229 2574 a
1243 2519 1308 2585 rita,
1321 2525 1348 2572 et
1360 2531 1417 2573 non
1430 2517 1466 2574 sit
1480 2517 1508 2573 in
1519 2518 1559 2575 eis
1571 2533 1645 2576 mors
1660 2520 1715 2577 ulla

84 2605 161 2679 (bac.
177 2623 217 2676 st,
235 2608 275 2680 ὅ),
296 2609 391 2680 repud
405 2608 561 2667 nattnaeum
579 2630 590 2664 r
605 2607 876 2683 supersubstantialis
925 2610 969 2666 rel
991 2609 1149 2665 animarum
1163 2609 1206 2665 rel
1220 2624 1381 2682 corporum,
1396 2610 1444 2667 sed
1455 2611 1548 2667 ritant
1558 2627 1622 2667 cum
1634 2611 1716 2669 Chri·

82 2697 196 2769 (Uetti,
214 2716 255 2768 rr,
270 2700 327 2772 tr),
346 2720 356 2755 ι
369 2702 434 2772 quia
451 2701 540 2759 Lucas
552 2703 579 2757 in
599 2700 644 2758 viti
657 2718 875 2763 commemorans
926 2712 970 2761 sto
984 2704 1013 2758 in
1025 2714 1158 2759 aetcrnum
1170 2703 1349 2775 configureris
1367 2703 1530 2774 corporibus
1541 2717 1637 2758 eorum
1651 2719 1716 2761 cor·

84 2788 232 2848 bominum
247 2792 281 2849 de
295 2793 348 2849 boc
367 2809 438 2865 pane
462 2794 584 2852 locutum
608 2805 686 2852 uocat
702 2811 764 2851 eum
776 2813 874 2868 panem
925 2795 987 2868 pori
997 2795 1131 2851 claritatis
1146 2793 1217 2865 ejus,
1232 2795 1280 2865 qui
1294 2810 1344 2867 pro
1358 2796 1426 2866 ipsis
1446 2804 1491 2850 est
1504 2803 1640 2862 mortuus,
1651 2809 1715 2852 cum

88 2884 277 2955 quotidianum
302 2894 414 2957 propter
436 2886 626 2959 quotidianum
642 2889 786 2959 presentis
813 2890 876 2946 uitae
926 2888 1045 2944 denulla
1060 2902 1110 2943 sua
1123 2888 1205 2957 culpa
1224 2897 1297 2943 esset
1319 2887 1521 2944 mortisdcbito
1542 2888 1716 2958 aliquatenus

84 2977 215 3032 viadrum
241 2974 399 3033 cirristianae
422 2977 522 3035 anime
542 2978 787 3050 pernecessarium,
802 2979 875 3035 nesi
925 2976 1074 3034 obnoxius.
1087 2974 1166 3032 'lunc
1181 2992 1236 3032 non
1247 2977 1306 3047 jam
1319 2976 1347 3031 in
1359 2987 1594 3033 sacramentorum
1605 2978 1716 3048 speculo

83 3067 240 3124 tbtnitutur
251 3068 288 3124 ab
311 3068 364 3125 boc
373 3084 445 3139 pane
455 3069 560 3141 ieiuna,
571 3068 681 3126 dedolat
694 3069 723 3126 iu
737 3069 790 3125 via.
807 3069 874 3125 llat-
926 3067 970 3125 vel
983 3067 1187 3139 Scripturarum
1201 3067 1357 3138 aenigmate,
1371 3068 1419 3123 scd
1439 3068 1467 3123 in
1481 3067 1627 3124 manifesta
1637 3078 1717 3126 reter-

83 3158 173 3216 tlaeus
186 3167 281 3215 autem
295 3160 432 3215 sermonis
447 3159 555 3215 bomini
566 3168 594 3215 ct
604 3159 737 3216 orationis
751 3159 876 3215 bomini·
927 3172 970 3214 ue
983 3159 1148 3229 optimeque
1162 3158 1285 3214 veritatis
1298 3158 1407 3215 risione
1421 3157 1504 3215 laciet
1517 3159 1650 3216 Dominus
1660 3160 1716 3217 ele-

84 3265 132 3319 raa,
156 3258 243 3322 prout
266 3250 295 3305 in
309 3249 532 3319 monteaudirit,
554 3249 731 3306 fidelissimus
750 3257 877 3305 narrator
927 3252 1217 3310 ctissuiscouririum
1233 3251 1375 3324 pinguium
1389 3251 1602 3308 medullatorum
1618 3253 1715 3309 ctrin-

84 3357 185 3414 paaem
205 3343 492 3413 ιιμειιιιιιιιιιιιειι
517 3341 681 3409 nominarit,
697 3357 779 3414 quem
794 3357 877 3413 super
927 3346 1025 3403 deniae
1044 3345 1193 3412 defecata,
1218 3343 1329 3416 quando
1344 3343 1402 3414 ipsc
1428 3345 1508 3417 panis
1534 3345 1624 3413 rivus,
1636 3346 1716 3416 panis

85 3432 178 3488 onnia
194 3433 308 3490 condita
322 3435 474 3491 exaltatum
496 3433 554 3489 sire
564 3433 727 3490 altissimum
741 3432 820 3490 nobis
834 3433 876 3488 in·
927 3436 1107 3508 quotidianus
1117 3443 1144 3490 et
1154 3433 1437 3506 supersubstantialis,
1453 3436 1532 3506 panis
1544 3435 1715 3508 angelorum,

86 3522 199 3580 sinuare
212 3525 332 3580 curarit.
355 3523 405 3581 llic
419 3534 461 3581 est
485 3524 560 3580 enim
582 3525 672 3595 panis,
690 3525 738 3595 qui
758 3524 793 3579 de
806 3525 877 3581 coelo
927 3528 1006 3599 panis
1016 3527 1126 3598 pinguis
1139 3526 1294 3598 gustabitur
1305 3526 1333 3580 in
1351 3541 1401 3582 sua
1419 3526 1579 3583 dulcissima
1595 3527 1717 3598 puritate

86 3615 240 3684 deseendit,
265 3615 312 3673 ubi
328 3631 438 3688 semper
451 3615 608 3672 altissimus
631 3615 693 3683 luit,
709 3623 736 3672 ct
751 3614 877 3672 convicto
928 3630 960 3671 ac
973 3616 1121 3686 purissima
1138 3615 1292 3671 dulcedine.

88 3705 273 3778 nugacissimo
289 3708 324 3763 de
346 3723 377 3764 se
393 3707 473 3763 nobis
485 3706 732 3763 institutosursum
743 3707 876 3774 ascendit,
962 3707 1034 3776 eria
1059 3717 1148 3764 tamen
1162 3708 1196 3766 ad
1213 3708 1281 3763 illud
1306 3724 1441 3779 supremae
1452 3709 1605 3767 dulcedinis
1618 3712 1716 3768 conti·

88 3796 133 3852 abi
146 3805 207 3853 erat
219 3798 308 3868 prius.
321 3796 394 3854 Sane
406 3796 480 3854 istud
492 3812 546 3854 non
557 3797 694 3869 disposuit
707 3797 735 3852 in
749 3797 815 3865 imo,
830 3796 878 3853 sed
927 3801 1004 3856 rium
1017 3801 1060 3855 via
1071 3808 1113 3856 est
1128 3800 1224 3856 altaris
1246 3800 1358 3856 unicum
1386 3811 1588 3859 sacramentum
1604 3819 1716 3861 sursum

86 3887 114 3942 in
129 3889 187 3945 alto
214 3891 361 3947 cenaculo
382 3905 415 3945 ea
441 3903 531 3958 nocte,
547 3907 601 3962 qua
624 3889 790 3955 tradebatur,
805 3888 878 3944 acci·
928 3893 957 3949 in
966 3895 1109 3950 cenaculo
1120 3892 1296 3963 dispositum,
1306 3901 1335 3949 ει
1346 3894 1373 3948 ιι
1387 3903 1479 3951 morrte
1492 3896 1716 3965 preordinatum,

86 3979 165 4050 piens
180 3995 281 4051 panem
295 3996 378 4052 quem
401 3981 550 4050 benedixit,
565 3981 646 4053 fregit
661 3989 690 4036 et
707 3981 780 4036 dedit
793 3979 877 4036 disci-
929 4000 982 4057 ego
998 3994 1086 4040 cretus
1099 3984 1267 4056 apostolicus
1283 3984 1323 4042 rel
1343 4001 1394 4058 ego
1407 3986 1565 4059 quicunque
1578 3989 1718 4059 apostolo·

85 4070 159 4140 pulis
173 4072 235 4128 suis
249 4072 345 4130 dicens
360 4089 367 4125 t
386 4091 396 4125 t
414 4073 536 4146 Accipite
560 4081 587 4128 et
602 4071 759 4129 comedite:
775 4070 827 4127 hot
837 4080 879 4128 est
928 4093 991 4134 rum
1006 4077 1186 4147 pedissequus
1200 4092 1256 4134 non
1277 4077 1305 4133 in
1321 4078 1389 4132 valle
1410 4078 1529 4134 liliorum
1544 4079 1650 4138 Ennom
1668 4080 1717 4136 tibi

86 4179 189 4236 eorpus
198 4181 303 4233 meum,
317 4166 390 4237 quod
401 4181 451 4238 pre
466 4167 543 4223 tobis
559 4165 681 4223 tradetur
698 4165 727 4222 in
738 4164 879 4221 remissio·
928 4166 1101 4233 sacrificabo,
1111 4167 1158 4221 sed
1170 4166 1197 4220 in
1212 4174 1306 4221 monte
1319 4166 1426 4222 altioris
1436 4168 1580 4236 propositi,
1592 4183 1648 4239 quo
1659 4182 1717 4223 non

86 4273 149 4313 aem
162 4267 341 4330 peecatorum
356 4258 465 4331 (dotti.
486 4275 561 4328 sarr,
573 4258 630 4329 26).
645 4275 656 4311 a
673 4255 732 4314 lloc
745 4265 879 4314 eratcon-
929 4253 1119 4312 conscendunt
1135 4255 1181 4308 tilii
1200 4253 1305 4310 Ennom
1315 4254 1444 4310 rallesua
1459 4242 1590 4311 contenti.
1605 4257 1718 4329 Legitur

87 4349 192 4408 siriam
202 4349 416 4422 pinguissimum
426 4351 460 4407 de
473 4366 543 4422 pane
557 4350 814 4423 supersubstantiali
827 4365 878 4422 pa·
928 4349 1002 4405 eninr
1014 4348 1132 4419 populus
1144 4344 1228 4403 lsrael
1241 4345 1282 4401 sic
1298 4345 1384 4402 luisse
1395 4346 1578 4415 dementatus,
1593 4357 1624 4405 ut
1636 4348 1716 4406 dere·

88 4451 190 4499 tatum.
221 4440 355 4498 Similiter
372 4450 400 4498 et
425 4450 570 4513 postquam
594 4442 723 4509 cenavit,
739 4440 877 4512 accipiens
893 4453 915 4507 1)
929 4439 995 4497 licto
1009 4448 1102 4496 monte
1122 4447 1235 4506 sancte,
1252 4438 1279 4494 in
1300 4452 1357 4510 quo
1373 4439 1505 4510 templum
1521 4438 1628 4497 bomini
1652 4439 1715 4511 luit,

88 4532 202 4588 abacta
227 4529 379 4599 benedixit,
393 4538 422 4586 ct
436 4530 510 4587 dedit
523 4530 665 4600 discipulis
686 4531 746 4587 suis
760 4530 854 4587 dicens
869 4549 876 4585 ι
929 4531 975 4587 ubi
990 4531 1163 4587 solummodo
1186 4530 1337 4586 sacriticari
1360 4530 1449 4598 licuit,
1470 4530 1602 4601 irriguam
1614 4547 1716 4603 quarn·

91 4639 102 4673 a
120 4621 256 4692 decipite,
269 4627 297 4677 et
309 4620 402 4677 bibite.
417 4618 477 4677 lloe
487 4629 529 4677 est
541 4621 654 4694 sanguis
665 4633 753 4688 meus,
766 4619 814 4691 qui
828 4635 878 4691 pro
929 4623 992 4677 dnm
1003 4624 1095 4693 campi
1108 4623 1248 4693 planitiem
1262 4623 1415 4693 speciosam
1431 4631 1460 4677 et
1473 4636 1648 4680 nemorosam
1663 4623 1716 4681 sibi

88 4713 169 4768 robis
183 4711 342 4767 effundetur
353 4712 380 4767 in
394 4712 586 4768 remissionem
600 4710 878 4784 peccatorum(lbid.,
929 4713 964 4770 ad
979 4714 1189 4771 sacrificandum
1202 4713 1335 4784 elegerint
1348 4712 1396 4768 lilii
1411 4729 1465 4769 non
1478 4714 1537 4784 iam
1559 4712 1653 4785 lsrael,
1668 4718 1717 4774 sed

88 4802 147 4873 ιθ).
169 4801 325 4858 allocerat
339 4802 494 4860 conticium
507 4803 652 4880 vindemie
672 4802 818 4860 defaecatae.
831 4802 880 4859 ttr-
929 4805 979 4862 ttlii
993 4804 1112 4873 Ennorn,
1127 4807 1202 4878 quia,
1212 4806 1284 4861 sicut
1300 4805 1401 4861 dictum
1413 4814 1465 4874 cst,
1474 4806 1615 4878 elegerunt
1629 4810 1716 4866 sacri·

86 4909 145 4967 qne
155 4903 188 4951 ut
202 4896 288 4967 huius
300 4894 419 4958 corruirii
434 4894 497 4951 talis
521 4896 658 4967 opulentia
682 4902 837 4966 perseueret
851 4893 879 4949 in
929 4900 1012 4954 lirare
1027 4898 1055 4953 in
1074 4898 1143 4953 ualle
1156 4897 1199 4952 iila
1211 4895 1284 4952 dicta
1306 4895 1424 4965 Eunom,
1440 4899 1524 4967 unde,
1541 4907 1571 4954 ut
1584 4896 1718 4971 llierony·

87 4995 189 5045 uncta
211 4987 348 5055 Ecclesia,
370 4988 513 5060 discipulis
534 4988 592 5045 suis
608 4996 634 5043 et
649 4988 731 5043 ineis
756 4987 879 5058 ipsorum
930 5005 993 5046 mus
1017 4990 1127 5055 asserit,
1150 5005 1249 5045 nomen
1263 4988 1392 5046 Gcbennoe
1409 4999 1540 5057 tractum,
1565 4991 1716 5061 primumn

87 5079 211 5150 pesteris
223 5073 300 5135 dedit
316 5086 479 5150 potestatem
489 5080 606 5137 faciendi
620 5081 672 5137 hoc
689 5080 790 5150 ipsum,
806 5079 880 5150 quod
931 5081 1073 5139 saltatore
1087 5082 1207 5152 ponitur,
1222 5091 1249 5139 ει
1271 5093 1434 5154 spreverunt
1448 5092 1567 5139 montem
1578 5091 1716 5146 sanctum,

89 5171 152 5242 ipse
164 5179 233 5226 tunc
245 5170 359 5228 lecerat.
374 5191 385 5225 r
401 5171 471 5239 lloc,
485 5191 494 5225 ι
511 5173 610 5244 inquit,
626 5191 637 5224 ι
655 5171 736 5228 lacite
749 5172 778 5227 in
790 5185 879 5227 meam
930 5176 958 5231 in
972 5191 1028 5246 quo
1046 5173 1176 5244 templum
1189 5171 1296 5231 Domini
1308 5184 1368 5231 erat
1380 5174 1524 5231 fundatum
1539 5174 1671 5231 diuinitus
1682 5175 1717 5229 ad

86 5262 382 5320 memorationem
393 5262 469 5337 (Luc.
484 5280 552 5333 ιιι,
568 5265 623 5325 tt).
638 5284 649 5318 a
930 5266 984 5321 boc
995 5265 1165 5334 ordinatum,
1176 5265 1244 5321 utin
1261 5280 1295 5321 eo
1309 5265 1428 5338 legitime
1447 5265 1591 5321 offerretur
1604 5261 1716 5319 beosa·

119 5353 197 5423 onio
211 5355 325 5423 anirum,
339 5355 741 5422 sidbristus,monsclerarus
755 5356 782 5411 in
797 5358 881 5411 verti-
931 5357 1075 5414 orificium.
1091 5355 1151 5427 lpse
1167 5358 1294 5413 estenim
1317 5373 1397 5413 mons
1422 5356 1519 5424 lloria,
1535 5354 1719 5425 dequod'trit

85 5463 149 5504 cetra
177 5447 328 5517 montium,
346 5453 431 5505 mons
451 5449 580 5521 pinguis,
605 5464 684 5505 mons
709 5448 879 5520 coagulatus,
931 5450 1066 5506 Dominus
1084 5447 1117 5504 ad
1132 5449 1272 5504 Abrabam
1288 5462 1295 5501 ε
1311 5467 1321 5500 r
1340 5446 1417 5502 Tolle
1432 5447 1518 5502 illium
1533 5456 1622 5515 tuum,
1635 5461 1718 5517 quem

85 5555 182 5609 ιιιιιι,
203 5539 234 5595 in
247 5555 305 5611 quo
317 5540 516 5610 beneplacitum
534 5550 575 5597 est
589 5540 644 5596 beo
659 5538 781 5594 babitare
793 5538 821 5593 in
835 5553 879 5606 eo,
931 5540 1033 5612 diligis,
1053 5549 1081 5596 ει
1096 5540 1165 5596 rade
1183 5541 1210 5594 in
1226 5551 1327 5595 terram
1343 5538 1469 5605 visionis,
1490 5546 1518 5594 et
1529 5535 1626 5595 oderes
1640 5538 1718 5594 illum

83 5633 223 5703 poenitio
239 5631 387 5703 semetipso
402 5633 436 5688 de
452 5632 598 5704 semetipso
610 5633 663 5687 tale
675 5630 803 5686 ordinare
815 5646 882 5685 con·
932 5631 970 5685 ibi
994 5629 1022 5684 in
1042 5631 1233 5687 holocaustum
1261 5644 1345 5700 super
1366 5645 1451 5684 unum
1472 5627 1618 5694 moratium,
1636 5643 1717 5698 quern

86 5728 213 5783 tirium!
232 5727 385 5797 quodcum
402 5728 491 5782 rnlcre
512 5727 609 5783 asserit
638 5726 665 5780 in
682 5723 881 5804 'remissionem
932 5722 1028 5780 disere
1040 5721 1088 5779 tibi
1101 5719 1177 5795 (Gen.
1191 5721 1307 5793 exind).
1328 5741 1337 5774 r
1356 5719 1486 5777 Similiter
1500 5731 1527 5777 ει
1541 5720 1717 5793 postmodnm

270 5822 408 5882 tarsos.
426 5818 559 5882 cxciv.
1122 5915 1126 5920 ,
1526 5814 1546 5875 b
