3892 6067
107 185 175 244 67¹1
373 189 553 251 COMMENT.
572 191 607 250 tlt
625 192 796 253 PSALEOS.
815 227 852 239 -
869 196 960 255 PARS
978 199 1024 260 tx.
1042 199 1090 256 EX
1106 199 1271 261 BONORIO.
1289 234 1324 245 —
1341 205 1440 265 esst..
1458 209 1528 267 CVll
1701 217 1754 274 stt

135 331 372 358 ...ιι-ῃ...

1474 356 1745 382 ...ι-...Ἣ

730 534 994 629 PSbLMUS
1028 538 1153 633 cvtt

736 922 783 984 De
802 922 991 985 ohedientia
1009 921 1139 986 Christi.

152 1083 604 1152 Paratumcormcum‚1ieus,etc.
619 1082 778 1140 Praecedens
788 1086 911 1156 psalmus
926 1089 950 1146 Α
963 1085 1067 1141 scilicet
1081 1084 1220 1140 Canticum
1233 1086 1329 1157 psalmi
1346 1091 1447 1161 posuit,
1459 1100 1490 1147 ul
1503 1092 1610 1151 diversa
1623 1094 1649 1150 in
1662 1094 1752 1153 littera

103 1179 218 1237 cocinit
244 1175 461 1233 misericordiam
484 1175 601 1242 Domini,
616 1191 678 1246 qua
692 1176 784 1231 bdeles
801 1177 835 1232 de
852 1184 909 1231 toto
960 1176 1129 1232 demonstret
1140 1178 1175 1231 ad
1187 1194 1270 1232 unum
1283 1195 1393 1237 sensum
1409 1185 1518 1239 tendere
1530 1187 1675 1256 allegoriae,
1687 1189 1752 1258 quia

103 1273 194 1332 orbe.
209 1278 316 1325 utovcs
328 1270 357 1322 in
370 1283 456 1322 unum
471 1268 655 1338 congregavit,
671 1280 698 1322 ει
708 1269 742 1322 de
753 1267 837 1322 variis
851 1275 909 1322 ten·
960 1284 1009 1339 per
1020 1267 1120 1324 Christi
1133 1271 1230 1325 mortis
1248 1271 1390 1327 victoriam
1406 1277 1564 1343 pervenitur
1574 1278 1606 1331 ml
1621 1288 1751 1333 aetarnsm

105 1363 269 1418 rationibus
279 1361 415 1423 liberavit,
432 1358 542 1414 tunsos
554 1368 581 1414 ει
596 1360 738 1416 narraras
756 1368 785 1415 ut
801 1360 906 1425 hadas,
959 1360 1092 1416 letitiam.
1107 1360 1139 1415 Et
1160 1362 1206 1417 hic
1231 1371 1274 1418 εει
1287 1365 1489 1433 pulcherrimus
1503 1370 1611 1432 mortus,
1624 1385 1686 1425 cum
1701 1374 1752 1426 ali-

102 1454 171 1508 imo
185 1461 216 1507 ut
232 1453 312 1521 lupos
325 1450 360 1505 ab
373 1450 414 1505 eis
427 1450 571 1519 separavit.
588 1447 638 1505 Hic
648 1460 738 1506 autem
754 1451 828 1507 canit
843 1449 908 1506 honi
958 1451 1022 1522 quis
1035 1451 1168 1522 psalmus,
1183 1454 1225 1508 vel
1239 1455 1338 1524 aliquis
1350 1471 1445 1513 versus
1461 1459 1503 1513 bis
1513 1459 1626 1527 ponitur
1643 1463 1696 1516 snb
1708 1465 1752 1517 di-

102 1541 235 1613 pastoris
249 1547 428 1610 spontaneam
443 1547 570 1605 mortem,
584 1554 639 1609 qua
651 1553 716 1594 oves
727 1547 816 1595 morte
829 1539 909 1595 rede·
958 1558 1038 1597 versa
1053 1543 1263 1614 significatione,
1280 1546 1328 1616 qui
1347 1556 1411 1602 sunt
1435 1549 1525 1603 rerhis
1542 1551 1656 1618 similes,
1668 1567 1751 1608 sensu

102 1634 176 1700 mit,
187 1644 215 1689 et
236 1632 384 1704 gloriosam
407 1631 648 1698 resurrectionem,
667 1646 721 1702 qua
739 1634 823 1686 vllam
849 1630 908 1687 suis
958 1632 1116 1698 dissimiles,
1131 1634 1203 1689 sicut
1221 1634 1249 1689 in
1274 1636 1350 1706 regio
1367 1647 1465 1692 ornatu
1483 1649 1623 1707 ponuntur
1637 1655 1752 1711 gemmas

101 1727 250 1794 reddidit3
266 1733 294 1780 et
317 1724 491 1780 victoriosam
522 1723 790 1794 ascensioncm‚qua
810 1724 909 1780 huma·
957 1723 1081 1794 ejusdem
1112 1725 1252 1793 nominis,
1277 1727 1377 1783 diversi
1413 1729 1523 1786 coloris.
1542 1729 1630 1786 Verba
1666 1733 1749 1803 hujus

99 1835 178 1875 nam
203 1827 330 1873 naturam
352 1816 380 1871 in
396 1831 426 1872 se
446 1816 505 1887 ipso
517 1831 599 1886 super
614 1817 735 1872 coelestia
754 1818 868 1884 ertulit;
880 1825 908 1873 ει
957 1817 1066 1887 psalmi,
1078 1825 1108 1872 ut
1120 1817 1224 1872 dictum
1236 1825 1288 1882 cst,
1309 1829 1417 1888 sumpta
1433 1830 1496 1876 sant
1508 1821 1542 1876 de
1556 1822 1664 1878 duobus
1673 1825 1750 1895 psal·

99 1926 191 1967 avenn
208 1910 353 1981 perditam,
365 1910 412 1966 sed
428 1907 485 1978 jam
510 1908 697 1973 inventam,et
721 1908 840 1978 propriis
853 1907 906 1963 hu·
958 1907 1102 1977 miseria
1117 1906 1215 1962 domus
1233 1905 1361 1963 Ecclesia
1382 1909 1514 1965 fabricata
1533 1919 1576 1966 est
1594 1913 1628 1968 de
1641 1914 1751 1968 «lucibus

99 1999 198 2056 meris
218 2008 353 2056 revectam
376 1998 499 2070 angelico
522 1998 597 2069 gregi
619 1997 770 2068 conjunxit.
786 1998 820 2053 Et
842 1999 907 2068 quia
957 1998 1118 2067 parietibus,
1130 2009 1155 2053 ει
1177 2014 1263 2053 unam
1286 1999 1358 2054 ovile
1371 1999 1514 2055 collectum
1526 2009 1568 2056 εει
1590 2001 1624 2057 de
1640 2003 1749 2058 duobus

99 2092 214 2147 arietes
228 2091 312 2159 misit,
327 2105 455 2162 perquos
475 2105 540 2146 oves
561 2088 596 2147 de
619 2097 737 2161 utroque
758 2091 858 2161 populo
878 2091 906 2146 in
957 2088 1096 2161 gregibus,
1111 2098 1138 2145 et
1152 2105 1206 2145 una
1227 2090 1381 2161 respublica
1399 2104 1441 2147 εει
1460 2081 1495 2147 de
1507 2092 1695 2150 duohisricis.

101 2196 204 2242 unum
214 2179 286 2236 ovile
300 2180 448 2247 contraxit,
459 2179 538 2249 quasi
551 2179 586 2235 de
597 2179 707 2235 duobus
721 2180 849 2245 stabulis,
858 2194 907 2235 ac·
992 2180 1118 2236 Psalmus
1134 2181 1178 2237 hie
1192 2182 1220 2237 in
1232 2181 1288 2237 duo
1303 2182 1430 2252 partitur,
1442 2182 1506 2252 quia
1522 2182 1550 2237 in
1565 2181 1676 2239 Christo
1700 2200 1747 2257 ge-

100 2276 176 2330 tivte
197 2281 225 2330 ει
249 2272 467 2342 contemplativae
481 2273 544 2327 vitre
557 2272 660 2339 divisit,
672 2287 796 2343 quasque
816 2271 907 2326 adhuc
957 2273 1032 2327 mina
1043 2281 1141 2328 natura
1152 2272 1325 2343 pradicatur.
1338 2271 1397 2328 Una
1410 2288 1474 2342 pars
1485 2283 1528 2329 εει
1542 2273 1690 2328 :Paratum
1702 2290 1749 2329 cor

100 2365 142 2422 in
163 2364 303 2420 civitatem
324 2363 459 2420 munitam
473 2362 599 2428 deducet,
613 2369 640 2415 ει
663 2362 691 2415 in
710 2362 770 2416 loco
795 2374 906 2430 pascuae
957 2380 1056 2431 meam,
1069 2365 1097 2418 in
1108 2379 1162 2435 qua
1174 2364 1277 2434 passio,
1290 2364 1466 2430 resurrectio,
1478 2365 1605 2419 ascensio
1620 2372 1748 2432 notatur3

101 2457 236 2531 paradisi
249 2455 404 2513 constituet.
420 2454 478 2510 lloc
504 2455 561 2525 ipse
585 2469 718 2508 numeras
730 2452 843 2508 indicat.
857 2451 906 2507 llic
921 2441 943 2496 Β
958 2455 1060 2510 altera:
1075 2453 1143 2508 licus
1157 2454 1261 2507 loeutus
1273 2462 1323 2521 est,
1332 2454 1359 2508 in
1371 2469 1424 2524 qua
1439 2453 1551 2510 ordines
1561 2453 1691 2511 Ecclesia
1699 2470 1750 2525 per

103 2552 214 2623 quippe
230 2550 355 2620 psalmus
370 2556 410 2602 εει
426 2545 592 2602 centesimus
603 2545 746 2615 septimus,
758 2546 908 2614 quodsum
957 2547 1097 2603 Christum
1106 2555 1312 2602 enumerantur.
1324 2542 1375 2601 llic
1385 2547 1508 2616 psalmus
1515 2547 1549 2603 de
1556 2546 1665 2603 duobus
1676 2563 1749 2603 unus

107 2645 245 2702 undecies
256 2658 365 2709 uorem,
377 2649 405 2696 ει
422 2640 534 2710 insuper
544 2647 615 2693 octo.
633 2634 806 2692 Undenarius
817 2645 908 2692 trans·
957 2637 1082 2703 allicitur,
1095 2638 1159 2708 quia
1172 2638 1206 2691 de
1218 2636 1326 2691 duobus
1338 2636 1446 2706 populis
1459 2652 1513 2692 una
1529 2635 1662 2702 Ecclesia,
1684 2652 1748 2692 cor·-

107 2732 628 2810 grcssionemmovenariusangelicam
646 2731 908 2794 societatem;octo·
957 2746 1010 2800 pus
1029 2727 1132 2784 Christi
1155 2728 1300 2800 colligitur.
1317 2726 1445 2783 Christus
1463 2726 1508 2783 hic
1530 2728 1653 2797 loqaitur
1667 2742 1750 2783 enar·

108 2831 210 2887 narius
235 2839 364 2884 aeternam
388 2825 585 2881 beatitudinem
601 2820 701 2876 innuit.
713 2819 842 2891 Designat
863 2821 907 2876 hic
957 2836 1024 2876 rans
1042 2820 1168 2876 tidelihus
1184 2835 1241 2874 suae
1262 2819 1401 2889 passionis
1414 2817 1610 2885 obedientiam,
1623 2828 1650 2873 et
1664 2833 1748 2888 quam

108 2938 246 2979 uumerus
259 2919 333 2991 quod
349 2919 500 2973 humanum
519 2929 606 2987 genus
625 2919 736 2982 propter
753 2920 907 2982 transgres·
957 2928 1008 2983 pro
1028 2913 1080 2968 hac
1102 2917 1245 2966 assecutus
1261 2919 1303 2966 εει
1319 2910 1445 2980 gloriam,
1465 2909 1617 2965 admonens
1631 2925 1681 2965 eos
1695 2926 1747 2967 suo

111 3016 220 3072 sionem
235 3013 317 3083 hujus
332 3011 394 3065 vita
405 3008 531 3065 exsilium
547 3005 641 3073 subiit,
650 3021 698 3074 pcr
708 3003 810 3060 Christi
829 3020 906 3059 mor·
956 3004 1081 3074 exemplo
1105 3003 1139 3058 ad
1162 3003 1361 3073 operationem,
1388 3000 1526 3074 spondens
1551 3010 1660 3056 eternas
1685 3001 1748 3056 rita

111 3117 168 3165 tem
183 3108 217 3162 nd
240 3104 410 3162 consortium
429 3101 588 3173 angelornm
605 3099 694 3166 rediit,
710 3099 756 3153 ubi
776 3107 905 3154 aeternam
956 3095 1217 3153 retnuuerationem.

109 3198 308 3258 beatitudinem
321 3194 440 3251 habehit.
453 3192 561 3248 Titulus
571 3201 632 3247 est:
647 3189 787 3246 Canticum
797 3190 905 3261 psalmi,
995 3189 1074 3241 lans.
1088 3186 1116 3240 E.
1130 3185 1264 3238 Paratum
1279 3199 1325 3238 eor
1334 3198 1431 3250 meum,
1445 3180 1643 3238 Deus.01)eus
1656 3181 1747 3248 l'ater,

108 3296 153 3354 vel
176 3315 183 3351 ι
955 3289 1080 3351 paratum
1095 3287 1137 3334 εει
1152 3292 1308 3343 cormeum,
1321 3276 1349 3331 id
1364 3284 1417 3341 εει,
1432 3274 1541 3330 allectio
1557 3290 1616 3329 mea
1632 3274 1666 3328 ad
1681 3273 1748 3329 obe·

215 3388 308 3462 (Vens.
330 3384 369 3454 l.)
388 3397 522 3438 cturrcuu
539 3395 633 3435 ustum
647 3394 696 3434 trsr
710 3393 801 3432 nnvrn.
955 3371 1096 3426 dientiam.
1113 3369 1245 3423 Paratum
1259 3376 1301 3424 est
1325 3384 1371 3423 aar
1390 3384 1487 3433 meana,
1503 3367 1530 3421 id
1546 3374 1599 3431 εει,
1621 3367 1747 3421 voluntas

148 3482 289 3539 Canticum
311 3476 345 3532 ad
370 3474 503 3530 theoriam
519 3471 561 3527 vel
576 3472 609 3526 ad
634 3467 902 3539 contemplationem,
955 3475 1016 3516 mea
1033 3460 1066 3514 ad
1087 3457 1259 3513 subeundam
1273 3472 1323 3526 pro
1338 3456 1452 3509 humani
1471 3456 1578 3527 generis
1596 3454 1748 3509 salvatione

108 3574 230 3648 psalmus
243 3570 361 3643 pertinet
374 3566 408 3621 ad
423 3563 615 3643 practicamid
636 3571 679 3618 est
700 3561 734 3617 ad
757 3561 902 3616 actionem.
954 3553 1123 3626 passionem,
1136 3551 1190 3605 hoe
1201 3557 1253 3612 εει,
1268 3563 1322 3603 nou
1338 3553 1459 3613 coactus,
1476 3560 1531 3601 non
1556 3533 1669 3610 inritus,
1696 3543 1744 3601 sed

108 3666 255 3724 Canticum
277 3677 342 3731 ergo
367 3667 409 3714 est
434 3656 598 3720 exsultatio;
622 3649 902 3724 psalmusopcratio,
955 3650 1052 3714 sponte
1061 3650 1089 3696 ει
1098 3638 1251 3695 voluntarie
1261 3652 1311 3708 pro
1326 3638 1424 3693 ovibus
1439 3636 1507 3692 meis
1525 3645 1620 3707 pastor
1632 3634 1744 3689 moriar.

109 3757 244 3829 quoniam
257 3770 306 3825 per
325 3750 512 3823 operationem
526 3746 684 3817 pervenitur
698 3743 731 3798 ad
744 3739 904 3797 exsultatio·
917 3777 938 3833 C
955 3734 988 3788 Et
1003 3732 1102 3788 faciam
1116 3733 1168 3787 hoc
1179 3745 1234 3784 noo
1246 3744 1308 3783 cum
1324 3727 1446 3794 tristitia,
1461 3726 1509 3783 sed
1520 3743 1583 3782 cunr
1597 3726 1744 3781 hilaritate.

108 3868 186 3909 nem.
201 3849 279 3916 Quod
290 3845 468 3918 principalius
482 3847 534 3907 est,
549 3836 707 3909 praeposuit,
722 3834 792 3890 sicut
803 3833 905 3903 ubique
956 3824 1089 3887 Cautalo,
1108 3831 1133 3876 et
1145 3820 1261 3892 psallam
1273 3821 1301 3873 in
1315 3820 1401 3884 gloria
1416 3834 1483 3873 mea.
1500 3816 1604 3873 Cantus
1625 3817 1748 3871 hilarita-

110 3945 188 4001 lacit.
204 3940 257 3998 lste
275 3942 367 4010 itaque
381 3937 514 4008 psalmus,
525 3931 572 4003 qui
592 3930 647 4002 agit
657 3928 691 3983 de
707 3937 864 3996 operatione
878 3932 905 3979 et
955 3925 1021 3983 tem,
1033 3916 1155 3986 psalmus
1168 3913 1257 3968 inanit
1267 3911 1452 3982 operationem
1463 3926 1471 3977 ;
1484 3923 1516 3963 ac
1529 3909 1552 3964 si
1564 3908 1655 3963 dicat:
1671 3904 1747 3976 Opus

110 4033 345 4097 remuneratione,
359 4028 517 4085 attribuitur
531 4022 583 4093 ipsi
600 4036 666 4076 vero
684 4017 768 4073 David
783 4016 903 4072 Christo.
955 4009 1117 4065 ohedientia
1138 4021 1206 4062 mea
1220 4004 1359 4076 perficiam
1375 4016 1437 4057 cnm
1458 4001 1563 4055 latitia.
1591 3999 1625 4053 Et
1647 4000 1700 4054 hoc
1718 4000 1747 4052 in

148 4128 260 4185 Materia
273 4125 371 4198 psalmi
389 4130 431 4177 εει
450 4115 604 4175 obedientia
618 4112 731 4176 Christi,
745 4107 903 4179 eteiusdem
955 4101 1042 4174 gloria
1062 4115 1130 4164 mea,
1148 4098 1200 4151 boc
1214 4103 1266 4162 est,
1292 4095 1355 4148 inde
1374 4092 1479 4146 habebo
1504 4090 1630 4161 gloriam.
1656 4086 1747 4155 Quam

111 4217 274 4279 obedientia
297 4209 492 4271 remuneratio.
508 4205 626 4263 lutcntio
655 4210 697 4259 εει
721 4215 772 4256 uos
798 4197 904 4253 hortari
955 4192 1092 4266 gloriam?
1108 4188 1360 4262 Resurrectionem.
1378 4182 1600 4238 Undesulrditur
1624 4195 1678 4234 vox
1694 4178 1748 4233 Pa·

112 4315 217 4374 Christi
228 4309 353 4381 exemplo
364 4306 397 4362 ad
417 4304 538 4360 studium
553 4301 632 4356 house
650 4294 827 4367 operationis,
836 4308 905 4363 qua·
956 4284 1029 4342 tris:

111 4420 193 4466 tcuus
230 4403 417 4475 pertingamus
446 4396 481 4451 ad
517 4392 637 4449 laetitianr
661 4386 901 4446 remunerationis.
990 4376 1074 4433 Vuas.
1090 4372 1250 4442 &Exsurge
1266 4362 1747 4442 [vulg.:cosurgeploriameaea-

110 4500 165 4557 Iste
178 4497 299 4569 psalmus
315 4498 441 4560 sumptus
459 4494 502 4541 est
516 4485 550 4539 de
563 4483 672 4539 duabus
685 4477 904 4536 extremitatibus
954 4486 1031 4541 surge
1044 4466 1211 4538 psalterium,
1227 4459 1294 4534 etc]
1307 4457 1461 4530 psalterium
1473 4463 1499 4509 et
1513 4453 1627 4507 eithara.
1640 4450 1747 4504 Pralte·

110 4592 228 4647 duorum
243 4585 410 4658 psalmorum
418 4573 637 4649 quinquagesimi
649 4572 718 4628 sexti
729 4579 756 4626 et
767 4571 905 4642 quinqua·
954 4564 1025 4618 rium
1036 4567 1117 4617 sonat
1129 4557 1162 4613 de
1176 4552 1380 4625 superiorihns;
1395 4548 1499 4603 cithara
1509 4545 1543 4601 de
1556 4541 1744 4598 interioribus.

111 4680 210 4756 gesimi
225 4677 302 4742 noui,
318 4675 443 4731 scilicet:
462 4668 588 4723 lliserere
604 4666 666 4731 mei,
686 4662 767 4730 Deus,
782 4664 904 4716 miserere
954 4654 1006 4710 Per
1020 4651 1177 4724 psalterium
1190 4645 1292 4703 Christi
1309 4644 1411 4706 anima,
1427 4654 1488 4708 quse
1504 4636 1579 4692 verrit
1594 4635 1628 4690 de
1649 4647 1746 4703 super·

110 4775 175 4839 mei,
190 4773 219 4826 in
243 4768 323 4838 cujus
346 4763 424 4819 titulo
439 4758 569 4816 scribitur
582 4755 666 4810 Darid
684 4752 786 4824 iugisse
799 4752 826 4806 in
840 4765 903 4820 spc-
954 4747 1013 4813 nis;
1029 4760 1077 4815 per
1089 4742 1220 4796 citharam
1235 4734 1395 4804 intelligitur
1406 4745 1472 4786 caro
1483 4729 1543 4799 ejus
1555 4741 1635 4798 passa
1650 4726 1678 4779 in
1690 4733 1746 4780 ter·

110 4867 249 4923 luncama
268 4859 337 4914 lucie
363 4855 439 4911 Saul.
455 4851 488 4905 Et
503 4868 510 4904 :
525 4848 607 4913 Deus,
623 4842 754 4915 repulisti,
771 4842 798 4900 in
825 4840 904 4911 cujus
954 4835 1101 4908 ris,·quasi
1111 4833 1202 4887 dicat:
1217 4826 1342 4883 Oanima
1356 4822 1472 4887 Christi,
1484 4835 1546 4891 quse
1559 4827 1600 4875 est
1613 4816 1676 4872 Filii
1690 4814 1745 4871 mei

110 4956 191 5014 titulo
212 4951 344 5010 scribitur
369 4944 455 5001 David
482 4938 658 4997 succendisse
681 4931 903 5003 Mesopotamiam
954 4927 1120 5001 psalterium,
1138 4929 1275 4977 revertere
1297 4917 1330 4973 de
1353 4916 1462 4971 interno
1484 4913 1518 4969 ad
1539 4925 1650 4981 corpus,
1669 4918 1744 4964 tuam

111 5049 209 5122 Spriae.
221 5044 279 5100 lioc
292 5043 353 5099 ideo
367 5038 522 5109 factumest
536 5041 566 5087 ut
579 5028 706 5087 ostendat
716 5026 837 5097 psalmos
848 5039 904 5079 nou
955 5022 1096 5083 citharam,
1109 5025 1136 5071 ει
1144 5028 1254 5084 assurge
1265 5011 1298 5067 de
1308 5009 1444 5080 sepulcro,
1456 5015 1484 5063 et
1496 5004 1576 5061 lauda
1586 5002 1744 5062 Dominum,

111 5139 252 5203 historico,
270 5134 318 5190 sed
341 5128 487 5201 allegorice
508 5120 710 5193 intelligendos,
725 5134 788 5175 cum
801 5132 901 5174 seeun-
917 5108 940 5163 1)
954 5114 1001 5186 qui
1013 5125 1063 5182 pro
1075 5107 1209 5178 completa
1222 5102 1375 5162 obedientia
1386 5101 1433 5155 dal
1446 5097 1495 5154 tihi
1511 5092 1744 5151 immortalitatem

112 5231 180 5286 dum
197 5229 315 5283 litteram
333 5232 480 5290 utrumque
496 5216 578 5273 simul
602 5214 630 5268 in
652 5227 707 5267 uno
723 5209 834 5265 homine
847 5225 902 5265 non
955 5218 982 5265 ει
995 5201 1253 5276 impassibilitatem.
1270 5196 1329 5254 Vox
1344 5195 1448 5252 Christi
1460 5190 1629 5262 respondens
1641 5184 1717 5241 Patri
1734 5202 1743 5240 t

114 5321 235 5395 potuerit
250 5318 309 5376 lieri
320 5326 348 5373 et
363 5315 427 5387 luga
439 5321 466 5369 et
475 5308 588 5366 victoria
602 5327 609 5361 ε
622 5305 772 5363 secundum
785 5302 903 5374 prophe·
956 5298 1107 5369 Easurpam
1118 5292 1247 5358 diluculo,
1260 5290 1287 5345 id
1301 5298 1354 5354 εει,
1367 5287 1446 5342 raldo
1455 5297 1545 5338 mane.
1555 5279 1588 5334 Et
1597 5286 1742 5348 postquam

114 5417 182 5473 tiam
202 5423 349 5483 utrumque
370 5405 452 5463 siorul
476 5403 578 5459 iactum
589 5399 625 5457 sit
639 5398 667 5451 iu
680 5395 800 5462 Christo,
816 5393 863 5465 qui
876 5402 903 5448 ει
954 5402 1142 5450 resurrexero,

112 5512 140 5566 in
160 5509 318 5580 speluncam
346 5500 463 5573 sepulcri
486 5514 502 5553 a
524 5495 593 5552 iaeie
610 5491 687 5558 Saul,
701 5491 728 5545 id
749 5497 792 5544 est
806 5484 903 5542 mortis
991 5480 1074 5537 Varis.
1090 5479 1117 5533 l.
1134 5471 1285 5543 Confitetur
1304 5469 1352 5523 till
1367 5469 1394 5521 ia
1414 5465 1529 5537 populis,
1544 5463 1571 5520 id
1586 5469 1638 5528 εει,
1653 5461 1680 5516 in
1695 5456 1743 5513 iu·

113 5604 199 5676 fugit,
216 5611 244 5658 ει
265 5597 403 5656 diabolum
427 5592 502 5650 vicit.
522 5589 584 5648 ideo
606 5587 651 5644 hic
674 5583 757 5640 alium
782 5580 901 5646 titulum,
955 5575 1031 5642 dacis,
1049 5571 1163 5627 Domine
1178 5566 1270 5633 Pater,
1283 5572 1308 5619 et
1330 5559 1446 5634 psallam
1466 5558 1514 5613 tili
1535 5558 1562 5613 in
1578 5554 1730 5610 matronibus
