3892 6067
128 269 186 326 att
421 265 705 326 dodttfilttltttttltt
725 268 758 326 tn*
777 269 949 328 PSALHOS.
968 301 1003 315 υ
1021 270 1111 328 etus
1130 270 1188 328 tlt.
1207 302 1243 314 -
1259 271 1359 329 esst.
1381 273 1499 332 Libii.
1719 279 1772 336 tto

131 397 192 453 tor,
220 402 246 440 tn
268 386 415 453 occidente,
445 395 474 440 nt
492 385 529 443 ibi
546 386 739 456 abscondatur,
764 389 792 444 in
816 389 927 444 desertis
942 394 964 452 Α
979 389 1280 461 pensSaul,qnasinon
1290 393 1552 451 essetunctusoleo.
1562 395 1773 454 Patumdictunt

131 481 280 548 montibus,
293 490 324 536 ιιι
335 497 476 552 nunquam
488 482 530 536 sol
555 482 697 553 appropiet
707 484 771 539 illis.
781 482 850 538 Nam
863 498 928 554 pro·
978 481 1061 538 estin
1075 480 1220 551 Propheta,
1233 482 1307 553 quod
1319 482 1371 538 iste
1383 483 1494 555 clypeus
1508 486 1544 541 sit
1558 487 1692 558 abjectus.
1706 486 1772 542 Plus

130 573 194 644 prie
207 573 306 629 deserti
320 584 420 628 montes
432 574 573 639 dicuntur,
586 573 635 644 qtti
651 576 696 633 siti
710 577 765 633 sub
775 579 887 643 arctico,
900 585 928 632 et
978 571 1133 629 invenimus
1148 573 1176 627 in
1190 573 1333 644 Apostolu,
1348 575 1412 644 qnia
1426 575 1551 632 videlicet
1565 578 1602 633 tut
1613 593 1669 632 non
1680 577 1771 634 solum

132 665 290 721 antarctico
305 665 379 736 polo,
407 666 453 721 ttbi
469 676 542 722 terra
562 680 671 737 semper
696 669 802 738 glaciali
826 669 927 741 frigore
978 664 1180 734 stpectns,sed
1195 673 1223 720 ct
1247 664 1408 721 interlectos
1440 674 1483 722 est
1509 668 1621 738 clipeos
1646 667 1709 723 lorti
1730 683 1770 732 m,

133 764 237 827 torpet,
252 771 394 826 uunqtram
412 757 547 814 beneticio
563 760 631 816 solis
649 760 686 816 ita
705 760 927 827 incalescerent
977 755 1178 828 clypensSaui,
1197 756 1325 813 Christus
1337 757 1452 824 scilicet,
1467 759 1546 828 quasi
1567 774 1621 814 non
1633 767 1770 814 essetutr-

129 862 196 904 esse
222 849 330 920 possint
352 848 527 920 habitabiles,
555 852 687 923 quioniam
711 852 828 908 bedure
842 853 927 907 totius
977 860 1039 909 ctus
1061 852 1123 908 oleo
1138 851 1239 907 latislao
1252 866 1309 922 prae
1331 852 1518 908 consortibus.
1533 850 1611 908 iiunc
1627 851 1770 923 praenotati

131 949 216 994 terrae
225 947 318 1010 partes
329 948 459 996 extremae
469 941 510 997 sic
524 942 560 997 ob
570 943 740 999 nimietatem
755 941 866 1015 luiponis
877 941 927 996 ba·
976 942 1165 1011 devoratores,
1191 955 1247 997 non
1277 941 1368 998 solum
1400 942 1556 1013 abjiciunt,
1582 942 1630 998 sed
1658 942 1770 1013 indigne

130 1030 216 1087 bitarl
230 1047 286 1087 non
311 1042 439 1104 possunt,
455 1033 528 1090 sicut
543 1034 644 1101 modia,
664 1049 726 1105 quae
747 1034 849 1090 dicitur
864 1049 926 1103 per·
976 1034 1149 1106 corpuscjus
1166 1032 1369 1098 mansuescendo,
1386 1040 1519 1103 quantum
1535 1032 1563 1088 iu
1579 1032 1647 1104 ipsis
1661 1042 1713 1095 est.
1725 1033 1769 1086 in·

131 1129 208 1188 usta,
223 1135 279 1177 non
296 1131 388 1193 potest
408 1123 556 1179 inhabitari
572 1124 608 1181 ob
630 1124 799 1180 nimietatem
813 1125 925 1190 caloris,
976 1125 1124 1191 terllcinnt,
1139 1124 1211 1181 ttnde
1223 1125 1262 1180 rei
1276 1123 1345 1180 liunt
1362 1125 1487 1195 corporis
1500 1133 1527 1179 et
1539 1124 1682 1196 saligninis
1698 1124 1768 1193 eins.

132 1223 229 1285 utpote
244 1213 313 1270 solis
333 1215 433 1270 ardore
447 1215 486 1270 illi
499 1231 608 1287 semper
633 1217 804 1284 imminente,
819 1216 853 1272 ad
865 1217 925 1275 illas
976 1215 1029 1283 unt
1040 1230 1107 1272 vero
1130 1231 1185 1271 non
1199 1216 1335 1288 abjiciunt
1346 1217 1471 1289 clypeum
1487 1216 1617 1283 lortinm,
1641 1216 1767 1288 clypeum

131 1319 200 1361 sero
228 1321 370 1377 nunqnam
396 1308 577 1378 pertingente.
593 1307 708 1379 Propter
730 1307 804 1380 quod
820 1319 925 1366 montes
978 1307 1056 1373 Saul,
1072 1307 1100 1362 id
1122 1314 1165 1363 est
1184 1307 1325 1363 Cbristum
1337 1317 1519 1380 protectorem
1537 1306 1662 1371 tortium,
1684 1308 1772 1364 lectu·

132 1396 191 1452 illic
208 1398 291 1468 positi
306 1408 379 1453 recte
399 1398 531 1455 dicuntur
553 1399 662 1463 deserti,
684 1406 777 1470 utpote
789 1399 925 1456 incultiles
976 1399 1032 1453 inm
1046 1398 1106 1468 cius
1116 1396 1295 1454 ambientium
1307 1407 1337 1454 et
1348 1397 1575 1466 custodientium,
1606 1399 1663 1454 troo
1675 1410 1704 1454 et
1717 1398 1769 1471 ipsi

130 1499 161 1544 et
171 1489 287 1546 omniuo
300 1488 503 1546 inhabitabiles.
519 1489 658 1546 Feruntur
671 1500 762 1546 autem
783 1489 811 1545 in
826 1490 923 1561 buius·
976 1501 1124 1549 censentur
1135 1492 1162 1546 iu
1174 1492 1315 1548 consortio
1340 1492 1454 1548 fortium
1481 1493 1598 1551 istorum
1614 1495 1767 1550 tenentium

130 1581 210 1637 modi
235 1581 376 1636 monitibus
389 1597 451 1638 esse
475 1584 535 1640 loca
559 1583 677 1653 poenalia
701 1582 777 1638 nimii
802 1581 924 1653 frigoris,
976 1583 1082 1656 pladios
1095 1594 1208 1655 propter
1233 1585 1348 1640 timores
1360 1593 1522 1653 nocturnus,
1538 1585 1590 1657 ipsi
1611 1587 1691 1657 longe
1704 1595 1770 1641 sttttt

133 1674 276 1744 quomodo
290 1674 318 1728 in
332 1672 425 1729 Sicilia
440 1689 520 1730 mons
542 1673 625 1729 AElna
638 1673 724 1730 lertur
750 1674 851 1729 babere
863 1675 923 1730 ioca
976 1685 1091 1730 antonte
1104 1673 1207 1740 Geldoe,
1225 1675 1362 1744 alienique
1375 1674 1409 1731 ab
1432 1675 1485 1730 boc
1496 1675 1616 1742 nomine,
1635 1675 1721 1744 quod,
1739 1684 1770 1730 ut

132 1764 255 1835 penalia
282 1765 361 1820 nimii
374 1764 485 1820 caloris.
499 1763 615 1821 Constat
636 1779 703 1821 vcro
717 1774 818 1820 monetes
837 1743 961 1821 utros·B
977 1767 1154 1833 dictumest,
1173 1766 1369 1836 interpretatur
1392 1765 1528 1821 decoratio
1550 1766 1607 1821 site
1628 1759 1767 1835 decursus,

130 1871 188 1927 que
202 1856 317 1911 desertm
332 1870 394 1912 esse
415 1866 471 1912 tam
489 1856 560 1924 illos,
576 1856 624 1928 qul
638 1856 674 1914 ob
689 1857 855 1912 nimietatem
877 1855 926 1911 iri·
976 1860 1041 1930 quia
1063 1874 1119 1914 ιιοιι
1132 1859 1266 1915 denotant
1287 1859 1393 1929 plebem
1415 1856 1462 1914 Del
1478 1857 1549 1915 sicut
1561 1872 1653 1913 escam
1677 1857 1769 1929 panis,

131 1949 218 2020 poris,
230 1965 313 2020 qutatn
326 1949 374 2020 qui
389 1949 425 2005 ab
440 1949 643 2004 intolerantiam
668 1950 767 2006 caloris
781 1959 808 2006 et
818 1949 925 2007 ardoris
978 1939 1115 2028 nequead
1140 1954 1258 2009 nibilum
1273 1953 1435 2014 devenient.
1452 1952 1524 2008 sicut
1538 1966 1609 2022 aqua
1620 1951 1769 2008 decurrens

132 2040 330 2097 inhabitabiles
345 2039 486 2096 suntsed
503 2050 594 2096 tamen
612 2042 635 2097 si
650 2041 698 2112 qui
710 2042 877 2113 deputantur
890 2040 924 2097 ad
974 2056 1002 2102 et
1017 2061 1072 2102 uon
1084 2046 1119 2102 ad
1144 2045 1249 2100 ionum
1268 2058 1350 2100 suum
1370 2058 1516 2100 recurrens
1532 2041 1567 2098 ud
1592 2041 1709 2097 nibilum
1721 2041 1769 2098 de

130 2149 243 2207 poenam
255 2136 283 2189 in
299 2134 363 2201 iilis,
379 2141 407 2190 ιιι
422 2132 590 2205 aotlrigotc,
606 2143 654 2190 aot
668 2134 766 2190 ardore
779 2143 925 2206 torqttcan·
975 2137 1075 2206 renim,
1088 2137 1154 2209 (prtia
1168 2136 1340 2193 decurrendo
1354 2138 1465 2209 penitus
1491 2134 1607 2191 deliciet.
1624 2134 1675 2191 Cui
1690 2134 1769 2190 simi-

131 2237 191 2292 ιιι,
217 2226 261 2282 vet
282 2238 400 2299 utroque
420 2226 561 2297 puniendi,
582 2226 654 2283 sicut
677 2225 705 2282 in
729 2224 782 2283 lob
802 2227 923 2299 legitur:
974 2231 1015 2286 les
1028 2229 1183 2287 elliciuntttr
1193 2243 1291 2286 omnes
1301 2228 1366 2286 elati
1379 2226 1562 2299 perclationis
1574 2225 1671 2281 vitium
1683 2241 1699 2280 a
1713 2223 1769 2279 beo

135 2338 146 2373 r
162 2318 316 2374 Trattseant
338 2319 373 2374 ab
395 2319 475 2390 aquis
500 2319 604 2373 uitium
618 2318 652 2374 ad
664 2319 785 2375 calorem
808 2320 925 2375 nimium
974 2320 1051 2375 tonte
1068 2318 1201 2376 virtutum
1216 2318 1346 2390 separati.
1359 2316 1421 2385 Quo
1435 2326 1531 2374 cotnra
1543 2316 1610 2372 dicit
1631 2314 1767 2370 humilis:

132 2408 197 2481 (lob
212 2409 357 2480 extuli),
376 2429 386 2463 ι
404 2418 515 2466 nonest
536 2409 590 2467 illis
605 2409 668 2482 luga
686 2410 822 2467 ullatenus
833 2411 868 2468 ab
881 2411 924 2469 bis
978 2410 1172 2467 sblibiautem
1197 2410 1337 2466 adbarme
1354 2408 1411 2465 Deo
1422 2408 1526 2466 bunum
1547 2416 1715 2479 est,ponere
1738 2407 1768 2464 in

131 2500 245 2556 desertis
259 2498 390 2555 montibus
405 2507 468 2572 post
489 2500 591 2556 iactum
615 2500 761 2571 judicium,
776 2499 824 2572 qui
850 2516 925 2557 nuno
974 2502 1090 2559 domino
1103 2517 1180 2575 spent
1192 2517 1280 2559 mcam
1296 2500 1383 2574 (Ptol.
1400 2517 1486 2565 exart,
1499 2500 1558 2572 28).
1574 2519 1584 2553 ι
1599 2499 1674 2556 Talis
1688 2498 1769 2571 quasi

130 2589 229 2663 fogere
241 2591 578 2663 posseutantcjudiciom
590 2592 613 2647 si
628 2591 787 2648 obedienter
798 2591 925 2649 audirent
973 2595 1052 2652 taliis
1064 2595 1133 2652 benc
1145 2595 1283 2666 compluta
1298 2611 1314 2649 o
1334 2593 1445 2650 desertis
1465 2593 1598 2648 insontibus
1619 2592 1767 2660 distingui·

130 2687 228 2740 rocem
253 2692 440 2756 posttergans
465 2685 602 2739 monentis
625 2692 653 2739 ct
663 2684 779 2740 dicentis
801 2701 811 2740 a
833 2682 925 2740 Nolite
973 2693 1019 2742 tur
1034 2686 1259 2757 antejudicinm;
1274 2685 1339 2756 quia
1354 2683 1551 2740 invenieturin
1569 2699 1601 2740 ea
1616 2681 1769 2754 ipseCltri-

130 2775 223 2846 inrepere
236 2789 322 2846 opere,
337 2773 418 2831 nolite
437 2772 557 2830 multare
581 2790 662 2829 corna
679 2774 786 2830 :trolite
798 2774 924 2831 extollere
973 2783 1034 2832 stus
1047 2774 1135 2830 lilium
1152 2774 1337 2838 convallium,
1352 2781 1380 2829 et
1393 2773 1463 2829 tales
1485 2774 1569 2828 tolles
1587 2771 1769 2829 abundabunt

129 2866 161 2919 r‘n
173 2865 260 2919 altum
272 2881 355 2920 eumn
368 2873 483 2921 oestrum
496 2864 598 2920 :nolite
612 2864 685 2936 loqui
698 2864 823 2920 odoersos
838 2864 924 2921 Deum
974 2869 1123 2935 frumento,
1135 2867 1304 2938 aderantque
1310 2867 1429 2923 fructum
1445 2867 1473 2923 in
1489 2866 1619 2938 patientia
1634 2867 1691 2923 siue
1702 2881 1767 2922 ceu·

130 2956 312 3027 iniquitatem,
336 2956 494 3028 prioresque
512 2956 544 3012 oi
566 2958 676 3022 emerere,
699 2971 781 3027 neque
803 2957 835 3011 ub
850 2957 923 3012 oeci·
972 2961 1102 3017 tesimum
1117 2958 1293 3032 uirginitatis,
1316 2958 1375 3016 site
1394 2959 1595 3030 sexagesimum
1618 2957 1765 3026 castitatis,

129 3052 220 3114 aare,
244 3065 352 3121 nequeo
366 3048 477 3104 desertis
499 3048 634 3105 nnnrttos
648 3048 782 3106 subaudis
798 3047 860 3121 luga
875 3064 923 3120 pa·
936 3093 959 3153 c
974 3053 1032 3109 sine
1047 3051 1217 3109 tricesimum
1234 3049 1339 3122 copulae
1352 3049 1505 3122 coniugalis
1514 3058 1541 3105 et
1552 3048 1625 3105 thori
1648 3050 1768 3105 bonora-

130 3149 182 3207 ιιι,
198 3141 324 3212 quonium
339 3140 410 3195 dens
418 3140 564 3212 isdmest.
975 3143 1039 3199 bilis
1052 3151 1079 3199 ct
1097 3141 1277 3198 immaculati.
1295 3139 1348 3208 Qui
1360 3151 1437 3197 extra
1456 3140 1507 3197 bos
1532 3141 1638 3197 fructos
1661 3139 1689 3196 iu
1713 3140 1769 3197 llos

166 3231 292 3288 bascnsn
307 3239 399 3288 antem
414 3230 551 3303 spirituali
565 3247 614 3303 per
628 3231 755 3286 orientem
768 3230 923 3299 boniquos
973 3237 1036 3291 ritae
1049 3248 1106 3290 suae
1120 3235 1181 3291 sine
1193 3249 1256 3290 tera
1270 3233 1428 3305 pretritcntia
1441 3233 1621 3303 reperientur,
1635 3234 1707 3289 inter
1717 3234 1767 3288 de·
1842 3299 1845 3305 Δ

130 3324 173 3382 sol
201 3324 315 3395 iustitias
341 3323 495 3391 illuminat;
512 3339 561 3395 per
578 3324 738 3378 occidentem
757 3337 823 3380 tero
845 3323 922 3390 mali,
972 3339 1055 3383 sertor
1068 3335 1170 3382 montes
1195 3333 1352 3394 censentur,
1377 3325 1516 3398 aquibus
1540 3325 1595 3382 illis
1619 3333 1683 3396 pust
1704 3324 1768 3380 vitm

130 3414 206 3486 apud
221 3430 292 3486 qnos
306 3415 379 3471 idem
402 3416 443 3472 sol
454 3415 569 3487 justitiae
593 3415 822 3486 acciditetquasi
837 3414 919 3470 mori·
974 3421 1057 3491 trojus
1080 3418 1230 3475 terminum
1253 3427 1282 3474 et
1301 3416 1440 3473 drmatnm
1458 3429 1544 3487 super
1561 3430 1610 3472 eos
1632 3416 1768 3487 judicium

130 3516 190 3575 tor,
205 3508 254 3579 qni
271 3508 352 3565 bonis
365 3508 464 3576 oritur,
478 3516 595 3580 possunt
610 3507 707 3579 accipi,
722 3522 738 3563 a
751 3507 851 3578 quibos
862 3515 924 3578 post
973 3512 1080 3567 nullum
1094 3515 1166 3579 patet
1178 3507 1324 3579 eduplorn,
1339 3508 1465 3579 quonium
1478 3506 1549 3561 bena
1558 3508 1629 3563 inter
1642 3508 1766 3565 ltumuo-

128 3598 266 3669 judicium
285 3599 485 3656 nonestloctts
504 3598 576 3655 ullos
591 3598 864 3670 lugiendi,qnoniatn
881 3598 923 3653 in·
973 3617 1020 3658 sas
1042 3600 1129 3657 ualles
1155 3607 1183 3655 et
1206 3598 1323 3654 desertos
1345 3605 1447 3653 montes
1479 3597 1639 3654 cautissime
1665 3598 1768 3654 disect-

131 3699 175 3746 ter
203 3701 335 3762 utrosque
357 3694 497 3747 lituratum
511 3690 564 3746 crit
584 3691 671 3748 cbaos
692 3690 924 3762 mapnnm,itaot
974 3707 1055 3748 nens.

132 3783 310 3855 nequeblnc,
325 3796 415 3854 oeque
442 3781 507 3840 inde
520 3782 608 3854 possit
629 3782 728 3851 aliquis
742 3790 922 3849 transmeare,
1010 3782 1093 3840 iens.
1114 3782 1141 3839 9.
1157 3778 1381 3848 Hunedsnillot,
1404 3790 1430 3836 et
1454 3781 1523 3836 irene
1547 3779 1661 3836 exaltor.
1686 3778 1768 3836 llune

130 3876 259 3946 quonium
268 3874 338 3930 Deus
346 3874 431 3946 judee
442 3885 492 3942 est,
503 3874 582 3946 cujus
590 3874 725 3946 judicium
734 3873 839 3944 justum
852 3873 924 3930 sicut
973 3875 1108 3943 inutilior,
1122 3874 1170 3946 qui
1187 3887 1219 3930 se
1230 3874 1320 3945 ipsutu
1331 3872 1451 3941 exallat;
1467 3881 1496 3931 et
1510 3875 1579 3928 dunc
1589 3873 1703 3941 eroltot,
1718 3873 1767 3944 qni

132 3962 924 4038 irreprebettsitttte,sirerttimpermutabilettomesqno·
973 3983 1004 4023 se
1027 3966 1165 4021 humiliat.
1191 3963 1404 4020 ‹Omnisenim
1430 3965 1478 4036 qui
1495 3980 1525 4021 se
1545 3965 1648 4021 exaltat
1676 3965 1768 4021 bunti-

132 4074 188 4131 qne
201 4059 299 4114 deserti
311 4073 366 4114 non
384 4060 533 4132 incongrue
544 4061 683 4114 demones
699 4057 922 4129 possuntaccipi,
972 4058 1097 4124 lialtitnr,
1120 4065 1148 4114 et
1167 4056 1215 4127 qui
1241 4070 1270 4112 se
1283 4054 1420 4126 butoilbtt⁸
1431 4057 1598 4113 exaltabitur
1612 4056 1690 4128 (bur.
1708 4073 1765 4127 aar,

131 4153 181 4227 qui
193 4152 246 4209 sub
260 4160 325 4224 typo
338 4153 467 4207 montium
490 4150 592 4208 Gelboe
603 4159 668 4206 sont
683 4147 831 4215 maledicti,
845 4148 881 4203 ita
894 4158 924 4203 ut
974 4148 1055 4217 lii.»

133 4261 184 4303 nec
210 4262 268 4314 ros,
283 4233 436 4316 nec'piutia
453 4245 545 4301 veniat
560 4259 642 4316 snper
655 4242 726 4298 illos.
751 4238 798 4297 lsti
823 4249 923 4294 montes
1011 4238 1092 4294 Vsus.
1107 4237 1153 4295 ill.
1168 4235 1239 4303 Quin
1256 4235 1366 4291 eolieirs
1392 4251 1484 4303 mono,
1507 4235 1615 4290 domins·
1626 4236 1682 4290 nini
1698 4238 1766 4292 meri

132 4337 243 4402 inculti,
254 4332 565 4408 trigidi,actencbricosi
577 4340 649 4388 recte
657 4339 803 4388 censentur
813 4330 924 4386 nomine
973 4328 1065 4401 pleuto
1080 4329 1170 4385 misto.
1189 4326 1270 4382 Colis
1287 4340 1338 4398 pro
1352 4339 1481 4381 mensura
1493 4325 1615 4397 ponitur,
1639 4327 1704 4397 qnia
1719 4326 1767 4398 ju·

135 4429 250 4496 delboe,
264 4429 337 4500 qnod
348 4424 697 4498 interpretaturderorotio,
712 4424 921 4489 sterneremus,
939 4430 960 4486 ι)
975 4420 1077 4478 dicium
1093 4421 1140 4478 bel
1153 4428 1309 4477 mensurate
1318 4418 1419 4491 agitur,
1435 4419 1472 4475 ita
1489 4426 1519 4474 ut
1529 4420 1556 4473 in
1568 4435 1623 4490 qna
1633 4435 1765 4476 mensura

133 4525 200 4594 qnia
215 4524 341 4593 princeps
354 4535 452 4577 eornm
464 4519 590 4577 diabolus
610 4518 731 4589 ipseest,
749 4517 797 4588 qni
811 4517 924 4572 cerense
974 4513 1092 4584 unisque
1114 4527 1226 4569 mensus
1253 4521 1304 4580 cst,
1331 4510 1492 4567 remetiatur
1513 4512 1554 4577 εἰς
1586 4523 1614 4566 ct
1632 4520 1765 4581 quantum

133 4614 163 4668 io
188 4613 351 4669 abscondito
376 4625 536 4684 pauperem,
560 4610 662 4682 quique
684 4609 767 4666 babet
781 4609 924 4665 ministros
973 4606 1091 4678 quisquc
1104 4604 1205 4661 biberit
1223 4604 1257 4661 de
1271 4602 1354 4658 eolice
1368 4601 1476 4656 llomlni
1486 4601 1694 4658 communicans
1703 4602 1766 4672 ejus

133 4707 223 4779 ipsius
237 4702 405 4761 devorationi
429 4702 529 4774 partim
550 4703 579 4757 in
594 4701 765 4768 abscondito,
780 4699 923 4772 partimin
975 4697 1108 4773 passioni,
1123 4704 1229 4752 tantum
1241 4693 1457 4750 communicabit
1465 4687 1493 4749 et
1500 4692 1560 4764 ejus
1568 4694 1765 4750 resurrectioni

134 4807 231 4869 aperto
246 4777 439 4869 cooperantes.
451 4792 519 4850 llam
530 4802 558 4849 et
571 4793 623 4865 ipsi
639 4793 672 4848 ad
685 4793 746 4863 ejus
763 4791 922 4847 instinctum
974 4788 1067 4845 addito
1082 4788 1197 4858 iusuper
1206 4785 1320 4842 cumulo
1329 4784 1500 4853 retendtotls,
1512 4785 1577 4857 qnia
1593 4799 1646 4841 non
1659 4785 1765 4843 solom-

134 4891 270 4948 derorant
290 4903 433 4961 pauperes.
449 4885 527 4943 Unde
555 4893 598 4942 est
621 4884 673 4940 ista
700 4882 810 4954 querela
827 4899 834 4936 :
850 4901 859 4934 ι
876 4883 923 4954 qni
975 4878 1057 4935 modo
1071 4892 1229 4934 mensuram
1250 4876 1351 4932 bonam
1364 4884 1394 4930 et
1406 4875 1521 4946 justam,
1540 4874 1765 4948 sedetsupcrel·

133 4983 272 5039 ‹terormr
295 4981 401 5053 plebem
420 4995 511 5036 meam
534 4977 606 5034 sicut
626 4991 716 5033 escatu
742 4975 822 5046 panis
836 4973 922 5047 (Psol.
974 4970 1102 5027 liuentem
1117 4968 1194 5025 dabit
1209 4969 1341 5023 insinnm
1364 4983 1463 5024 ererum
1489 4969 1619 5040 copiosos
1638 4982 1765 5025 manuue·
1816 4967 1819 4970 ’

134 5091 197 5142 snt,
212 5073 252 5145 l).
271 5094 282 5127 s
304 5069 370 5129 bem
391 5089 425 5127 :r
442 5070 557 5127 Peccata
581 5068 675 5141 populi
696 5067 750 5122 mci
775 5067 925 5122 comedunt
975 5070 1050 5117 rator
1064 5061 1212 5116 bonorum.
1226 5058 1292 5116 item
1313 5060 1362 5131 qui
1377 5059 1477 5117 biberit
1502 5059 1537 5116 de
1559 5059 1643 5114 eolice
1661 5057 1763 5113 desno-

136 5165 212 5238 (Ose.
239 5183 277 5234 ru,
301 5165 341 5237 8).
362 5182 372 5218 s
392 5161 447 5220 llos
462 5164 490 5219 in
512 5162 594 5218 dumo
608 5159 658 5216 ilci
680 5158 874 5215 latrocinantes
897 5168 926 5215 et
975 5154 1095 5218 olorum,
1107 5152 1182 5209 bibet
1195 5168 1379 5224 ottoquecnm
1394 5153 1434 5209 eis
1447 5150 1636 5208 damnationis
1656 5157 1764 5221 potum,

135 5260 256 5332 predam
278 5259 312 5314 de
325 5257 427 5329 populo
447 5253 578 5311 iacientes
594 5249 721 5306 Salvator
737 5266 799 5305 com
818 5249 924 5321 dapcllo
975 5245 1038 5316 palo
1049 5242 1121 5298 eolis
1131 5243 1159 5297 in
1174 5259 1256 5298 manu
1270 5243 1379 5298 demini
1390 5253 1447 5299 tarn
1459 5241 1505 5297 ille
1515 5255 1598 5313 quam
1615 5239 1678 5308 iste,
1696 5237 1764 5295 alter

134 5354 220 5426 ejicit.
233 5351 291 5409 ilos
303 5352 331 5407 io
346 5351 429 5406 domo
440 5347 485 5403 llei
503 5344 684 5419 negotiantes,
703 5354 731 5399 et
747 5343 775 5398 in
792 5340 923 5412 Spiritum
971 5337 1139 5412 plenosnlni
1162 5337 1237 5404 meri,
1263 5334 1336 5406 quod
1349 5332 1499 5390 bibendum
1512 5341 1554 5389 est
1569 5332 1597 5387 ln
1619 5345 1703 5401 regno
1716 5327 1764 5385 bet

135 5455 264 5504 sanctum
286 5458 335 5514 per
349 5441 534 5497 simoniacam
557 5434 684 5492 heresim
709 5433 925 5506 peccantesipse
976 5445 1089 5498 notum,
1103 5429 1418 5490 sincerumetmerum3
1434 5424 1505 5479 alter
1523 5422 1763 5494 ejusloansuess

136 5534 259 5609 Spiritus
270 5527 824 5595 sanctusmaledicit,itautuecrosuequc
834 5523 924 5594 pluria
975 5521 1112 5578 mannito
1123 5535 1171 5592 per
1187 5516 1375 5591 paenitentiam
1388 5522 1416 5571 et
1433 5512 1643 5572 contessionem.
1660 5511 1698 5569 lie
1710 5509 1763 5584 qtia

135 5628 233 5703 gratiae
239 5614 927 5699 ipsiusrettiatsuperilios,autsttpersacriiielaeo
978 5611 1242 5684 fontenetenses
1256 5615 1504 5681 perrmoresterree,
1518 5606 1545 5663 id
1560 5615 1603 5663 cst
1628 5615 1764 5662 amatores

135 5735 211 5790 sont,
222 5719 352 5793 quonlam
360 5719 406 5799 ibi
418 5717 540 5790 abiectus
550 5721 591 5770 cst
606 5711 718 5783 clypeus
734 5708 856 5779 tortium,
869 5709 926 5781 ely·
977 5716 1092 5762 terrenae
1101 5703 1345 5776 concupiscentits,
1356 5703 1416 5759 'site
1431 5702 1458 5759 bi
1476 5701 1523 5778 qui
1542 5693 1766 5775 cmontqoinqde
