3892 6067
123 14 189 71 {601
598 4 761 64 nistoriis
784 5 1051 65 titutincuttsts
1071 38 1107 50 -
1125 8 1188 66 tte.
1208 8 1253 67 tit.
1679 17 1750 76 1602

122 128 274 185 multorum
295 139 512 197 magnorumque
534 124 710 196 optimatum,
728 124 855 195 pluribus
879 125 907 179 in
922 125 1145 193 Adcsoendcret,
1161 126 1232 181 clam
1246 127 1280 182 ad
1299 141 1329 183 se
1348 127 1461 185 vicanos
1474 140 1627 200 convocat,
1653 134 1750 191 deser·

121 218 190 274 locis
205 216 339 286 colloquia
356 216 452 284 multa,
475 215 613 286 rarisque
628 223 773 270 versamur
797 223 908 269 senten·
961 221 1063 277 tionem
1077 220 1132 278 illis
1153 221 1265 287 suadet,
1290 237 1384 279 secum
1399 239 1447 280 eos
1462 240 1543 296 agere
1557 237 1653 284 contre
1666 229 1752 286 abba·

121 310 175 365 tire.
191 309 317 362 Attamen
332 307 460 363 amicitie
473 322 608 377 nusquam
626 305 749 375 procedit
762 321 825 376 pax,
841 320 911 375 quo·
960 324 1014 369 tem
1029 322 1100 380 orat,
1115 314 1210 369 dicens
1222 314 1297 385 quod
1318 329 1349 371 se
1363 315 1433 372 irato
1448 333 1585 388 nusquam
1600 320 1751 377 subsistere

120 401 195 455 niam
211 397 341 454 discurrit
361 398 463 468 ubique
477 397 622 453 discordiae
645 396 702 452 las.
717 396 753 452 Ut
774 412 839 467 ergo
862 411 910 452 co-
959 405 1102 473 haberem,
1116 421 1146 463 ge
1158 407 1272 478 pacifico
1283 424 1334 465 ,ιω
1344 409 1426 465 01qu
1442 410 1584 466 dominum
1600 427 1680 468 guum
1694 411 1751 467 for.

121 490 216 561 gnorit
241 500 375 561 tyrannus
397 489 470 560 qnod
486 490 589 560 legatos
603 504 670 544 suos
685 487 800 543 Romam
824 489 910 544 abbas
959 497 1104 556 mirarem,

120 581 253 650 misisset,
278 583 405 653 protinus
424 582 509 637 missa
534 580 709 651 expeditione
732 594 781 649 per
806 581 909 651 prredie
996 587 1097 645 Suadet
1110 607 1196 646 comes
1207 591 1387 665 burgensibus
1405 593 1487 650 Visei.
1503 597 1751 652 utsdomirtatioue

119 687 147 732 el
164 676 355 747 possessiones
379 674 540 730 monasterii
556 672 763 737 Vileliacffllsss,
790 673 909 728 Ubicun-
958 680 1063 737 abbatis
1078 698 1106 735 se
1120 682 1303 739 substrahent.
1321 703 1332 738 r
1349 685 1465 752 Videtis,
1480 688 1528 751 ait,
1542 690 1672 757 quoniam
1687 703 1749 743 cunr

119 784 175 839 que
189 767 390 824 inNirernensi
409 783 457 823 seu
478 766 689 823 Altisiorlorensi
712 780 782 837 pago
806 765 907 836 aliquid
958 772 1011 829 sim
1035 772 1173 844 legitimus
1198 776 1347 832 advocatus
1372 784 1401 832 et
1424 785 1499 833 tuter
1514 777 1749 850 Ecclesiaelrujus,

119 858 243 915 Ecclesia
254 859 326 930 juris
341 858 471 924 babebat,
487 865 574 912 totum
590 855 701 923 invasit,
719 856 843 927 diripuit,
860 857 909 911 ab·
957 864 1035 919 solus
1044 864 1129 919 abbas
1139 864 1271 935 impedire
1281 879 1453 924 communem
1465 869 1548 924 vestri
1557 871 1673 925 salutem
1685 885 1751 925 cou-

119 950 208 1013 dunit,
222 948 358 1020 spoliarit.
372 946 538 1017 Praepositos
552 960 672 1017 quoque,
690 954 718 1001 et
737 946 908 1016 singularum
959 954 1056 1021 tendit,
1072 954 1138 1010 dunr
1153 955 1336 1026 praeripiendo
1359 958 1432 1029 quod
1453 958 1526 1029 juris
1537 969 1581 1015 est
1597 960 1690 1027 alieni,
1704 961 1751 1029 jus

119 1056 211 1097 rerum
247 1037 407 1095 monasterii
433 1046 637 1107 procuratores,
660 1052 709 1107 per
735 1047 908 1094 sacramenta
955 1045 1071 1116 justitie
1083 1045 1193 1116 quidem
1207 1061 1278 1102 ame
1290 1046 1401 1118 repetit,
1416 1050 1489 1118 quod
1505 1050 1564 1119 ipse
1578 1050 1752 1106 calumnia...

118 1132 246 1203 pollicitae
268 1131 331 1186 fldei
357 1129 457 1200 wezil,
484 1137 620 1201 (rualenus
642 1130 670 1184 itt
696 1130 772 1184 nullo
798 1130 908 1201 negotio
958 1138 1032 1194 tibus
1046 1153 1090 1193 me
1109 1137 1201 1208 judice
1214 1139 1257 1195 rel
1271 1140 1403 1196 advocato
1417 1143 1530 1212 exsequi
1546 1142 1749 1214 dedignaretur.

119 1224 261 1279 monacbis
281 1231 419 1293 parerent,
444 1237 496 1276 nec
519 1222 552 1277 dc
578 1221 670 1290 aliqua
695 1220 803 1277 ratione
816 1222 907 1277 abbati
958 1226 992 1284 Et
1005 1229 1068 1300 qnis
1080 1238 1185 1286 mittant
1201 1229 1272 1286 ierat
1284 1231 1479 1300 arrogantiam,
1496 1232 1552 1287 imo
1566 1233 1749 1303 iniquitatem,

118 1317 160 1370 rel
187 1315 245 1370 suis
269 1315 477 1383 responderent.
501 1312 649 1384 Satngebat
670 1313 780 1383 quidem
808 1314 907 1371 callida
957 1321 1032 1392 quod
1047 1336 1096 1378 sua
1108 1319 1172 1391 quis
1186 1329 1322 1393 repetens,
1335 1322 1423 1377 alicua
1440 1322 1594 1378 indiscusse
1608 1323 1752 1380 detinenti

118 1406 238 1462 versutia
254 1404 404 1475 ptaet'enire
418 1403 525 1458 abbatis
543 1402 657 1473 legulos,
671 1405 694 1457 si
710 1402 781 1458 serie
795 1404 905 1475 aliquod
958 1428 1042 1483 quam
1057 1428 1125 1469 vero
1138 1428 1254 1469 eausam
1271 1414 1372 1470 habere
1391 1429 1506 1485 possum
1523 1416 1551 1469 in
1570 1413 1668 1471 [aciem
1683 1417 1752 1471 pigi.

117 1499 252 1558 cessionis
276 1498 390 1553 verbum
415 1497 456 1551 rel
483 1498 518 1551 ab
544 1497 630 1551 inrito
650 1505 789 1566 utcunque
815 1507 907 1568 posset
958 1505 1092 1576 pienti-rm
1107 1505 1178 1563 bona
1202 1515 1302 1573 restra,
1323 1505 1385 1576 iure
1409 1507 1533 1576 ipsorum
1549 1507 1690 1578 tyrannice
1706 1523 1751 1565 re·

117 1598 292 1660 extorquere.
307 1588 342 1643 At
358 1588 402 1643 ille
427 1587 575 1658 prudenter
590 1603 658 1644 usus
675 1589 756 1644 relius
772 1591 808 1658 ¹in
836 1590 908 1660 peri·
958 1598 1054 1655 renisi
1071 1596 1196 1668 Denique
1222 1596 1309 1667 pluris
1333 1605 1386 1665 ess,
1410 1597 1511 1668 inquis,
1535 1598 1638 1669 aliquid
1658 1613 1748 1669 posse,

117 1683 181 1738 culo
204 1681 365 1739 constitutis
389 1680 537 1747 consuluit,
561 1680 595 1735 de
618 1681 783 1750 competenti
796 1681 907 1737 satisla·
958 1705 1040 1762 quam
1059 1699 1149 1762 perere
1161 1689 1273 1761 jugiter.
1293 1687 1364 1756 Quid
1384 1699 1475 1744 aurem
1499 1696 1526 1744 er
1547 1698 1691 1760 quantum,
1706 1689 1751 1745 rei

118 1776 239 1831 <tionem
256 1774 350 1830 comiti
367 1773 533 1844 repromisit,
559 1772 662 1831 amissa
685 1773 796 1844 recepit,
819 1774 907 1829 eidem
957 1791 1041 1847 quarn
1058 1778 1112 1834 late
1134 1787 1259 1834 nostrum
1273 1777 1362 1832 valeat
1376 1792 1467 1848 posse,
1480 1778 1549 1832 nibil
1561 1786 1673 1848 experto
1693 1778 1751 1832 eri-

106 1864 150 1920 ·B.
167 1864 261 1922 iacobi
287 1864 431 1921 oraculum
453 1864 565 1919 adeunti
584 1865 658 1919 dona
675 1873 703 1918 et
715 1865 811 1921 exenia
821 1866 908 1920 multa
957 1866 1068 1922 dentius
1088 1875 1259 1937 argumento.
1277 1866 1313 1921 tt
1326 1867 1526 1922 monachorum
1554 1879 1651 1937 preces
1675 1876 1702 1923 et
1725 1866 1751 1924 si

117 1956 233 2026 largitus
258 1965 310 2011 est.
337 1955 391 2010 Sed
406 1970 468 2026 quar
484 1954 681 2011 bcuellciorum
705 1956 784 2025 eopia
803 1956 908 2026 cupidi·
957 1957 1069 2028 quando
1081 1957 1219 2027 repulsam
1233 1972 1289 2014 non
1311 1964 1471 2025 merentur,
1487 1957 1635 2015 inefficacia
1650 1959 1752 2029 sepios

117 2048 183 2105 tatis
209 2050 391 2104 voracitatem
419 2047 532 2120 opplere
554 2046 655 2119 queat?
678 2062 776 2118 nempe
797 2047 908 2104 animus
958 2048 1161 2104 diminuuntur.
1176 2048 1314 2116 Quorsum
1331 2050 1416 2121 igitur
1433 2061 1526 2104 restra
1550 2048 1661 2105 tendant
1675 2059 1750 2117 rota,

117 2146 266 2208 corruptus
282 2137 351 2193 nibil
366 2138 440 2193 aliud
456 2139 532 2194 norit
546 2153 630 2208 quam
643 2136 685 2193 rel
699 2145 772 2195 recta
796 2153 908 2209 perrcr-
957 2151 1048 2198 restra
1060 2141 1184 2198 interest.
1195 2140 1265 2197 Nam
1276 2141 1357 2199 nobis
1372 2140 1504 2206 intentes,
1517 2149 1546 2197 et
1560 2156 1643 2212 posse
1654 2150 1749 2196 nostro

118 2240 186 2298 tere,
200 2231 243 2288 rel
258 2231 387 2288 derectis
401 2246 485 2302 prava
499 2231 665 2300 conjectare.
958 2233 1210 2300 communicantes,
1233 2236 1290 2306 jam
1312 2248 1408 2290 cassas
1425 2233 1624 2289 monacborum
1643 2247 1749 2302 preces,

153 2322 291 2377 Reversus
314 2321 432 2393 denique
457 2337 550 2379 comes
565 2324 600 2378 ab
615 2321 771 2393 Hispaniis,
786 2322 859 2377 diem
874 2337 908 2378 ex
958 2330 986 2379 et
1000 2322 1079 2380 iutile
1091 2324 1199 2381 abbatis
1218 2324 1354 2380 auxilium
1369 2337 1425 2378 non
1439 2321 1581 2386 curabitis,
1596 2329 1684 2376 tutum
1701 2321 1751 2375 ba·

118 2414 249 2470 mamiato
258 2412 351 2467 abbati
368 2414 474 2480 statuit,
488 2423 519 2468 ut
531 2414 557 2468 in
568 2413 629 2482 ejus
644 2399 788 2483 praesentia
803 2413 837 2468 de
850 2414 909 2484 qui·
958 2415 1054 2470 bentes
1068 2429 1101 2469 ac
1117 2414 1234 2469 liberum
1250 2414 1404 2486 ingressum
1417 2424 1444 2468 et
1456 2426 1611 2484 regressum
1623 2424 1750 2484 quaqua·

117 2494 170 2561 bus
191 2503 261 2560 leret
283 2503 471 2573 interpellatus
491 2503 627 2574 judicium
651 2505 735 2560 curiae
748 2504 908 2575 principalis
957 2517 1054 2560 rersus
1067 2500 1279 2567 destinaremus,
1293 2508 1423 2571 perpetus
1437 2498 1516 2570 potiti
1532 2499 1680 2555 securitate
1692 2507 1749 2557 tam

117 2595 277 2665 susciperet.
296 2592 374 2647 Enim
388 2609 452 2650 rero
466 2595 510 2649 cui
525 2594 640 2651 baculus
654 2593 727 2651 Petri
743 2597 909 2651 commissus
958 2594 1041 2651 restri
1055 2608 1138 2663 quarn
1150 2592 1287 2648 bonorum
1302 2601 1469 2649 vestrorunt.
1488 2610 1499 2644 r

117 2681 217 2749 iuerat,
229 2681 302 2738 Petri
315 2681 477 2737 constantie
491 2691 519 2737 et
539 2682 773 2753 magnanimitatis
795 2683 909 2739 omnino
999 2687 1189 2742 vizeliacenses
1203 2687 1301 2758 [cutm
1316 2687 1437 2741 comitem
1450 2695 1508 2741 uta
1522 2686 1612 2758 creptis
1624 2687 1748 2754 derium,

115 2789 215 2844 expers
222 2788 283 2829 esse
297 2789 350 2828 non
362 2781 478 2843 poterat.
487 2771 572 2844 igitur
582 2789 615 2828 eo
628 2774 820 2829 dissimulante
829 2790 907 2829 man·
920 2787 941 2845 c
957 2787 1079 2836 exorem.
1098 2778 1162 2833 tinec
1186 2778 1283 2834 dicens
1302 2792 1336 2833 ac
1350 2792 1532 2849 prorumpens
1547 2777 1576 2832 in
1601 2777 1748 2849 singultus,

116 2864 179 2919 data
207 2864 315 2935 tyranni
341 2862 433 2918 statim
458 2864 548 2920 edicto
570 2863 711 2935 proposito
737 2864 908 2919 denuntiarit
958 2873 1094 2943 lacrymas
1108 2869 1180 2924 indit
1194 2868 1352 2940 impietatis,
1367 2882 1436 2939 quas
1451 2867 1642 2925 hauriebatde
1664 2878 1749 2940 puteo

116 2971 220 3023 cernes,
239 2956 350 3027 nequis
366 2956 517 3024 mercandi,
532 2957 574 3012 rel
591 2956 682 3012 viandi
701 2973 749 3013 sen
768 2956 908 3030 religionis
957 2960 1120 3017 coenulentre
1133 2957 1301 3029 cupiditatis.
1316 2956 1404 3025 Quam
1419 2957 1584 3015 maimunde
1594 2958 1750 3031 suggestio·

114 3046 228 3101 cbtentu
245 3043 330 3101 vizel.
340 3045 537 3117 ingrederetur,
549 3061 616 3102 nere
626 3047 661 3101 ab
673 3044 758 3100 viret.
772 3048 907 3118 quispiam
958 3052 1001 3109 nis
1020 3051 1196 3107 tentationem
1211 3064 1368 3121 precavens
1388 3049 1483 3117 abbas,
1499 3059 1601 3108 coeturn
1615 3059 1750 3108 convocat

116 3139 150 3192 ad
164 3137 288 3209 publicas
303 3137 450 3205 nundinas,
471 3137 530 3194 sire
548 3136 583 3192 ad
605 3138 745 3207 publicum
769 3149 907 3195 commea·
957 3142 1093 3209 fratrum,
1118 3149 1146 3198 et
1166 3149 1197 3196 ut
1210 3149 1307 3197 euntes
1321 3139 1449 3213 prostrati
1464 3140 1525 3197 solo
1539 3147 1620 3197 tenus
1645 3141 1749 3213 pariter

117 3244 174 3284 turn
195 3229 327 3300 prodiret.
344 3228 475 3299 Quisquis
487 3239 570 3300 porro
581 3232 759 3286 constitutum
775 3239 907 3288 temerare
957 3232 1085 3289 comitem
1101 3231 1323 3301 deprecarentur,
1339 3238 1475 3301 quatenus
1500 3246 1595 3287 eorum
1620 3230 1750 3288 misertus

116 3329 295 3392 presumeret
315 3320 446 3385 edictum,
471 3318 569 3389 praedae
588 3322 663 3375 omni
677 3322 834 3376 occursanti
856 3338 907 3391 pa·
957 3323 1088 3382 Ecclesiae
1108 3331 1243 3395 parceret,
1270 3321 1423 3378 admonuit.
1449 3320 1675 3392 obtemperantes
1700 3321 1749 3376 lilii

117 3421 195 3469 teret.
211 3411 314 3467 Taliter
327 3409 432 3466 vicanis
444 3410 576 3477 obsessis,
593 3425 700 3480 crepere
711 3412 795 3480 aliqui
806 3413 906 3467 intrin-
957 3415 1069 3471 monitis
1087 3414 1225 3483 paternis,
1254 3412 1288 3467 ad
1311 3411 1395 3482 pedes
1423 3412 1533 3483 tyranni
1563 3412 1750 3482 relinquentes

117 3519 197 3559 secus
211 3493 312 3559 iurtiro
334 3516 475 3556 murmure
498 3515 654 3565 susurrare,
675 3501 796 3556 dicentes
809 3511 905 3556 aucto·
956 3519 1067 3561 mensas
1086 3506 1188 3575 pariter
1197 3513 1350 3569 corruunt,
1370 3511 1398 3557 et
1417 3510 1447 3557 nt
1462 3503 1533 3570 sibi,
1548 3505 1605 3559 imo
1619 3502 1751 3560 Ecclesiae

117 3611 174 3651 rem
192 3595 316 3651 simulet
331 3593 590 3650 cansamnralorum
606 3593 729 3647 onmium
746 3607 808 3649 osse
822 3592 907 3647 abba·
956 3611 1052 3652 amore
1065 3593 1124 3661 bei,
1139 3605 1166 3651 et
1186 3594 1246 3666 ejus
1265 3593 1414 3649 dilectricis
1437 3593 1587 3648 reuerentia
1613 3603 1748 3663 parceret,

117 3697 184 3752 tem,
200 3686 247 3756 qni
261 3696 287 3741 ct
300 3686 377 3740 noris
391 3692 417 3738 ct
431 3683 541 3755 injustis
556 3683 662 3752 legibus
683 3697 732 3739 eos
755 3691 905 3753 premeret,
957 3702 1023 3743 suos
1030 3685 1072 3741 rel
1084 3684 1212 3742 Ecclesiae
1220 3683 1345 3739 bomincs
1355 3698 1390 3739 ne
1400 3682 1558 3739 seducendo
1571 3690 1747 3752 perverteret,

117 3787 144 3832 et
166 3776 274 3848 tyranni
292 3775 522 3844 inrorenr,cu1us
548 3774 620 3828 inira
646 3774 779 3829 terminos
797 3772 907 3828 claude-
957 3777 1116 3849 suppliciter
1125 3775 1284 3850 efflagitant.
1295 3773 1401 3841 Quibus
1411 3772 1456 3829 illc
1466 3771 1609 3829 colubrino
1620 3785 1747 3842 corpore,

117 3869 226 3932 liuntur,
243 3863 388 3921 adversum
407 3880 436 3920 se
460 3865 487 3919 in
507 3865 649 3920 interitum
671 3877 767 3918 corum
786 3862 908 3918 eoncita-
957 3886 1013 3927 non
1039 3868 1195 3925 columbina
1219 3875 1312 3923 mente
1323 3873 1435 3922 econtra
1450 3863 1573 3934 deiectus
1593 3862 1747 3933 respondit,

117 3967 170 4015 ret.
192 3958 295 4014 Felices
309 3958 418 4014 demum
434 3973 463 4013 se
476 3972 508 4012 ac
521 3957 617 4013 beatos
636 3954 695 4010 iore
710 3954 906 4025 predicabant,
957 3976 988 4018 se
1002 3960 1069 4015 nihii
1080 3959 1154 4015 alind
1169 3958 1204 4014 ab
1215 3959 1256 4015 eis
1271 3956 1411 4030 requirere
1425 3953 1609 4026 praeterquod
1622 3953 1668 4024 jus
1682 3968 1750 4023 pro-

117 4051 141 4107 si
155 4050 257 4121 rejecto
280 4049 409 4105 Ecclesiae
426 4049 493 4120 jugo
512 4064 572 4105 sese
593 4047 783 4117 manciparent
797 4047 907 4104 comitis
957 4055 1048 4126 prium
1063 4061 1225 4123 repetentes,
1240 4049 1332 4106 itidem
1347 4056 1376 4104 et
1397 4047 1449 4118 ipsi
1472 4061 1522 4117 per
1545 4060 1656 4101 nmnum
1673 4044 1748 4101 illius

117 4141 242 4196 arbitrio.
264 4138 341 4195 'lunc
355 4139 456 4211 qnippe
467 4147 494 4194 et
508 4149 646 4194 extremos
661 4138 755 4194 lrostes
769 4151 826 4193 non
846 4137 905 4194 lor·
921 4122 1001 4215 Djns
1013 4144 1134 4199 alienum
1145 4149 1339 4213 exsequantur.
1356 4156 1367 4191 c
1382 4136 1416 4194 Et
1429 4138 1509 4205 mire,
1521 4135 1621 4207 inquit,
1637 4145 1746 4205 stupeo,

116 4230 784 4302 rnidarcnt,etinternosexactoresrelutcxiguas
797 4245 907 4286 muscas
957 4238 1068 4294 cuinam
1087 4234 1208 4306 equitati
1226 4232 1379 4289 ascribatur
1398 4227 1647 4293 scrutaminum
1672 4225 1746 4296 quoti

116 4342 132 4382 2
157 4342 187 4382 ὅθ
210 4327 368 4397 abigerent·,
385 4324 444 4390 sed,
459 4323 523 4378 etsi
537 4329 708 4392 θβῠὸθῦῦθῑ,
730 4338 793 4378 cum
810 4322 907 4378 abbeie
957 4344 1002 4387 me
1016 4329 1147 4385 advocato
1163 4335 1190 4385 et
1200 4326 1292 4399 judice
1306 4324 1375 4381 slios
1385 4320 1572 4393 compellatis;
1590 4317 1641 4389 ipsi
1654 4324 1746 4371 autern

114 4422 219 4491 judicio
233 4421 437 4493 aequipollenter
449 4417 653 4485 contenderent,
668 4431 730 4473 cunr
746 4417 838 4488 plures
850 4415 908 4472 ior·
958 4421 1019 4478 aliis
1032 4434 1141 4493 qnoque
1151 4417 1388 4489 compellantibus,
1406 4428 1451 4470 me
1463 4411 1556 4467 itidem
1573 4409 1705 4464 advocato
1718 4416 1747 4461 et

117 4514 181 4571 tiori
195 4515 342 4569 innitentes
352 4528 501 4583 paucorum
516 4520 544 4565 et
556 4510 707 4566 imbellium
722 4510 907 4566 dominatione
954 4513 1047 4585 judice
1057 4511 1130 4582 quod
1147 4510 1252 4580 justum
1277 4518 1320 4565 est
1341 4504 1454 4576 exsequi
1470 4499 1672 4574 dedignandum
1693 4511 1746 4553 uec

116 4621 178 4664 sese
191 4606 336 4676 eriperent.
353 4604 408 4660 Nec
421 4602 501 4659 latuit
512 4603 639 4660 comitem
652 4602 716 4657 talia
727 4617 775 4658 eos
790 4601 906 4657 inricem
956 4621 1022 4663 sero
1037 4603 1165 4659 nomines
1177 4610 1283 4658 vestros
1302 4600 1345 4657 rel
1369 4599 1508 4664 seducere,
1525 4596 1569 4651 rel
1586 4605 1714 4648 rerocare
1728 4604 1745 4645 a

116 4697 273 4760 mussitare,
289 4694 403 4767 lingone
415 4694 533 4767 profano
546 4694 631 4767 impia
646 4693 761 4750 consilia
777 4693 830 4749 sibi
841 4708 906 4764 per·
956 4698 1045 4759 robis,
1057 4705 1088 4751 ut
1100 4696 1207 4762 dicitis,
1229 4693 1342 4761 studeo;
1360 4690 1409 4747 sed
1421 4703 1492 4760 quos
1510 4688 1546 4743 dc
1562 4701 1639 4740 merc
1664 4693 1692 4739 et
1709 4682 1745 4738 de

116 4791 229 4849 serente.
242 4790 329 4861 Cujus
342 4787 514 4860 amplexatus
530 4789 623 4868 dolum
639 4802 696 4859 quo
708 4786 905 4854 instruebatur,
954 4789 1017 4858 jure
1030 4801 1092 4842 tneo
1106 4786 1207 4856 ubique
1221 4784 1256 4839 ab
1270 4782 1399 4839 omnibus
1413 4789 1492 4836 tueor
1508 4793 1541 4834 ac
1561 4775 1688 4842 delendo,
1702 4774 1743 4829 le-

115 4882 246 4953 quoniam
260 4882 285 4938 si
298 4879 435 4937 vizeliaco
450 4880 564 4948 reniret,
580 4889 608 4936 et
623 4879 736 4935 rerbum
752 4878 786 4934 de
801 4878 906 4934 abbatis
956 4879 1051 4948 ritino
1066 4892 1098 4934 ac
1111 4876 1221 4948 publico
1236 4875 1340 4946 judicio
1357 4872 1442 4931 curies
1462 4885 1531 4928 rneae
1543 4868 1585 4924 rel
1601 4874 1742 4937 purgstos,

115 4975 270 5031 desertione
283 4974 362 5046 quasi
377 4972 508 5030 tentando
524 4989 591 5031 usus
610 4979 794 5043 temperanter
809 4970 845 5027 ad
865 4971 907 5024 ri·
956 4969 997 5023 rel
1010 4967 1174 5039 justilleatos
1196 4980 1258 5022 esse
1270 4965 1389 5022 decerno
1404 4960 1553 5035 :quisquis
1575 4958 1669 5023 erun,
1687 4954 1742 5021 sit,

115 5082 201 5122 canos
216 5066 337 5133 baberet,
348 5082 403 5124 non
419 5066 532 5122 dubium
547 5064 614 5137 quin
629 5065 718 5136 potior
728 5074 755 5120 ct
768 5064 906 5134 eopiosior
955 5059 1029 5132 quod
1046 5076 1126 5117 suurn
1140 5070 1182 5115 est
1193 5059 1303 5130 repetit,
1315 5058 1406 5113 alieno
1420 5071 1498 5126 aeque
1513 5054 1569 5126 juri
1584 5051 1682 5109 cedere
1695 5048 1743 5104 de·

115 5175 179 5232 pars
199 5174 295 5216 eorum
311 5160 363 5216 sibi
384 5158 479 5215 iarens
495 5159 621 5231 protinus
631 5172 742 5213 menum
759 5155 906 5212 deditionis
954 5151 1010 5209 bet.
1029 5171 1039 5204 r
1056 5150 1198 5208 Fratribus
1212 5150 1245 5205 ad
1261 5150 1319 5205 irasc
1331 5146 1570 5219 respondentibus,
1584 5142 1662 5214 juxta
1676 5153 1744 5194 con·

114 5253 141 5309 ei
152 5252 239 5321 daret,
256 5263 463 5323 recompensato
478 5251 590 5319 loedere,
600 5264 656 5322 quo
668 5249 863 5322 protectionem
878 5256 906 5304 et
955 5251 1064 5300 suetum
1078 5243 1125 5299 diu
1138 5257 1242 5299 morem
1258 5241 1370 5297 Petrum
1382 5255 1507 5304 omrem,
1519 5247 1548 5292 ct
1561 5241 1663 5293 statuta
1675 5245 1743 5300 apo·

116 5346 250 5403 auxilium
263 5361 343 5402 sunm
360 5347 401 5403 eis
422 5346 524 5416 ubique
545 5351 704 5415 prestaret,
728 5340 802 5397 renit
826 5336 905 5394 Vise·
954 5339 1051 5395 stolica
1083 5352 1113 5393 se
1136 5335 1240 5392 nemini
1258 5348 1359 5406 negare
1381 5332 1455 5404 quod
1473 5332 1582 5402 iustum
1598 5336 1659 5392 est,
1684 5331 1742 5382 tota

115 5437 208 5497 liaeo:
227 5454 344 5510 cumque
359 5439 386 5495 iu
402 5437 523 5510 bospitio
534 5435 695 5494 monasterii
706 5450 741 5492 cx
754 5431 904 5505 improriso
955 5429 1047 5488 subito
1060 5430 1159 5488 tlemus
1178 5425 1296 5485 sonmo
1319 5424 1555 5496 elammercpleta
1567 5428 1620 5479 cst.
1640 5416 1741 5474 lterum
