3892 6067
201 286 254 345 eor
474 273 481 344 “.
684 285 838 348 aunuum
857 281 1054 348 rnnrosrrr
1073 280 1351 343 numnenseeno.
1797 284 1869 346 uus

201 405 236 478 de
248 411 305 463 toto
320 401 386 455 orire
407 408 542 454 terrarum
566 408 662 466 uocata
686 403 818 472 respondit
831 403 944 460 Christo
966 402 994 458 in
1008 402 1032 463 A
1047 401 1117 457 siaro
1127 402 1154 458 iu
1163 399 1275 459 Christo
1290 398 1442 458 collocasti.
1453 393 1486 451 Et
1500 410 1580 466 opero
1594 405 1872 455 mouuumtuorm

201 491 362 550 eiooirtutir
385 506 451 555 ruo,
470 490 535 562 quia
557 492 628 565 sierrt
643 491 781 568 christus,
797 495 835 551 ita
853 495 911 565 ipsa
936 509 996 552 am·
1046 506 1109 550 suni
1124 493 1192 561 ooli,
1217 494 1244 548 ld
1265 496 1308 549 εει
1334 486 1449 561 apostoli
1467 501 1515 558 per
1529 485 1716 557 operationem
1745 486 1871 549 saneti

202 584 307 656 hoinrit
321 583 349 638 in
373 582 531 641 rirtutibus.
554 583 642 656 ilrrjus
654 601 709 652 uox
730 585 775 648 hie
794 587 940 657 sequitur:
1046 586 1165 660 Spiritus
1177 583 1297 641 iormati.

237 673 407 730 Peucitotem
422 671 526 728 dierum
540 693 656 750 meorum
679 677 773 750 puertia
790 676 994 751 nuileihoeest,
1081 678 1163 735 Vens.
1183 677 1229 733 Ξῖ.
1250 673 1307 746 ipsi
1323 673 1456 745 peribunt,
1475 670 1541 740 onia
1564 671 1714 728 secundum
1738 687 1868 745 corpus

200 766 321 823 Ecclesia
336 770 364 822 in
376 769 419 823 oie
438 769 544 825 virtutis
561 770 650 840 posita
668 769 803 840 respondit
823 768 918 826 dicens
932 788 938 825 :
950 768 996 825 ln·
1045 771 1207 828 morientur.
1220 766 1347 825 visibiles
1361 767 1443 821 etiam
1454 763 1516 820 ooeli
1527 764 1665 834 peribunt,
1676 766 1739 836 quia
1761 785 1774 818 r
1791 781 1866 824 eoe·

201 858 280 915 siuua
296 858 375 924 milri,
387 858 498 929 guarrdo
512 859 644 919 llrriantur
654 859 735 931 pauci
750 859 809 916 dies
822 859 878 928 isti,
888 869 917 915 et
927 875 995 917 oon·
1044 864 1101 920 lurn
1114 870 1143 918 et
1155 870 1227 917 terra
1240 859 1396 917 transibunt
1421 854 1532 928 (diuiti.
1548 871 1613 911 xurv
1629 855 1686 926 oei:
1706 876 1716 911 r
1735 856 1784 913 Tar
1800 874 1865 913 ort·

200 948 350 1005 summatio
360 948 466 1016 saculi,
482 957 510 1005 ει
524 951 635 1012 ueniant
656 951 721 1020 anni
732 949 836 1024 eterni.
851 948 885 1015 Et
896 951 997 1025 dicitur
1046 964 1098 1012 tem
1110 968 1247 1026 pennoni
1262 964 1369 1020 semper
1383 947 1410 1002 in
1422 962 1478 1003 rrno
1489 956 1574 1004 ειειιι.

200 1039 227 1095 ei
244 1058 276 1095 :r
293 1037 489 1102 Praedieobitur
512 1039 689 1113 Evangelium
713 1042 741 1097 ln
762 1041 890 1106 omnibus
907 1043 996 1115 genti·
1081 1047 1151 1103 Cum
1169 1046 1214 1102 hie
1229 1045 1337 1100 dicatur
1357 1041 1440 1099 :oeli
1459 1042 1593 1112 peribunt,
1612 1041 1759 1113 qrraerihu,
1778 1055 1864 1112 quao-

201 1129 265 1199 bus,
280 1140 307 1187 θ(
330 1139 396 1187 ¹⁰⁰⁰
413 1133 505 1188 l'essiel
526 1131 588 1188 sinis
610 1131 720 1204 (millu
740 1149 816 1196 ull.
839 1134 897 1202 ld)-
915 1152 926 1186 ι
955 1133 997 1209 All
1046 1138 1128 1210 prodo
1145 1137 1198 1193 alla
1211 1135 1351 1206 Scriptura
1364 1134 1437 1192 dieat
1449 1150 1482 1188 :r
1500 1130 1585 1188 Terra
1596 1131 1625 1186 in
1642 1140 1780 1187 ιειειιιειει
1797 1139 1864 1188 slat

205 1219 323 1276 litteram
339 1221 421 1277 etiam
446 1223 579 1292 respondit
601 1219 933 1294 llomirrusderusnlemiu
952 1224 998 1279 oio
1047 1225 1148 1300 (Eeele.
1162 1227 1234 1300 ιιι
1256 1243 1267 1280 r
1291 1223 1326 1296 Et
1347 1223 1472 1279 iterum:
1494 1219 1620 1278 romnis
1641 1230 1774 1278 ereatura
1802 1220 1866 1278 Dei

200 1313 318 1379 uirtutis,
332 1328 395 1370 eum
418 1313 452 1369 ad
474 1314 629 1386 passionem
660 1314 811 1380 resederet,
830 1322 858 1370 et
877 1313 997 1386 populos
1046 1318 1179 1393 panetio
1193 1326 1336 1375 eternum.
1355 1334 1365 1368 r
1383 1313 1530 1371 Sciendum
1548 1322 1591 1370 est
1607 1312 1681 1384 quod
1696 1312 1859 1369 iormare·

201 1419 344 1464 eumcum
376 1405 476 1475 palmis
494 1407 645 1478 susciperet
662 1424 669 1461 ε
684 1421 747 1462 cum
771 1415 884 1476 eunium
904 1405 997 1480 populi
1046 1427 1108 1483 rum
1120 1409 1219 1481 peribit
1234 1427 1242 1482 ς
1256 1408 1314 1478 ipsa
1334 1405 1487 1463 substantia
1501 1404 1530 1460 in
1543 1412 1676 1460 eternum
1700 1411 1812 1459 manet.

202 1494 230 1549 in
245 1510 277 1551 ea
290 1495 408 1563 audiret,
429 1496 580 1566 respondit.
592 1506 619 1552 et
640 1498 803 1567 paucitatem
815 1498 918 1562 dierum
932 1514 998 1568 suo·
1082 1500 1118 1574 Et
1132 1516 1221 1556 omme
1236 1499 1304 1562 sieut
1316 1497 1498 1565 uestimentum
1509 1502 1679 1551 veterescent.
1695 1492 1767 1550 coti
1782 1502 1859 1549 sunt

201 1599 264 1647 rum
290 1587 465 1643 annuntiaris
488 1589 525 1653 ei,
544 1588 659 1645 diceris:
681 1608 690 1641 r
712 1588 825 1647 Venient
838 1590 908 1659 dies,
931 1607 996 1648 eum
1047 1596 1127 1670 qnasi
1138 1583 1320 1651 restioneutum
1332 1589 1436 1655 mundi,
1451 1588 1498 1660 qui
1515 1596 1654 1644 senectute
1667 1594 1694 1642 et
1707 1592 1862 1648 vetustate,

202 1676 307 1732 inimici
333 1677 542 1739 circumdabunt
557 1688 593 1749 te,
605 1688 633 1736 et
654 1681 688 1738 ad
700 1689 802 1737 terrum
822 1691 997 1752 prosternent
1047 1675 1858 1750 deliciuntinhaeiorma‚irequanunosunt.Eirieutoper·

202 1778 240 1833 te,
255 1774 284 1821 ει
298 1767 369 1823 lilios
391 1777 464 1837 tuos,
479 1770 526 1840 qui
542 1769 610 1826 inte
627 1778 700 1838 sont,
717 1779 745 1827 ει
761 1786 815 1829 non
842 1772 998 1843 relinquent
1013 1753 1035 1809 B
1050 1780 1148 1838 rernm
1161 1776 1276 1833 merobis
1287 1791 1341 1846 eor,
1357 1784 1383 1843 et
1401 1770 1583 1844 mutabuntur.
1599 1769 1705 1827 Coelorn
1716 1777 1760 1826 εει
1775 1783 1858 1838 oper·

203 1861 231 1914 in
247 1869 273 1916 te
288 1860 406 1931 lapidem
428 1876 510 1932 super
526 1861 643 1932 lapidem
656 1861 734 1935 (hue.
748 1880 806 1932 ιιι,
821 1863 857 1921 lo
875 1873 903 1921 et
913 1865 969 1936 itt.
986 1883 996 1923 r,
1051 1871 1149 1942 torirmu
1161 1876 1251 1938 ιειιεε,
1268 1864 1343 1937 onon
1353 1863 1507 1920 revolvetur
1521 1871 1551 1917 ut
1564 1859 1783 1918 tabernaculum.
1795 1857 1855 1912 Pe·

238 1948 303 2008 llaee
317 1968 378 2024 quae
392 1961 546 2023 sequuntur
557 1969 644 2025 usgue
665 1955 692 2010 in
707 1954 789 2012 llnsm
809 1956 918 2029 psalmi¹
935 1967 1002 2015 sunt
1050 1967 1126 2017 racto
1137 1965 1228 2014 antem
1241 1955 1344 2028 judicio
1360 1953 1422 2019 orell
1434 1952 1461 2008 in
1473 1952 1555 2009 aliam
1566 1950 1682 2007 sormam
1701 1953 1855 2005 normien-

203 2042 286 2097 rerba
302 2042 487 2114 generationis
498 2043 622 2111 alterius,
641 2052 668 2101 ει
681 2046 774 2117 populi
796 2047 860 2104 nori
873 2049 968 2115 creati.
984 2063 1002 2105 a
1052 2060 1096 2106 tur
1110 2050 1175 2121 quia
1189 2047 1322 2104 hominus
1333 2055 1398 2102 tuno
1412 2059 1515 2116 nouum
1526 2043 1626 2099 omium
1637 2050 1664 2096 ει
1678 2057 1780 2096 noram
1793 2051 1854 2098 ter·

202 2135 381 2204 compedibus
399 2134 492 2203 soluti,
506 2135 594 2207 quiin
610 2135 677 2194 Sion
698 2139 837 2208 convenit,
851 2148 880 2200 et
891 2140 1001 2199 laudem
1051 2157 1110 2212 ram
1123 2140 1219 2212 iaeiet;
1235 2139 1337 2195 erinna
1351 2136 1469 2209 gloriam
1499 2134 1581 2208 solis,
1593 2141 1621 2190 ει
1634 2131 1677 2189 εει
1692 2132 1787 2189 lumen
1806 2145 1854 2187 se·

202 2226 238 2283 de
248 2226 400 2284 &lemhale
412 2229 495 2285 canii·
1051 2243 1124 2312 pern
1136 2235 1241 2300 dierum
1249 2222 1372 2302 haheb'in
1377 2228 1540 2300 Sanctorum
1551 2242 1665 2299 corpora
1674 2234 1739 2283 suot
1748 2224 1853 2280 animos
1937 2233 1938 2236 ’

239 2316 322 2374 Vens.
336 2319 382 2375 ιδ.
403 2318 445 2376 Ne
470 2338 571 2380 rerem
587 2324 663 2379 mein
678 2324 791 2379 dioridio
811 2323 915 2380 dierum
928 2339 1001 2380 meo·
1051 2327 1225 2384 vestimento.
1249 2323 1351 2380 Omnes
1364 2337 1430 2396 ergo
1457 2319 1543 2378 sancti
1575 2319 1642 2378 sieut
1665 2320 1852 2374 uestimentum
1937 2345 1938 2348 ¹

204 2425 276 2475 runa,
296 2409 383 2468 idest
406 2428 441 2469 ne
468 2414 615 2472 subtrahas
640 2430 685 2471 me
702 2414 737 2470 ab
759 2416 847 2471 annis
863 2416 930 2484 tuis,
953 2415 1002 2488 qul
1052 2425 1224 2486 veterescent,
1242 2416 1326 2473 idest
1345 2428 1462 2486 corpora
1484 2412 1608 2483 omnium
1630 2409 1757 2468 deiicient
1771 2407 1851 2480 prius

205 2515 268 2561 uum
288 2503 396 2573 positus
408 2505 436 2559 in
449 2505 561 2560 dimidio
572 2505 676 2561 dierum
688 2522 816 2562 sueorum.
834 2505 900 2563 uoae
909 2515 1002 2579 partes
1053 2520 1201 2575 senectute.
1214 2509 1325 2575 mordens
1343 2504 1534 2564 resolutione:
1552 2503 1756 2586 comparatione
1771 2501 1851 2564 simi·

204 2592 288 2648 simul
304 2593 408 2651 eollatae
419 2605 535 2667 utraque
550 2605 592 2652 ost
605 2611 691 2652 unum
702 2595 858 2665 dimidium,
872 2597 936 2654 lieet
947 2612 1003 2653 una
1052 2602 1093 2660 los
1115 2601 1289 2664 vestimento,
1303 2596 1376 2669 quod
1399 2611 1432 2652 eo
1447 2609 1537 2666 usque
1560 2593 1697 2660 atteritur,
1712 2592 1800 2648 donee
1812 2591 1849 2648 ad

206 2683 307 2755 major,
324 2686 409 2741 altera
426 2687 463 2742 sit
486 2688 576 2743 minor
588 2687 669 2744 sicuti
693 2688 716 2742 si
730 2702 803 2745 unus
819 2686 879 2744 ‹lies
893 2687 1003 2745 eooier·
1053 2692 1170 2750 pinnum
1180 2690 1329 2762 testigatur.
1337 2686 1460 2758 Corpora
1468 2699 1577 2756 quoque
1588 2692 1653 2739 sunt
1661 2683 1760 2738 animae
1767 2697 1849 2753 0901.

205 2785 281 2833 retur
293 2785 403 2833 eentum
422 2779 513 2834 anonis.
531 2778 637 2836 AEterrri
663 2780 728 2835 anni
748 2778 1003 2842 suntunumdinri·
1053 2786 1167 2851 ensium,
1191 2781 1342 2853 inquibus
1369 2787 1473 2850 opertas
1496 2791 1552 2832 non
1581 2776 1719 2847 ridentur.
1748 2773 1849 2832 Postea

203 2867 293 2934 diram,
317 2868 473 2942 dieslnrius
494 2871 557 2929 ritae
576 2874 692 2930 alterum
722 2873 877 2930 dimidium.
897 2871 932 2929 ln
947 2892 1003 2935 uno
1053 2873 1269 2934 mutabiaeoaah
1284 2873 1336 2929 ista
1360 2869 1498 2927 solutione
1512 2870 1582 2926 sicut
1599 2869 1771 2938 opertorium,
1800 2876 1847 2924 ut-

202 2958 327 3027 dimidio,
349 2959 376 3017 id
402 2970 447 3019 est
459 2962 487 3019 in
509 2964 650 3037 temporali
674 2971 717 3022 est
738 2965 831 3030 homo,
857 2964 884 3020 iu
899 2964 1000 3036 ειιειε,
1054 2965 1226 3042 poteiquod)
1257 2965 1334 3035 prius
1348 2963 1448 3020 anime
1470 2959 1591 3027 inerunt,
1610 2960 1639 3016 in
1665 2959 1847 3031 aequalitatem

205 3050 234 3106 id
247 3061 289 3108 εει
304 3052 331 3109 in
343 3064 457 3118 aeterno.
476 3064 519 3113 est
534 3054 617 3112 ileos.
635 3056 700 3114 ldeo
713 3056 838 3129 seqnitur
855 3077 862 3114 e
878 3057 911 3115 in
926 3077 1039 3158 pene·c
1055 3057 1225 3130 angelorum.
1240 3053 1320 3122 Coeli,
1335 3053 1361 3112 id
1373 3060 1415 3109 est
1427 3050 1514 3107 saneti
1525 3049 1566 3108 sie
1579 3037 1774 3108 mutabuntur:

205 3143 336 3197 sotionem
352 3151 377 3198 et
400 3146 595 3215 generationem
608 3148 672 3203 unm
685 3148 736 3215 tei,
759 3148 1004 3222 horest,deprae·
1093 3148 1178 3205 Vsus.
1201 3147 1247 3203 28.
1276 3145 1315 3200 Tu
1342 3154 1430 3200 eutem
1459 3142 1727 3215 resmissionem
1756 3141 1845 3212 inisti,

206 3234 275 3290 renti
292 3248 380 3305 risque
397 3235 424 3290 in
440 3236 543 3293 tornea.
1054 3242 1166 3316 quando
1179 3236 1357 3298 muudumex
1379 3235 1466 3294 nihilo
1479 3234 1581 3305 iecisti,
1593 3244 1621 3292 et
1647 3249 1704 3291 nou
1722 3233 1845 3304 senuisti,

241 3323 348 3380 Aliter:
365 3324 402 3380 lle
413 3342 475 3384 rneo
488 3328 601 3385 dimidio
614 3330 897 3402 temporali,idestde
909 3334 1005 3404 pauci·
1054 3344 1082 3393 et
1092 3350 1123 3391 es
1137 3333 1243 3405 primus
1254 3338 1318 3388 ante
1340 3329 1444 3396 omnnia,
1466 3328 1635 3386 norissimus
1657 3335 1719 3400 post
1745 3326 1845 3395 omitia,

206 3413 382 3471 tateoicrum
408 3432 532 3474 meorum
546 3420 701 3477 tendentem
725 3422 753 3478 in
771 3430 849 3480 tuum
860 3423 1004 3483 dimidium
1054 3426 1120 3500 quia
1131 3440 1239 3495 semper
1249 3436 1347 3480 novus.
1363 3419 1397 3477 Et
1415 3421 1479 3475 unni
1498 3419 1537 3474 tui
1551 3434 1604 3473 non
1618 3418 1752 3489 deficient,
1762 3416 1788 3474 id
1804 3425 1846 3474 εει

206 3516 339 3564 eternum
363 3523 395 3563 rte
413 3524 515 3567 reseres
532 3512 684 3571 deserendo
700 3513 866 3572 relabentem
887 3516 1004 3574 inerro·
1054 3517 1192 3578 eternitas
1210 3525 1256 3572 tua
1271 3527 1379 3584 semper
1393 3517 1544 3583 permanet.
1571 3507 1752 3565 immutabilis
1769 3523 1798 3565 es
1818 3514 1846 3563 et

208 3614 277 3662 rein,
290 3599 337 3662 sed
352 3600 445 3657 trahas
456 3601 579 3673 jurando
599 3605 753 3662 minuentem
770 3606 798 3662 in
813 3609 1003 3666 aeternitatem.
1055 3606 1225 3666 invariabilis
1237 3605 1302 3678 quia
1313 3613 1443 3671 aeternus,
1464 3610 1493 3659 et
1510 3616 1581 3673 quos
1607 3601 1641 3658 de
1664 3609 1737 3658 terra
1760 3597 1844 3658 iecisti

207 3689 294 3746 Aliter
309 3709 317 3746 a
337 3690 452 3750 Peracta
463 3694 576 3754 dimidio
592 3698 646 3754 rita
658 3714 719 3756 mea
733 3716 765 3755 ne
782 3717 883 3768 repares
910 3719 950 3758 ane
970 3704 1006 3761 de
1054 3699 1152 3769 eoelos,
1170 3701 1221 3757 hos
1233 3697 1316 3755 iacies
1327 3706 1454 3753 aeternos.

208 3780 313 3836 mundo
328 3781 533 3841 inemendatum
558 3798 586 3842 et
599 3786 798 3858 imperfectum,
816 3792 864 3848 sed
878 3794 1005 3863 permitte
1093 3793 1176 3852 Vens.
1194 3793 1240 3851 ιθ.
1261 3790 1330 3846 Filii
1354 3804 1489 3846 seruorum
1510 3797 1616 3845 tuorum
1641 3787 1805 3855 habitabunt,
1816 3786 1844 3846 id

208 3885 254 3928 me
271 3880 359 3928 totum
383 3883 491 3946 ternpus
521 3878 622 3945 rivere,
643 3880 717 3950 quod
736 3883 916 3952 eonstituisti,
933 3885 1006 3942 sicul
1055 3894 1108 3958 est,
1118 3883 1279 3952 Christiani,
1296 3880 1485 3956 apostolorum
1501 3879 1560 3947 lilii,
1577 3895 1647 3951 quos
1657 3894 1706 3949 per
1728 3877 1844 3950 Evange-

208 3960 354 4018 Eueelriam
366 3964 466 4034 iecisti,
485 3980 515 4024 ut
529 3968 563 4025 de
577 3970 716 4040 praeterito
742 3974 914 4042 emendatus,
937 3978 1005 4036 etin
1055 3979 1122 4036 hum
1138 3985 1301 4050 genuerunt,
1328 3974 1470 4031 habebunt
1493 3973 1555 4030 illos
1571 3981 1635 4030 tuos
1655 3988 1743 4030 annos
1755 3971 1844 4028 inded-

209 4054 290 4110 bouis
300 4056 834 4131 actibuspsrlectusooeurraminvirum
840 4067 1004 4146 perlectum,
1055 4072 1169 4139 cientes,
1184 4070 1337 4125 habitantes
1351 4067 1379 4123 in
1393 4081 1477 4139 regno
1491 4076 1633 4138 perpetuo,
1660 4064 1706 4121 ubi
1720 4064 1842 4136 gaudium

209 4144 236 4200 ¹¹¹
248 4160 337 4201 illm
352 4153 485 4222 ¹1¹⁰srqui
499 4156 682 4218 suntetemi,
1055 4172 1098 4227 est
1112 4161 1319 4232 sempiternum,
1339 4167 1366 4214 et
1390 4172 1532 4229 nunquam
1557 4156 1677 4212 liniendo
1704 4155 1841 4213 securitas.

246 4233 327 4313 Υειε.
349 4238 394 4294 26.
415 4237 501 4296 Initio
517 4252 557 4314 tu,
570 4244 692 4313 Domine,
719 4257 819 4306 terrent
832 4250 965 4323 lunensii,
979 4259 1005 4307 et
1056 4251 1091 4308 Et
1100 4266 1186 4307 semen
1200 4265 1290 4314 eorum
1305 4247 1445 4307 inseruire
1460 4247 1599 4319 dirigetur,
1617 4247 1643 4302 id
1656 4255 1699 4303 εει
1710 4246 1754 4302 alii
1767 4244 1842 4301 Chri·

208 4344 288 4399 opero
302 4346 428 4386 manuum
445 4342 552 4391 tuorum
561 4350 622 4395 sunt
636 4340 705 4396 coli.
720 4339 777 4398 lloo
789 4351 905 4399 tractum
919 4352 962 4401 εει
970 4344 1005 4401 de
1056 4343 1138 4404 stiaui
1148 4358 1182 4398 ex
1193 4342 1234 4397 eis
1246 4340 1330 4412 geniti
1340 4340 1369 4394 io
1387 4339 1565 4394 aeternitatem
1580 4338 1741 4410 dirigentur.

209 4433 279 4482 nora
292 4430 418 4479 ereatura
441 4426 547 4494 mundi,
564 4428 610 4483 ubi
627 4430 759 4501 seriptum
771 4441 835 4502 εεις
862 4451 871 4484 r
893 4431 921 4487 ln
932 4434 1010 4506 prin·
1024 4438 1047 4494 b
1095 4433 1200 4504 hiller:
1215 4433 1286 4488 dreni
1298 4431 1443 4488 tuiaeterni
1465 4440 1540 4495 surrt,
1556 4439 1584 4486 et
1605 4428 1632 4484 in
1657 4429 1713 4484 illis
1726 4425 1841 4497 annisi·

209 4510 281 4579 cipio
300 4513 403 4585 creavit
429 4512 502 4570 [leus
532 4518 631 4572 eoelum
646 4526 673 4573 ει
686 4519 866 4591 ιειιειιιιὈεε.
893 4537 913 4589 r,
928 4523 965 4593 l).
990 4544 1001 4580 r
1056 4525 1230 4581 iiiserooruru
1245 4532 1352 4578 tuorum
1367 4521 1537 4589 habitabunt,
1560 4521 1587 4576 id
1612 4532 1654 4576 εει
1667 4520 1737 4576 servi
1752 4519 1786 4573 tui
1797 4533 1841 4588 per

209 4599 376 4681 Principium
391 4614 434 4661 est
445 4603 583 4673 Christus,
604 4606 631 4663 in
651 4624 706 4680 quo
724 4610 835 4678 eoelum,
847 4619 874 4668 et
888 4622 1003 4686 terram,
1056 4618 1139 4684 illios,
1159 4617 1186 4673 id
1196 4626 1239 4673 est
1248 4631 1296 4688 per
1306 4616 1380 4672 hona
1393 4629 1476 4685 opera
1487 4613 1549 4669 illos
1560 4627 1648 4668 annos
1661 4610 1803 4675 habebunt,
1814 4617 1839 4664 et

209 4701 238 4750 et
263 4696 354 4749 omnia
383 4695 447 4752 ieoit
469 4698 551 4768 urus,
573 4707 604 4754 ut
633 4700 785 4758 scribitur:
808 4702 933 4760 «Omnia
957 4723 1006 4779 per
1063 4728 1150 4780 remen
1171 4726 1262 4779 eorum
1282 4707 1452 4770 insecutum
1470 4707 1610 4777 dirigetur,
1631 4704 1658 4763 id
1682 4713 1724 4759 est
1746 4703 1840 4760 iruotus

187 4792 301 4855 ¹ipsum
313 4785 466 4855 lactarunt,
478 4789 575 4845 etsine
584 4790 644 4861 ipso
659 4791 760 4849 iactum
775 4796 899 4852 estnihil
915 4783 1009 4869 (loon.
1063 4818 1133 4875 quos
1156 4800 1329 4872 praemittent,
1364 4798 1474 4854 eosdem
1499 4796 1527 4852 in
1554 4796 1654 4867 gaudio
1678 4802 1783 4850 metent.
1802 4790 1838 4847 llo

209 4892 231 4940 p,
243 4873 283 4943 5).
298 4893 309 4927 s
322 4874 355 4931 Et
367 4878 439 4933 sieut
450 4878 487 4952 ibi
499 4877 550 4934 luit
559 4881 724 4954 principium
734 4887 841 4956 muudi,
854 4900 890 4944 rta
902 4889 1009 4947 bromt-
1062 4894 1128 4965 quid
1151 4891 1236 4948 Filius
1246 4890 1293 4945 bei
1318 4893 1421 4946 orando
1445 4886 1579 4960 polerit:
1594 4887 1744 4944 humanum
1764 4899 1839 4956 genus

211 4959 281 5048 tinem
293 4978 520 5039 noraereuturae,
536 4972 800 5036 idestEeelesiae.1n
811 4981 863 5037 hoo
874 4982 951 5051 initio
967 4995 1008 5051 tu,
1062 4986 1096 5052 ad
1106 4985 1283 5052 aeternitatem
1304 4982 1441 5054 perduxit.

213 5059 327 5118 Drmirre
342 5060 414 5119 Deus
427 5062 519 5129 Pater,
532 5072 629 5130 terrm
641 5066 772 5140 fundati,
791 5076 902 5145 quarrdo
913 5075 1009 5140 Eoele-

830 5272 1098 5365 PSALMUS
1133 5272 1237 5363 Gli.

708 5485 999 5552 bebenedictione
1018 5486 1194 5570 primitive
1204 5481 1366 5547 Eoolesio.

248 5578 554 5653 huntindonensi,
567 5586 690 5650 demirer,
710 5580 735 5641 dt
751 5587 851 5653 oornio,
863 5603 923 5658 pure
935 5588 1007 5645 intro
1064 5587 1218 5661 reparatio:
1234 5586 1261 5639 in
1276 5584 1328 5639 boe
1350 5597 1417 5638 rero
1439 5581 1563 5653 psallitur
1586 5581 1704 5656 reparati
1718 5580 1832 5638 laudatio.

216 5683 267 5756 ιιι,
282 5682 334 5730 ειε.
350 5672 382 5730 ln
398 5677 538 5768 superiori
546 5679 652 5764 psalmo
670 5680 779 5736 canitur
791 5678 860 5764 lapsi
886 5680 1006 5738 hominis
1060 5678 1172 5735 Materia
1189 5675 1271 5746 hujus
1286 5672 1384 5747 psalmi
1408 5683 1449 5729 est
1469 5673 1613 5742 primitive
1628 5672 1755 5728 Ecclesiae
1764 5671 1834 5726 bene
