3892 6067
206 270 278 330 {233
687 270 839 329 ueddottt
858 271 1054 331 PRAEEOSl'l'l
1071 273 1346 334 mcueuseeltc.

205 388 270 456 lem,
286 387 308 446 si
323 388 522 459 stipendiatus
537 385 606 445 lorla
619 388 795 460 accipientes,
808 406 859 448 ncc
874 391 992 447 fratrum
1006 394 1031 452 d
1043 388 1097 448 dlis
1111 391 1163 447 sub
1178 406 1234 447 uno
1255 390 1320 446 datu
1339 389 1473 462 incipiunt
1497 405 1530 449 ac
1552 392 1709 458 terminant,
1721 394 1765 451 ret
1780 397 1844 468 ipss

204 483 390 539 cummuniter
401 480 549 537 virentium
564 482 727 551 perturbant
740 483 870 554 quietem,
884 499 935 541 uec
950 499 996 540 sa·
1047 496 1099 538 suo
1109 489 1230 551 tempore
1242 480 1328 546 rldit,
1339 480 1382 538 rel
1397 478 1528 551 Spiritus,
1541 482 1650 555 quipse
1661 498 1725 540 eum
1741 485 1842 557 loque-

205 575 246 629 crl
260 571 366 627 ordinis
381 579 552 641 praesumunt
565 571 844 629 administrationem.
1047 572 1140 639 hatur,
1153 579 1248 626 nostra
1271 569 1330 627 baec
1344 579 1467 642 tempora
1478 572 1604 643 praeridit
1616 593 1625 631 ι
1636 575 1711 631 dedit
1723 576 1782 632 suis
1795 593 1841 633 re-

240 663 397 718 lnrcnimus
411 678 478 735 ergo
490 662 570 733 iuxta
585 663 732 733 quemdam
746 665 858 720 mudum
879 666 995 724 clericor
1047 663 1141 735 gulare
1152 671 1328 734 praeceptum,
1342 663 1502 732 signidcans
1521 666 1635 722 uerbum
1647 666 1841 722 aedificationis

203 755 346 827 proprium
361 755 494 812 hahentes
514 768 597 827 posse
613 756 648 812 ab
669 755 792 814 Ecclesia
814 759 994 829 stipendiari;
1047 772 1110 813 cum
1130 755 1277 812 relectione
1288 757 1424 826 corporali
1434 758 1669 830 incipiendum,et
1681 762 1777 816 eadem
1790 760 1840 815 br·

203 848 306 905 milites
330 863 396 905 vero
410 849 554 905 ministros
577 864 715 919 nusquam
740 850 894 906 invenimus
908 851 946 906 ita
966 851 995 905 in
1047 847 1142 904 mitate
1158 848 1307 903 finiendum
1331 848 1429 921 (liri').
1451 848 1561 906 Utinam
1576 867 1642 925 ergo
1659 853 1795 909 militibus
1810 861 1839 909 et

203 939 317 996 Parrum
334 941 446 1012 scriptis
464 940 663 1006 commendari,
680 950 711 998 ut
724 940 852 997 derebus
867 941 996 998 Ecclesie
1048 939 1186 995 scutiferis
1203 939 1284 995 lectio
1296 950 1420 1011 saperet,
1442 942 1484 997 vel
1501 945 1637 1014 episcopis
1648 944 1740 1017 aliquo
1753 947 1840 1002 ruodo

205 1031 323 1086 debeant
339 1029 508 1086 henedciari.
525 1027 618 1086 Sancti
639 1030 739 1085 etenim
759 1031 912 1101 pontifices,
929 1047 997 1102 apo-
1048 1031 1206 1102 persuaderi
1218 1041 1319 1101 posset,
1335 1041 1365 1086 ut
1378 1047 1439 1088 cum
1452 1032 1515 1090 lesu
1531 1049 1547 1089 a
1564 1035 1644 1090 turba
1655 1033 1838 1101 declinarent,

205 1125 339 1182 stolorum
351 1137 536 1189 successores,
545 1124 740 1180 modernorum
750 1137 930 1192 praecessores
940 1135 996 1176 non
1047 1128 1073 1174 et
1099 1120 1294 1176 modernorum
1310 1121 1464 1179 detestabili
1488 1125 1593 1195 abjecta
1611 1126 1755 1194 abcisione,
1772 1143 1842 1184 san·

205 1215 362 1272 habuerunt
376 1215 476 1271 milites
494 1215 706 1278 ministratores,
718 1214 766 1269 sed
787 1213 821 1269 de
840 1212 949 1268 clericis
967 1221 996 1267 et
1047 1220 1106 1267 ctas
1120 1210 1232 1268 Petrum
1247 1212 1321 1285 leges
1331 1222 1359 1271 et
1371 1217 1583 1272 consuetudines
1595 1217 1784 1276 observarent.

205 1308 350 1364 monachis
371 1308 500 1378 probatus
515 1306 701 1362 cubicularius
723 1323 731 1362 s
754 1321 843 1378 neque
857 1320 940 1377 super
954 1304 998 1359 la·
1083 1300 1161 1358 Tune
1176 1311 1250 1362 certe
1269 1319 1320 1361 nec
1334 1305 1436 1362 milites
1449 1306 1592 1363 ministros
1603 1324 1666 1364 cum
1681 1310 1842 1368 animarum

205 1398 324 1456 cultates
348 1396 477 1454 Ecclesia
498 1397 584 1452 laicos
602 1394 792 1467 prefecerunt,
815 1397 863 1453 ssd
884 1409 998 1452 cecono-
1048 1408 1162 1449 suarum
1180 1394 1320 1465 stipendio
1343 1395 1396 1451 sibi
1411 1396 1604 1462 conciliarent;
1619 1398 1667 1454 scd
1686 1400 1841 1457 siccorum

205 1505 267 1547 mos
282 1489 340 1545 sire
354 1487 544 1545 vicedominos
554 1486 588 1543 de
598 1486 707 1543 clericis
718 1487 868 1560 elegerunt.
882 1486 998 1542 clericis
1048 1483 1254 1541 ministerialem
1279 1485 1433 1542 libertatem
1461 1487 1649 1544 ecclesiastico
1665 1489 1758 1561 rigore
1781 1491 1842 1548 dis-

205 1597 271 1653 ergo
289 1579 462 1636 solummodo
476 1594 519 1635 res
531 1594 683 1653 pauperum
699 1578 858 1636 tractandas
878 1577 996 1635 cummi·
1048 1585 1205 1646 pensarent,
1221 1584 1251 1633 ut
1267 1586 1361 1634 maren
1386 1591 1432 1634 res
1445 1592 1595 1648 pauperum
1610 1594 1784 1651 nequaquam
1796 1582 1841 1636 iu-

206 1679 311 1738 uerunt,
327 1672 392 1742 quia
404 1668 653 1726 terminosPatrum
666 1669 819 1741 transgredi
836 1669 996 1735 noluerunt,
1049 1674 1091 1722 ter
1111 1667 1174 1724 ilios
1189 1668 1352 1724 dividerent.
1376 1665 1455 1725 Nunc
1477 1678 1569 1725 autem
1591 1685 1647 1726 non
1671 1672 1760 1728 solium
1778 1674 1842 1744 agri

204 1762 253 1833 qui
268 1760 347 1818 laicis
361 1768 607 1831 quantumcunque
627 1758 763 1829 religiosis
779 1757 847 1812 nihil
860 1758 888 1813 in
903 1755 998 1814 Eccle-
1012 1727 1035 1782 Β
1050 1757 1183 1815 militibus
1197 1758 1365 1826 traductum
1380 1759 1440 1826 sed,
1456 1762 1530 1830 quod
1545 1763 1632 1834 magis
1646 1763 1841 1821 detestandum

205 1853 255 1910 sie
267 1848 867 1920 oblationibusadministrandispermittunt.
879 1850 999 1905 dtnunc
1048 1858 1100 1914 est,
1117 1851 1169 1921 ipsi
1187 1850 1316 1908 Ecclesiae
1329 1850 1420 1908 coloni
1438 1852 1537 1923 majori
1554 1855 1684 1912 servitute
1699 1855 1750 1911 sub
1764 1855 1841 1911 mili-

205 1941 293 1998 luicos
306 1941 506 2008 vicedominos,
525 1952 553 1998 et
571 1940 738 2012 superbona
759 1954 909 2011 pauperum
925 1955 998 2011 prar-
1049 1938 1123 1996 tibus
1144 1940 1312 2012 affliguntur,
1326 1958 1409 2013 quarn
1425 1943 1450 1999 si
1467 1952 1561 2001 essent
1584 1945 1686 2015 proprii
1700 1946 1772 2002 serui
1789 1961 1841 2001 co·

205 2033 323 2105 positos,
334 2048 388 2089 uec
398 2048 454 2088 non
468 2032 661 2103 episcoporum
678 2032 821 2088 ministros
835 2040 930 2087 contra
943 2030 999 2088 Pa·
1048 2049 1121 2091 rum.
1140 2032 1259 2091 afflictio
1270 2036 1363 2107 itaque
1375 2038 1485 2094 illorum
1504 2042 1561 2092 tota
1571 2037 1737 2092 redundabit
1752 2038 1779 2091 irr
1792 2053 1843 2092 ca·

205 2132 279 2181 trum
294 2123 524 2180 consuetudinem
537 2125 664 2181 uidemus
687 2143 694 2179 ε
710 2133 738 2180 οι
751 2124 779 2178 in
793 2124 928 2181 conuiuiis
951 2138 1001 2180 eo·
1048 2129 1098 2193 put
1112 2136 1220 2178 corum.
1233 2122 1305 2191 Quid
1319 2127 1395 2182 enim
1412 2126 1446 2181 ad
1462 2140 1511 2182 eos
1523 2126 1642 2197 pertinet
1656 2124 1776 2183 lamulus
1792 2128 1845 2185 Ec·

205 2231 269 2271 rum
283 2215 373 2287 magis
386 2214 532 2285 strepitum
545 2215 671 2272 exturba
684 2215 801 2270 militum
813 2229 846 2271 ac
860 2216 999 2272 scutario·
1048 2212 1138 2269 etesia
1149 2213 1283 2272 militibus
1299 2224 1464 2286 prestares
1477 2214 1578 2287 quibus
1591 2225 1639 2272 aut
1648 2216 1767 2272 debitam
1781 2234 1842 2274 ser·

204 2322 280 2375 rum,
296 2321 379 2378 quam
390 2306 494 2379 aliquid
507 2305 542 2363 de
556 2306 666 2378 scriptis
688 2306 812 2375 Petrum,
832 2322 933 2364 sonare
949 2307 999 2362 do·
1049 2305 1174 2374 vitutem,
1186 2316 1233 2362 aut
1247 2322 1298 2378 pro
1311 2308 1442 2364 servitute
1455 2323 1569 2364 censum
1585 2323 1640 2363 non
1659 2309 1775 2364 nimium
1791 2325 1842 2365 eos

205 2398 307 2458 emur.
320 2396 415 2468 Neque
429 2398 502 2455 euim
519 2399 603 2456 simul
617 2414 648 2456 se
660 2400 772 2470 capiunt
791 2398 904 2455 Petrum
917 2400 998 2457 colla·
1050 2407 1209 2470 gravantem
1233 2397 1335 2456 debent
1357 2397 1544 2455 Eccleslarum
1559 2382 1678 2455 ministri
1694 2401 1842 2470 accipere?

206 2492 307 2559 dones,
320 2500 348 2547 et
359 2490 478 2547 militum
489 2490 747 2548 confabulationes:
767 2499 796 2547 et
808 2490 926 2548 luctasse
945 2491 999 2547 mi·
1049 2488 1090 2543 hd
1104 2488 1158 2544 hoc
1179 2488 1253 2545 enim
1270 2489 1444 2546 solummodo
1456 2499 1564 2546 constat
1584 2505 1632 2546 eos
1645 2489 1776 2547 Ecclesiis
1790 2491 1843 2547 ob·

206 2583 270 2640 lites
284 2582 427 2638 ministros
440 2580 619 2652 offenderent,
633 2582 657 2640 si
669 2596 720 2638 tex
733 2581 845 2640 lectoris
861 2582 998 2640 inmensa
1048 2580 1128 2646 latus,
1137 2589 1168 2635 ut
1177 2580 1268 2636 minus
1281 2581 1333 2636 suh
1344 2579 1381 2636 Ee
1390 2579 1578 2652 clesiae,quam
1587 2578 1640 2636 sub
1652 2570 1774 2637 hominis
1789 2580 1842 2635 do-

206 2676 290 2748 pauio
306 2673 387 2731 altius
403 2683 554 2733 resonaret.
1049 2672 1135 2728 minio
1153 2672 1343 2744 angarientur,
1355 2688 1410 2729 non
1424 2682 1454 2729 ut
1475 2688 1510 2729 ex
1526 2671 1566 2729 eis
1581 2671 1682 2728 milites
1704 2670 1834 2729 inbeued·

243 2766 322 2834 Qtrod
348 2764 451 2821 malum
478 2766 576 2823 beatus
596 2764 768 2837 Augustinus
794 2765 995 2822 discretissime
1049 2764 1166 2821 cientur.

208 2873 319 2922 carens,
331 2859 401 2915 tales
415 2858 546 2915 convivas
561 2872 663 2912 mense.
678 2872 737 2913 sure
747 2855 847 2929 lrugali
867 2856 999 2920 adhihere
1085 2857 1205 2915 Possunt
1219 2857 1329 2929 quidem
1341 2856 1446 2928 praelati
1455 2854 1640 2912 Ecclesiamm
1652 2852 1841 2924 suffraganeas

208 2951 434 3022 curarit,quihus
448 2960 575 3021 superest
586 2949 668 3005 lectio
680 2959 707 3005 et
721 2958 816 3005 sancta
826 2949 976 3020 disputatio
990 2967 997 3005 ε
1051 2946 1184 3018 quasdam
1199 2945 1290 3003 lacere
1303 2946 1338 3002 de
1353 2944 1465 3002 lanitiis
1478 2960 1574 3001 earum
1587 2963 1595 3012 ;
1610 2954 1640 2999 ut
1653 2943 1775 2998 videlicet
1794 2944 1841 2997 in·

209 3043 307 3099 nolens
317 3042 345 3098 in
361 3057 454 3098 mensa
466 3056 516 3096 sua
533 3040 650 3097 otiosam
662 3039 933 3108 contabulationem
953 3054 1036 3124 reg
1052 3047 1093 3093 ter
1117 3037 1192 3106 ipsos
1216 3036 1335 3094 famulos
1351 3036 1492 3103 Ecclesiae,
1512 3036 1616 3093 iaciant
1630 3035 1744 3091 alterum
1758 3035 1839 3100 alteri

209 3136 419 3193 hemcntissime
433 3148 499 3189 uero
516 3134 669 3189 exhorrens
683 3133 836 3188 absentium
850 3132 998 3188 detractio·
1051 3128 1205 3199 suflragari,
1222 3129 1334 3200 quando
1356 3129 1510 3198 lrrjurrctum
1530 3127 1648 3184 odicium
1671 3142 1725 3181 raon
1749 3134 1841 3197 potest

208 3240 282 3282 uem.
299 3225 389 3292 Quod,
402 3233 433 3280 ut
446 3222 575 3279 omnihus
585 3223 619 3277 ad
633 3237 756 3279 mensam
773 3237 851 3278 suam
865 3222 999 3279 acceden-
1054 3221 1089 3278 ah
1104 3236 1160 3275 uno
1174 3222 1234 3276 sine
1244 3221 1381 3291 adiutorio
1390 3229 1576 3290 competenter
1589 3218 1784 3275 administrari.
1791 3218 1841 3275 Sic

209 3318 288 3375 tibus'
307 3317 503 3378 innotesceret,
528 3331 563 3371 ne
585 3316 649 3385 quis
675 3313 797 3385 linguam
822 3328 901 3370 suam
925 3312 999 3382 apud
1051 3311 1146 3366 rustici
1164 3311 1255 3366 villico
1270 3311 1436 3374 subduntur,
1458 3327 1512 3364 non
1526 3310 1554 3365 in
1567 3309 1841 3376 hcneticium,sedin

209 3409 300 3481 ipsum
317 3409 345 3464 in
362 3407 560 3464 detractionem
575 3404 730 3460 absentium
746 3385 862 3470 taiarer,
877 3403 929 3459 hos
942 3417 1000 3459 rer·
1050 3417 1108 3458 sure
1136 3401 1339 3471 procurationis
1364 3400 1551 3457 necessarium
1577 3400 1716 3472 quoddam
1741 3398 1842 3456 subra-

209 3515 368 3560 susmeusae
377 3516 435 3556 sue
446 3500 559 3556 inscribi
571 3499 653 3555 lecit:
1050 3494 1137 3565 gium.
1154 3490 1200 3547 Sic
1213 3490 1404 3547 vicedominus
1419 3490 1528 3547 villicos
1541 3490 1623 3546 habet
1636 3490 1841 3559 subjectosut·

264 3589 318 3656 Qui
329 3591 401 3659 cupit
415 3592 553 3645 absentum
563 3587 713 3644 maledictis
730 3586 822 3643 rodere
834 3589 927 3654 uitem,
1050 3592 1113 3654 pote
1126 3583 1160 3638 ad
1172 3571 1381 3653 suffragandum
1399 3582 1473 3638 illius
1486 3583 1640 3638 ministerio
1651 3583 1730 3637 valde
1744 3597 1842 3637 neces·

300 3683 361 3738 llas
372 3700 462 3738 merrae
476 3682 612 3754 indiqnunr
626 3682 725 3736 ereverit
737 3696 793 3736 esse
804 3696 890 3734 suam.
1051 3677 1150 3734 sarios.
1165 3675 1211 3730 Sic
1225 3684 1253 3731 et
1266 3675 1372 3732 ceteris
1386 3690 1434 3745 per
1451 3674 1636 3730 ecclesiastica
1651 3675 1744 3728 munia
1755 3689 1841 3728 occu·

1765 249 1941 337 lass*

210 3777 243 3833 Et
256 3776 343 3850 (quia)
354 3776 449 3832 breves
459 3775 649 3851 lectiunculas,
663 3788 732 3844 quas
747 3773 858 3844 quidem
869 3772 896 3827 in
917 3785 1001 3841 pran-

210 3912 401 3976 saecularihus,
422 3910 540 3966 clericos
555 3910 608 3965 sibi
620 3907 851 3980 prudentissimos
866 3906 999 3961 consilia-

210 3984 267 4039 rios
282 3983 486 4051 lumiliaresque
501 3981 610 4048 delegit.
641 3978 713 4032 luter
725 3993 798 4047 quos
814 3974 924 4030 Petrum
940 3976 1000 4029 dia-

1051 3769 1122 3841 patis
1137 3775 1254 3840 possunt
1267 3766 1362 3823 lamuli
1371 3765 1554 3822 Ecclesiarum
1567 3766 1594 3819 in
1606 3766 1659 3820 boc
1668 3765 1756 3836 ipsum
1770 3780 1842 3835 prae·

1088 3902 1176 3973 (ΒΥ)
1186 3901 1355 3970 Augustinus
1366 3901 1393 3955 in
1401 3897 1504 3971 Regula
1510 3899 1672 3952 clericorum
1682 3916 1708 3952 :c
1722 3893 1841 3954 Carnem

1051 3982 1169 4028 vestram
1184 3972 1294 4027 desmate
1313 3970 1427 4039 jejuniis
1452 3977 1479 4024 ct
1501 3968 1677 4030 abstinentia,
1705 3975 1840 4036 quantum

210 4069 323 4120 currum,
338 4052 496 4107 l’atherium
513 4066 590 4117 aspare
602 4048 751 4113 notarium,
765 4044 898 4100 ioannem
910 4046 1001 4100 deien-
1051 4041 1179 4098 valetudo
1193 4041 1352 4111 perminis.»
1371 4039 1404 4095 Et
1417 4048 1477 4110 post
1495 4054 1581 4107 pauca
1594 4055 1601 4093 ι
1620 4057 1629 4088 r
1644 4035 1713 4090 Cum
1730 4035 1841 4089 aceedi-

210 4139 313 4190 surem,
330 4122 527 4178 monachorum
539 4135 603 4174 uero
617 4118 806 4175 sanctissimos
816 4115 868 4171 sibi
884 4116 1001 4171 iarnilia-
1053 4114 1088 4169 tis
1102 4113 1135 4168 ad
1150 4126 1285 4178 mensam,
1300 4112 1388 4165 donec
1403 4110 1466 4164 inde
1479 4107 1598 4178 surgatis
1611 4108 1684 4177 quod
1698 4106 1774 4158 vntris
1793 4121 1841 4158 sc·

211 4195 359 4264 reselegit.
372 4191 508 4262 cirroque
521 4206 553 4245 us
569 4189 718 4258 Gregorius
741 4188 812 4257 (cap.
829 4185 873 4250 lb)
889 4186 933 4240 die
950 4200 1001 4240 uu·
1051 4182 1171 4239 erundum
1194 4179 1421 4236 consuetudinem
1452 4179 1477 4232 le
1496 4179 1560 4240 itur,
1582 4178 1642 4232 sine
1666 4175 1783 4231 tumultu
1812 4182 1841 4228 ct

210 4275 312 4335 ctuquo
326 4271 460 4327 versatus,
473 4260 540 4315 nihil
555 4257 712 4314 mortasticas
720 4256 894 4327 perfectionis
909 4255 936 4310 iu
951 4271 1001 4325 pa·
1051 4251 1225 4309 contentione
1239 4250 1351 4304 audite:
1373 4263 1425 4303 nec
1447 4194 1512 4303 soie
1528 4248 1618 4301 lauces
1635 4246 1713 4300 robis
1728 4251 1840 4299 snruaut

211 4334 287 4402 latio,
305 4333 373 4387 nibil
392 4330 553 4399 porrtiticalis
576 4327 756 4384 institutionis
773 4327 800 4381 in
815 4325 937 4380 Ecclesia
954 4326 998 4380 de·
1053 4323 1157 4387 eibum,
1169 4320 1218 4377 sed
1229 4328 1256 4375 et
1271 4334 1353 4373 aures
1367 4317 1491 4372 esuriant
1505 4317 1616 4372 uerbum
1633 4314 1690 4370 liei.
1710 4336 1721 4367 r

212 4404 332 4475 reliquit.
348 4401 516 4456 Videbantur
530 4401 632 4470 passim
652 4413 715 4453 curn
730 4395 926 4452 eruditissimis
946 4388 1040 4450 cle-D
1088 4390 1236 4461 Gregorius
1250 4386 1339 4443 Natali
1357 4387 1517 4441 Salonitann
1537 4386 1665 4456 episcopo
1688 4385 1784 4439 scribit
1796 4384 1841 4439 di·

212 4475 278 4532 ricis
291 4473 432 4529 adherere
443 4472 564 4539 pontidii
581 4467 779 4540 religiosissimi
800 4465 926 4520 monachi
948 4482 954 4518 ε
978 4473 1005 4519 et
1055 4478 1120 4518 cens
1137 4480 1144 4515 ε
1167 4458 1283 4514 «bottis
1296 4458 1331 4513 ab
1345 4459 1412 4512 urhe
1428 4468 1472 4511 tna
1485 4455 1666 4520 uenientibus,
1680 4453 1763 4510 irater
1773 4455 1840 4511 cha·

212 4544 240 4600 in
251 4542 368 4600 diversis
380 4541 598 4612 protessionibus
610 4539 760 4594 habebatur
772 4537 825 4590 rita
835 4535 1002 4601 communis,
1055 4532 1173 4596 rissiure,
1187 4528 1267 4582 didici
1282 4528 1410 4597 pastorali
1423 4542 1489 4583 cura
1502 4526 1640 4592 derelicta,
1655 4523 1722 4580 solis
1734 4535 1759 4578 te
1773 4539 1840 4581 con·

213 4615 251 4670 ita
267 4626 297 4670 ut
312 4614 374 4668 talis
387 4622 459 4667 esset
474 4611 526 4667 snh
539 4609 671 4680 Gregorio
708 4621 774 4661 cnes
788 4606 882 4659 urbem
903 4604 1005 4660 Rorna-
1054 4601 1136 4656 viriis
1148 4609 1323 4667 occrrpatum.
1344 4597 1411 4663 erae
1427 4597 1519 4651 audita
1537 4610 1592 4649 non
1612 4594 1763 4658 crederem,
1785 4594 1838 4647 nisi

213 4701 276 4740 nam
301 4682 434 4748 Ecclesia,
455 4681 563 4751 qualem
588 4680 660 4735 hanc
687 4623 773 4731 fuisse
796 4677 848 4730 sub
872 4675 1004 4744 apostolis
1054 4674 1114 4728 hacc
1149 4669 1288 4724 actionum
1326 4677 1435 4722 tuarum
1475 4664 1670 4736 experimentis
1705 4662 1841 4733 approba·

214 4754 316 4822 lucas,
328 4762 356 4809 et
369 4754 421 4808 suh
433 4751 524 4806 llarco
534 4749 701 4821 euangelista
715 4760 799 4816 penes
811 4744 1003 4801 Alexandriam
1053 4757 1123 4808 rem,
1138 4747 1190 4794 etc.
1211 4758 1219 4790 r
1237 4737 1302 4793 ltem
1314 4738 1348 4791 ad
1362 4737 1488 4791 eumdem
1507 4737 1565 4791 suis
1585 4749 1616 4790 se
1634 4733 1741 4801 scriptis
1754 4748 1839 4787 ercu-

212 4823 292 4879 l‘hilo
306 4832 503 4878 consummarat
522 4826 593 4890 tcap.
613 4821 669 4888 ld).
691 4815 920 4872 Accersieliantur
933 4830 1004 4896 pou·
1055 4822 1159 4868 sautem
1174 4829 1180 4864 :
1196 4828 1205 4860 r
1221 4806 1363 4870 Convivia,
1376 4823 1436 4877 qnae
1448 4821 1480 4859 es
1494 4804 1642 4860 intentione
1652 4802 1839 4873 impendendae

214 4894 361 4949 sitientibus
379 4892 576 4963 profundisque
589 4890 711 4948 consiliis
726 4886 873 4956 prudentes
890 4886 942 4940 virr
956 4900 1004 4954 pu·
1054 4880 1195 4938 charitatis
1208 4880 1286 4938 dunt.
1303 4887 1374 4933 recte
1388 4886 1477 4932 restra
1497 4875 1629 4931 sauctitas
1652 4872 1679 4926 iu
1700 4872 1760 4927 suis
1781 4873 1839 4940 epi·

215 4965 271 5020 tius
284 4979 367 5034 quarn
383 4973 523 5034 potentem
538 4977 657 5032 paupere
678 4956 850 5030 philosophia
871 4955 1003 5010 intrinse-
1054 4954 1132 5008 stolis
1147 4950 1249 5006 laudat.
1278 4946 1330 5002 Sed
1354 4957 1447 5001 tarnen
1468 4945 1609 5000 sciendum
1625 4951 1667 4999 cst
1688 4943 1752 5012 quia
1772 4949 1839 4995 tuuc

214 5053 275 5100 cus,
291 5035 355 5105 quid
372 5035 463 5105 potius
476 5041 524 5087 aut
539 5030 713 5102 potissimum
729 5029 756 5083 iu
773 5041 940 5097 unoquoque
958 5041 1004 5079 ue
1053 5022 1188 5078 ueraciter
1207 5036 1240 5075 ex
1259 5018 1392 5075 charitate
1415 5015 1565 5086 prodeunt,
1582 5029 1644 5069 cum
1661 5013 1687 5066 iu
1709 5014 1749 5067 eis
1763 5010 1839 5066 nulla

214 5109 291 5176 gotio
303 5104 472 5177 sequendum
488 5110 640 5172 putaretur,
656 5097 813 5155 artillciosis
826 5105 1003 5168 argumenta·
1054 5093 1208 5150 absentium
1230 5090 1285 5145 vita
1311 5088 1465 5149 nrnrdetur;
1481 5083 1572 5139 nullus
1593 5099 1626 5139 ex
1647 5082 1775 5161 irrisione
1796 5095 1839 5135 re·

216 5178 337 5233 tionibus
350 5236 356 5246 ,
367 5172 567 5231 rationabiliter
594 5170 749 5241 inquirente
768 5187 776 5222 ε
801 5168 876 5223 dives
894 5167 1002 5232 inertia,
1054 5162 1254 5233 prehenditur:
1272 5167 1300 5214 οι
1314 5174 1367 5212 uon
1382 5158 1409 5212 in
1425 5154 1465 5210 cis
1480 5155 1575 5209 inanes
1591 5152 1762 5208 secularium
1788 5166 1839 5203 rre-

215 5264 278 5319 quas
290 5247 386 5304 odiosa
399 5252 441 5300 est
454 5240 641 5312 sapientibus,
656 5238 830 5307 despicabilis
844 5237 1004 5293 remanebat
1055 5235 1191 5305 gotiorurn
1209 5229 1317 5295 labala,
1335 5228 1382 5283 sed
1396 5224 1477 5281 rerba
1489 5239 1574 5282 sacrae
1585 5221 1710 5279 lectionis
1721 5220 1840 5275 audiun·

216 5319 289 5388 (cap.
306 5318 362 5388 ld).
376 5312 461 5370 Nemo
475 5313 608 5368 laicorum
623 5309 762 5381 quodlibet
774 5308 866 5378 palatii
878 5307 1003 5362 ministe-
1055 5310 1115 5369 tur;
1142 5317 1204 5358 cum
1227 5313 1281 5355 nun
1305 5298 1376 5367 pius,
1403 5310 1485 5367 quam
1508 5308 1620 5348 necesse
1645 5300 1697 5357 est,
1722 5289 1840 5343 servitur

216 5390 302 5453 rinrrr,
318 5387 360 5441 uei
374 5384 591 5442 ecclesiasticum
607 5380 803 5453 patrimonium
818 5376 1002 5448 procurabat;
1054 5371 1153 5437 uentri,
1168 5372 1215 5428 sed
1226 5370 1284 5426 sola
1301 5367 1362 5436 ejus
1376 5364 1521 5421 intirruitas
1534 5363 1666 5426 relicitur,
1681 5369 1712 5414 ut
1726 5361 1761 5413 ad
1772 5372 1840 5439 usus

217 5460 264 5515 sed
284 5458 376 5513 omnia
398 5453 576 5512 ecclesiastici
600 5452 671 5523 juris
695 5450 800 5514 munia,
826 5445 1003 5502 ecclesiastici
1053 5440 1213 5497 exercendae
1226 5439 1336 5494 uirtutis
1353 5436 1496 5491 habeatur.
1514 5433 1576 5489 llaec
1588 5434 1679 5503 itaque
1695 5445 1745 5485 sos
1762 5444 1785 5483 sr
1811 5441 1839 5508 in

217 5528 397 5584 nihilominus
409 5526 460 5580 riri
475 5524 614 5590 subibant,
630 5521 761 5577 nimirum
773 5518 850 5573 laicis
865 5518 897 5571 ad
911 5529 1003 5569 armu-
1053 5511 1152 5567 uestris
1172 5508 1308 5566 conuiuiis
1321 5506 1412 5579 agitis,
1431 5504 1626 5561 abstinentium
1646 5501 1733 5555 latcur
1753 5510 1840 5568 magr·

217 5613 279 5652 rum
296 5598 383 5654 solam
400 5596 523 5650 militiam
548 5595 589 5650 rel
609 5594 642 5648 ad
658 5605 785 5662 agrorum
806 5602 899 5643 carram
916 5584 1003 5641 conti·
1054 5581 1102 5638 stri
1114 5581 1190 5636 estis.
1214 5601 1223 5633 ι

219 5683 300 5720 traam
319 5665 464 5735 deputatis.
485 5685 493 5716 r
971 5678 974 5683 ·
