3892 6067
215 248 268 300 list,
697 233 852 293 cunflotlt
871 235 1065 295 raAEPoSltl
1086 238 1359 301 ustchmsrsltc.
1789 244 1844 303 ost

214 357 299 415 lissid
312 355 461 419 maledixit,
469 358 497 406 et
507 352 606 422 laqueo
616 365 645 405 se
655 349 810 421 suspendit.
822 350 857 406 Et
868 350 1006 423 signifieat
1018 355 1043 412 Α
1055 352 1128 419 dem,
1144 369 1227 424 quam
1246 355 1274 409 in
1294 354 1378 410 eorde
1391 353 1512 424 gerebat,
1530 352 1631 411 trrdaets
1647 355 1759 412 detexit.
1778 357 1847 414 Pee-

213 451 287 523 quod
300 448 386 503 iudas
397 443 542 501 Dominum
558 441 690 514 prodidit,
704 441 816 511 quando
834 442 960 499 diabolus
976 453 1004 498 et
1055 455 1133 500 sator
1161 455 1254 502 autern
1281 453 1392 517 propter
1415 444 1603 502 excellentiam
1629 447 1731 503 dieitur
1743 464 1751 501 τ
1765 450 1846 519 quia,

212 541 299 598 ludaei
313 547 409 594 centra
423 551 487 593 eum
499 534 736 607 conspiraverant,
748 532 793 588 cui
806 531 933 590 Christus
945 550 1004 589 ma·
1055 549 1119 592 eum
1144 545 1217 593 essct
1245 537 1405 609 apostolus,
1433 544 1461 591 et
1490 535 1621 592 doctrinae
1646 547 1674 593 ct
1704 539 1847 611 mysteriis

204 632 317 697 ledisit,
334 629 448 684 diceus:
463 645 473 679 r
491 626 539 683 Vae
558 625 664 682 homini
678 624 716 680 illi
727 666 735 692 ,
748 640 798 696 per
811 640 891 695 quem
910 626 1004 680 trador
1053 627 1157 683 Christi
1170 628 1323 692 interesset,
1340 637 1367 683 et
1380 643 1435 682 non
1448 629 1536 685 solum
1551 630 1629 700 signa
1646 630 1707 701 ejus
1729 630 1848 701 rideret,

212 737 262 794 ego
273 721 372 794 (llere
387 735 443 789 nrt,
453 718 519 792 illa
533 736 544 773 s
557 725 586 775 st
595 717 694 788 laqueo
705 732 735 774 se
745 715 897 786 suspendit,
909 727 937 771 et
946 732 1003 772 me·
1054 718 1102 774 sed
1115 718 1198 773 etiam
1210 719 1269 788 ipse
1279 716 1391 782 iaceret,
1406 726 1445 773 tot
1458 717 1589 774 benedeia
1601 718 1766 790 dignitatum
1776 735 1849 778 cou-

211 815 275 871 dius
286 815 403 885 crepuit.
1053 809 1175 880 tempsit,
1190 817 1219 864 et
1233 807 1381 865 Dominum
1396 825 1430 865 ae
1442 810 1604 881 magistrum
1619 826 1700 866 suum
1721 828 1772 882 pro
1796 814 1847 870 rili

227 905 437 978 ‘iim-psalmus
451 907 480 962 in
494 906 591 962 urdine
612 905 782 962 centesimus
797 913 911 960 octavus
925 918 1003 959 eom·
1050 901 1141 972 pretio
1152 900 1283 958 vendidit.
1303 900 1356 956 Per
1367 900 1419 955 boc
1444 910 1555 957 notatur
1567 902 1641 972 quod
1663 902 1751 975 magis
1762 904 1846 960 dam·

211 1008 335 1070 putatur,
351 999 451 1071 inquo
462 1014 578 1055 numero
591 997 749 1069 quindecies
761 1006 864 1067 septem
877 994 1003 1051 conside·
1054 993 1138 1048 nandi
1155 1001 1239 1059 sunt,
1258 991 1306 1063 qui
1332 990 1488 1061 Scripturas
1501 992 1678 1063 intelligunt,
1691 1009 1774 1063 quam
1791 995 1847 1062 illi,

212 1098 319 1145 mutor.
334 1083 483 1157 Quinarius
497 1090 648 1144 humanum
667 1102 753 1158 genus
773 1087 895 1156 quinque
913 1083 1003 1140 sensi
1053 1084 1099 1154 qui
1113 1099 1167 1140 non
1178 1083 1342 1156 intelligunt.
1357 1081 1391 1137 Et
1405 1098 1458 1138 non
1471 1083 1560 1139 solum
1573 1082 1676 1150 iudas,
1693 1086 1843 1143 sedetiam

211 1181 265 1238 ltus
279 1181 418 1249 dotatum;
434 1180 566 1236 denarius
585 1188 704 1235 veterem
719 1179 807 1249 legem
823 1185 934 1247 propter
954 1176 1004 1232 de·
1052 1173 1149 1230 ludaei.

211 1273 338 1345 calogum
351 1291 366 1341 ;·
384 1272 555 1343 septenarius
567 1287 667 1328 noram
681 1270 768 1341 legem
784 1277 895 1340 propter
919 1267 1003 1338 septi·
1092 1262 1172 1321 Vsus.
1185 1265 1212 1320 3.
1227 1263 1324 1321 locuti
1341 1273 1404 1320 sunt
1419 1266 1560 1322 adversum
1579 1285 1620 1324 ste
1633 1270 1723 1340 lineam
1737 1272 1847 1337 dorosa,

211 1351 328 1422 formem
345 1363 479 1436 Spiritum
491 1363 591 1419 innuit.
610 1361 664 1442 Sed
677 1360 844 1419 etdenarins
856 1360 1002 1430 sitaeprae-
1053 1354 1176 1432 dicentes
1194 1373 1201 1411 ε
1225 1373 1235 1409 r
1260 1355 1409 1428 Magister,
1440 1356 1545 1424 scimus
1572 1359 1637 1429 quia
1662 1374 1744 1415 veras
1759 1375 1802 1428 es,
1816 1370 1847 1417 et

210 1456 314 1522 mium;
330 1454 501 1524 septenarius
516 1451 638 1508 suturam
660 1451 782 1522 requiem
797 1450 934 1521 exprimit.
950 1448 1003 1505 lle-
1052 1445 1125 1502 riam
1141 1446 1189 1503 Dei
1201 1447 1228 1503 in
1242 1448 1358 1504 reritate
1372 1448 1464 1504 doces.
1480 1448 1555 1505 Licet
1572 1465 1685 1507 censum
1701 1453 1767 1508 dare
1782 1451 1848 1508 Cae·

210 1544 301 1616 signat
324 1558 391 1614 ergo
413 1543 459 1599 lric
485 1557 619 1599 numerus
641 1541 714 1612 quod
736 1554 853 1606 omnes,
869 1538 916 1609 qui
940 1545 1002 1592 ante
1053 1537 1119 1605 sari,
1132 1553 1166 1592 an
1181 1540 1252 1593 uon'l
1266 1558 1275 1592 r
1290 1539 1399 1611 (tiator.
1414 1541 1483 1609 x'xrr,
1496 1541 1552 1611 ld.)
1565 1540 1599 1597 Et
1610 1551 1701 1598 tannen
1715 1544 1848 1601 volebant

209 1633 312 1690 Christi
327 1633 473 1689 adrentum
485 1634 608 1704 quinque
620 1632 748 1687 sensibus
757 1629 1001 1699 ocum-inpugna·
1053 1643 1097 1683 me
1115 1629 1312 1700 reprehendere
1324 1650 1334 1685 t
1346 1642 1373 1688 et
1391 1643 1489 1688 caetera
1505 1632 1606 1687 similia
1620 1634 1721 1704 quibus
1739 1650 1782 1691 mc
1796 1652 1847 1692 cs·

208 1734 309 1782 rerunt
322 1725 409 1797 legem
427 1724 591 1795 spernendo,
612 1721 654 1776 rel
666 1721 712 1792 qui
738 1735 801 1774 cnm
827 1720 1001 1774 incarnatum
1015 1703 1038 1758 Β
1052 1735 1117 1791 perc
1130 1720 1267 1776 uolebant.
1293 1721 1330 1776 Et
1352 1721 1516 1778 sermonibus
1535 1722 1590 1777 odii
1612 1725 1846 1780 circumdederunt

190 1824 305 1888 ,postea
319 1830 408 1886 usque
429 1814 457 1870 in
481 1815 563 1869 linem
591 1812 687 1868 mundi
702 1811 904 1881 persequuntur
917 1807 1000 1878 quirt·
1053 1827 1103 1876 me,
1116 1810 1142 1866 id
1155 1820 1197 1866 est
1210 1812 1310 1868 talibus
1325 1815 1500 1871 sermonibus
1527 1816 1773 1873 circumvallabant
1787 1834 1845 1886 me,

199 1929 262 1983 ..que
274 1911 414 1977 sensibus,
438 1907 616 1979 Evangelium
632 1903 832 1961 contemnendo
845 1918 908 1958 eum
920 1901 1001 1972 quin·
1053 1900 1100 1969 qui
1116 1909 1209 1970 aperte
1232 1901 1325 1957 odium
1351 1903 1507 1974 signilieant
1532 1905 1676 1961 dieentes:
1695 1925 1706 1958 r
1722 1906 1764 1962 Tu
1778 1924 1845 1964 eum

207 2016 278 2071 qne*
295 1998 476 2069 prudentibus
501 1997 656 2068 virginibus
684 1994 828 2066 praesnium
854 1994 883 2048 in
908 1991 1001 2047 lutura
1053 1992 1197 2060 sichomo,
1210 1991 1280 2048 lacis
1293 1994 1421 2066 teipsum
1437 1994 1522 2051 licum
1546 1995 1636 2068 (iouh.
1656 2014 1686 2064 s,
1702 1998 1787 2068 13).»
1809 2029 1847 2040 -

207 2092 304 2163 requie
317 2105 378 2165 ⁴non
403 2089 568 2156 habebunt,
600 2089 648 2145 sed
674 2102 742 2144 ‘cum
773 2086 894 2159 quinque
917 2083 1001 2140 iatuis
1055 2084 1267 2141 «Samaritanus
1280 2101 1311 2142 es
1325 2095 1401 2154 tn,et
1412 2087 1576 2143 daemonium
1589 2087 1674 2143 habes
1687 2087 1845 2161 (Jounsrrr,

195 2182 360 2256 sirginibus
381 2181 519 2238 maledicti
533 2180 685 2237 discedent.
699 2177 808 2235 Titulus
827 2177 888 2247 eius
901 2184 963 2234 est:
1051 2172 1108 2243 48).
1128 2193 1137 2226 r
1153 2171 1256 2230 Odioso
1271 2190 1399 2231 sermone
1412 2175 1650 2232 circumdederunt
1664 2193 1718 2245 me,
1732 2181 1847 2249 quando

1051 2264 1260 2319 clamaverunt:
1278 2283 1287 2316 r
1307 2263 1344 2319 st
1365 2266 1410 2321 hic
1428 2280 1483 2321 non
1497 2275 1571 2322 essct
1596 2267 1767 2339 malefactor,
1787 2286 1845 2326 non

1051 2355 1099 2410 tibi
1127 2355 1336 2412 tradidissemus
1363 2371 1439 2413 eum.
1458 2356 1607 2431 Crueillge,
1624 2361 1755 2432 crucillge
1778 2377 1845 2418 eum

242 2423 300 2480 iioc
312 2433 365 2492 est,
380 2423 433 2480 iste
444 2424 564 2496 hymnus
579 2423 737 2479 attribuitur
749 2421 1000 2479 Christoveroila·
1050 2444 1142 2516 (poan,
1156 2462 1234 2514 mu,
1251 2446 1308 2518 30)¹
1335 2464 1345 2500 ,
1366 2446 1396 2503 p„
1415 2464 1498 2505 Μ,
1515 2430 1628 2521 qu'oque
1653 2451 1847 2509 cprcumpede,

206 2515 252 2572 sld
261 2515 390 2587 dirigenti
405 2517 496 2571 nosin
508 2515 598 2585 tinen,
611 2515 638 2570 id
650 2522 692 2571 est
704 2515 733 2570 in
744 2514 928 2571 cessationem
936 2529 1000 2585 pcr-
1049 2547 1115 2593 mm
1131 2552 1176 2592 me
1189 2537 1313 2593 dicente,
1328 2553 1337 2592 3
1355 2555 1365 2589 ,
1380 2536 1409 2593 sp
1424 2537 1512 2594 pinus
1534 2538 1583 2595 pei
1595 2555 1636 2608 es,
1650 2542 1787 2598 demde
1809 2544 1846 2600 de

205 2603 369 2662 secationis.
385 2600 435 2659 iel
449 2604 475 2657 in
491 2603 586 2671 firrem,
599 2603 626 2658 id
639 2602 721 2658 estin
734 2602 998 2659 consummationem
1049 2643 1131 2685 ,mee
1152 2627 1263 2698 (Μ),
1290 2645 1379 2697 ψη,
1402 2630 1460 2701 40),
1477 2650 1486 2683 ‚
1506 2629 1542 2685 E,
1563 2645 1778 2704 mmmm
1802 2652 1845 2690 ,Μ

205 2693 411 2786 retributionis,
424 2707 486 2764 ques
497 2692 525 2747 in
538 2691 593 2748 dne
612 2692 722 2748 dabitur
733 2692 883 2763 unicuique
899 2706 999 2748 sccun-
1048 2719 1143 2789 man-3,
1157 2718 1184 2774 id
1196 2729 1240 2775 esp
1253 2718 1460 2791 flagepavemm
1471 2735 1516 2777 me
1528 2721 1588 2777 sim
1603 2737 1664 2777 me,
1674 2724 1768 2794 0„pr
1776 2726 1844 2795 quja

204 2787 368 2859 ’1111101113
385 2801 445 2842 ⁵¹¹⁸·
802 2875 809 2888 .
1048 2811 1229 2880 bonumnon
1243 2813 1345 2867 malum
1356 2811 1509 2882 promerui,
1530 2813 1579 2883 qui
1601 2823 1721 2884 aegrotos
1743 2829 1842 2872 eorum

240 2877 292 2935 ilie
311 2875 539 2957 psalmus-habet
564 2885 619 2933 trea
640 2884 742 2948 parles·
764 2874 857 2931 Prima
874 2875 996 2931 d¹i¹⁵¹⁰²
1049 2901 1156 2970 sanavi,
1171 2909 1296 2958 mortuos
1312 2915 1408 2956 eorum
1427 2900 1569 2957 suscitari.
1581 2900 1631 2959 ilel
1644 2904 1739 2973 protis,
1756 2903 1844 2960 idest

203 2973 286 3041 ⁰²⁸⁸·
311 2970 418 3026 “imm
445 2985 540 3038 mum,
567 2970 596 3024 i¹¹
618 2985 674 3041 ‘1¹¹²
696 2968 784 3026 'fldaei
803 2977 997 3039 9⁰¹⁵²⁰¹¹¹⁰fe⁸
1048 2996 1109 3053 sine
1118 2995 1300 3066 edeetu,quia
1312 2993 1458 3050 uoluerunt
1471 3004 1640 3067 expugnare,
1652 2995 1780 3053 etdelere
1790 3015 1842 3053 no·

322 2307 421 2384 iisse.
444 2310 483 2383 1.)
505 2326 530 2366 rs
549 2325 630 2367 erneis
649 2324 767 2366 missus
784 2325 876 2365 usuro.

194 3062 308 3120 Christi
322 3062 478 3132 culpantur.
496 3059 623 3116 Secunda
646 3080 653 3116 r
675 3059 815 3116 Constitue
832 3076 911 3130 super
924 3076 996 3126 eant,
1011 3037 1031 3092 C
1049 3103 1111 3144 me„
1124 3103 1227 3153 meum,
1238 3096 1266 3142 e,
1278 3101 1333 3142 Μ
1345 3094 1503 3159 pomerum,

204 3151 233 3208 in
251 3167 308 3223 qua
321 3149 409 3206 ludas
423 3151 539 3206 traditor
553 3149 668 3218 Christi,
684 3159 712 3207 et
732 3151 784 3223 ipsi
813 3148 900 3206 iudaei
917 3150 996 3205 dam·
1080 3175 1169 3233 pm·
1184 3176 1212 3231 ι.
1236 3176 1291 3230 p„
1314 3193 1356 3245 ω,
1380 3187 1410 3232 „2
1433 3194 1473 3232 m,
1490 3177 1647 3250 dpfqmnh
1667 3181 1842 3235 mmm,

203 3250 319 3298 ''anu''-
335 3240 428 3296 Tema
442 3250 485 3298 031
508 3260 514 3296 ²
538 3241 589 3309 Ην
614 3240 738 3309 ”milit
765 3242 793 3296 ¹¹¹
813 3256 868 3311 ‘1¹¹³
893 3241 997 3297 obsim
1049 3267 1124 3323 m'ihi.
1144 3266 1203 3323 Non
1227 3267 1316 3323 dixit:
1338 3268 1558 3335 interlicicbant;
1581 3270 1628 3325 sed
1654 3269 1843 3338 detrahebant,
1937 3305 1938 3316 .

204 3331 358 3388 ‘Quidum
396 3339 565 3403 ³⁸⁵¹¹mP¹²¹¹¹
605 3331 726 3387 ¹³⁰¹¹¹i¹¹i⁸
759 3330 877 3387 [ΜΨ
910 3332 998 3387 ΨΜ·
1048 3359 1113 3431 quia
1144 3359 1217 3415 enim
1250 3359 1447 3428 detraxerunt,
1469 3362 1529 3416 idco
1556 3360 1763 3418 irrterlecerunt.
1788 3362 1844 3418 De·

204 3421 297 3489 ΜΟ*
332 3432 360 3478 ⁰²
375 3435 436 3493 ⁴²¹⁰
468 3436 584 3492 ⁰⁰W⁰¹¹⁰
619 3437 670 3478 ⁸¹¹⁰
708 3423 796 3477 &²¹3⁰
830 3424 996 3479 ⁰⁰⁰²i¹¹⁰²¹¹¹·
1050 3451 1190 3506 trahebant
1207 3458 1299 3507 autem
1316 3452 1439 3508 dicentes
1468 3469 1475 3506 :
1501 3451 1643 3510 llalelicus
1671 3464 1734 3519 est,
1766 3472 1776 3506 r
1812 3456 1841 3510 iu

207 3510 264 3568 ilos
292 3510 395 3571 Christi
409 3526 461 3583 pro
487 3527 535 3579 sc,
550 3522 578 3568 et
591 3528 641 3585 pro
658 3513 790 3570 membris
809 3514 868 3571 suis
887 3514 996 3570 Patrem
1048 3540 1199 3598 Beelzebub
1219 3540 1342 3612 princ-me
1370 3542 1569 3600 daemonjomm
1599 3544 1676 3616 ejici,
1703 3545 1842 3603 damonia

204 3606 327 3679 umutisj,
339 3615 367 3662 et
379 3604 491 3673 ludam,
514 3619 547 3661 ae
570 3613 658 3661 totum
672 3621 774 3676 corpus
797 3605 899 3663 diaboli
923 3606 998 3663 abdi·
1049 3627 1126 3698 (pu,
1137 3631 1256 3699 Μ),
1265 3662 1300 3672 ,,
1312 3628 1476 3701 ,pomesp’
1488 3640 1516 3688 ep
1529 3642 1638 3703 pomp„
1650 3634 1718 3702 vini,
1727 3643 1756 3691 θ)
1769 3638 1843 3691 mi,

204 3700 294 3759 cantis
309 3717 317 3756 ²
993 3779 999 3786 ,
1048 3737 1098 3778 eus
1110 3721 1325 3778 Publicanorum
1337 3721 1446 3793 (Metti.
1463 3739 1502 3791 rr,
1515 3724 1570 3797 19).
1582 3744 1592 3778 n
1603 3754 1638 3766 -
1649 3724 1839 3783 sllaemonium

238 3809 324 3868 iens.
345 3811 372 3865 2.
397 3809 478 3878 Desa,
494 3808 602 3864 tradem
618 3826 702 3865 meum
716 3825 748 3865 tte
762 3812 887 3868 torseris.
912 3810 997 3869 ludas
1048 3813 1170 3869 habetet
1185 3813 1297 3870 insanit.
1310 3812 1382 3881 Quid
1396 3814 1497 3870 auditis
1513 3815 1596 3870 euml
1612 3814 1837 3890 (terentesn

200 3917 251 3959 me
262 3901 397 3967 tradidit,
415 3899 503 3957 iudei
518 3901 655 3972 persecuti
675 3909 750 3970 sunt,
764 3901 996 3959 sternuitxerunr
1048 3902 1108 3972 Qua
1129 3903 1298 3964 detractione
1312 3919 1360 3960 cos
1382 3904 1417 3959 ab
1439 3904 1487 3961 illo
1518 3907 1691 3973 avertebant,
1719 3921 1840 3978 quorum

204 4001 335 4065 putarrtes
348 3990 462 4048 omnino
477 4005 522 4046 sue
534 3990 659 4062 perdere,
675 4000 704 4048 et
728 4006 830 4048 uomen
857 4006 950 4049 meum
963 3992 998 4050 de
1048 3996 1257 4054 conversionem
1272 3996 1317 4051 ille
1330 3996 1478 4066 qnaerehat.
1501 3994 1565 4053 ldeo
1584 3999 1676 4067 posuit
1688 3998 1839 4055 detractio-

204 4096 279 4144 terra
290 4085 389 4142 delere.
405 4083 448 4140 Tu
467 4090 570 4150 autem,
587 4082 658 4138 [less
673 4081 764 4153 Pater,
780 4084 886 4141 leodem
900 4095 995 4155 ancum,
1048 4105 1122 4157 nem,
1136 4090 1201 4161 quia
1214 4088 1304 4160 magis
1323 4097 1440 4154 nocent,
1465 4088 1512 4154 nui
1526 4087 1637 4144 Christe
1650 4088 1799 4146 detrabunt
1811 4099 1840 4147 et

204 4178 234 4236 id
246 4186 290 4234 est
302 4175 466 4232 laudabilem
478 4172 579 4231 lamam
595 4183 623 4231 et
636 4175 752 4247 gloriam
766 4193 798 4233 ne
814 4179 949 4247 raesens,
968 4178 997 4235 id
1042 4196 1096 4254 per
1108 4183 1161 4237 boc
1173 4180 1281 4237 animas
1295 4178 1474 4247 interficiunt,
1488 4196 1571 4250 quarn
1592 4181 1639 4251 qni
1652 4181 1714 4251 ejus
1730 4192 1839 4239 morta·

203 4279 248 4329 est
260 4268 451 4341 uepermittss
465 4268 549 4326 taceri
560 4283 618 4325 non
630 4269 832 4339 resuscitando,
847 4280 875 4326 et
887 4269 997 4327 ludaeos
1048 4274 1101 4330 lem
1121 4287 1242 4339 caruem,
1256 4271 1409 4343 praesertim
1424 4287 1489 4327 mox
1505 4273 1708 4341 resuscitatam,
1720 4273 1837 4330 saerien-

203 4361 360 4436 punlendo,
379 4360 436 4432 ‘qni
453 4360 568 4414 ’laudem
597 4375 683 4414 meam
705 4368 807 4427 tacent,
832 4370 860 4416 et
881 4361 995 4433 dignum
1010 4394 1035 4453 ὓ
1048 4364 1083 4420 do
1100 4372 1285 4434 peremerunt.
1307 4362 1362 4419 Pro
1378 4365 1441 4421 rice
1466 4364 1622 4422 dilectionis
1637 4381 1720 4436 quam
1734 4367 1776 4423 eis
1789 4383 1838 4423 ex·

204 4451 373 4511 contumelia
395 4459 534 4522 reputant.
556 4448 634 4505 Sicut
648 4451 723 4506 enim
752 4452 928 4522 resurrectio,
956 4453 994 4510 ita
1047 4457 1187 4525 bibebam,
1200 4456 1306 4528 relpro
1319 4455 1453 4513 beneflcio
1468 4458 1544 4526 ‘quod
1565 4458 1728 4528 exigebam,
1748 4469 1778 4514 at
1797 4476 1839 4515 ore

205 4553 234 4602 et
247 4543 389 4599 damnatio
399 4557 497 4598 eorum
513 4541 572 4596 laus
587 4540 749 4596 estChristi.
764 4539 833 4596 Nam
844 4557 893 4611 per
903 4558 996 4600 resur·
1045 4547 1186 4618 diligerent
1199 4588 1207 4612 ,
1221 4545 1400 4602 detrahebant
1426 4556 1454 4602 et
1475 4547 1680 4618 crucifigebant.
1701 4548 1760 4620 Epo
1784 4566 1839 4606 ss·

204 4636 355 4692 rectionem
369 4633 436 4705 justi
449 4632 633 4699 letificantur,
650 4646 700 4703 per
715 4630 920 4689 damnationem
932 4635 995 4691 illo»
1048 4649 1098 4693 tem
1118 4638 1227 4693 erolum
1242 4642 1295 4710 p'ro
1314 4640 1394 4711 ipsis,
1412 4640 1529 4697 dicens:
1547 4660 1557 4694 r
1574 4640 1665 4709 Pater,
1679 4642 1791 4711 ignosce
1804 4644 1839 4699 il·

204 4741 268 4783 rum
291 4724 454 4781 liberantur.
479 4721 542 4780 ldee
560 4738 615 4778 nou
629 4733 720 4780 taceas
735 4739 747 4777 c
764 4726 828 4795 qsiu
850 4741 880 4782 aa
903 4741 996 4795 pecco·
1046 4732 1091 4798 lis,
1106 4731 1247 4787 nonenim
1263 4731 1353 4787 sciunt
1372 4733 1437 4803 quid
1452 4731 1556 4789 iaciunt
1570 4732 1647 4803 (loe.
1666 4751 1746 4803 xrrrr,
1759 4736 1834 4807 tlh·

204 4815 274 4869 teria
287 4823 313 4868 st
325 4813 412 4883 dolosi
424 4812 502 4871 iudae
515 4832 594 4886 super
604 4831 645 4870 me
661 4826 782 4887 opertum
800 4826 859 4884 est,
875 4819 970 4877 dicens
986 4838 993 4875 :
1047 4822 1110 4880 ilaec
1132 4832 1197 4879 sunt
1220 4839 1295 4879 arma
1317 4822 1444 4890 Domini,
1458 4825 1517 4882 bace
1531 4833 1635 4882 suntet
1648 4842 1725 4882 arma
1741 4837 1836 4885 nostra

180 4913 184 4918 ’
206 4924 219 4957 a
237 4902 308 4971 Quid
322 4905 406 4960 vultis
417 4905 484 4960 mibi
498 4904 575 4972 dare,
587 4915 614 4962 et
624 4919 675 4979 ego
692 4908 772 4964 robis
789 4923 851 4965 eum
863 4911 996 4968 tradam?
1046 4923 1142 4970 contra
1155 4914 1293 4981 inimicos,
1306 4914 1411 4971 seilicet
1423 4917 1525 4971 oratio.
1535 4915 1568 4973 Et
1579 4931 1634 4972 non
1646 4917 1735 4972 solum
1750 4922 1837 4990 gratis

202 4994 318 5068 (narrt.
336 4999 412 5062 intr,
428 4996 487 5066 15.)
501 5015 511 5046 ι
529 4995 566 5053 0s
579 5007 707 5067 peccator
727 5015 809 5072 super
821 5017 865 5058 me
877 5006 994 5075 apernit.
1047 5024 1091 5064 me
1105 5009 1342 5080 impugnaverunt,
1355 5008 1494 5065 sedetiam

148 5107 153 5114 ·
203 5087 316 5159 qnando
335 5086 426 5144 dixit:
447 5105 457 5139 r
476 5087 532 5144 bre
553 5087 639 5145 ilabbi
655 5090 745 5162 (ibid,
769 5092 815 5161 49,
838 5094 895 5166 50).
912 5115 921 5148 r
939 5096 991 5152 lto·
1083 5098 1204 5156 lensi
1221 5098 1370 5156 Potuerunt
1384 5103 1521 5158 aduersum
1535 5119 1576 5158 me
1590 5103 1674 5168 nerlu,
1690 5103 1717 5159 id
1735 5103 1837 5160 estiis·

204 5179 263 5236 lose
277 5179 399 5250 aperuit,
414 5178 524 5252 quando
539 5179 618 5248 dixit,
635 5191 683 5238 ret
695 5184 835 5242 osculatus
847 5196 891 5244 est
902 5202 992 5256 eumn
1047 5191 1115 5264 gella
1128 5201 1155 5248 et
1167 5200 1282 5248 mortem
1301 5208 1349 5263 pro
1373 5191 1460 5261 ionis,
1475 5210 1536 5264 quae
1547 5195 1588 5251 eis
1599 5194 1707 5251 'multis
1733 5196 1835 5262 modis,

205 5267 299 5342 sicque
321 5271 386 5327 dolo
410 5271 520 5328 tradidit
545 5287 608 5328 cum
631 5290 640 5330 t
668 5291 678 5327 r
703 5273 900 5350 Quemcunque
914 5295 996 5338 oscu·
1046 5282 1232 5355 predicando,
1245 5283 1369 5340 intirmoa
1391 5285 1524 5353 sanando,
1538 5293 1665 5342 mortuos
1675 5285 1837 5342 suscitando

203 5362 278 5420 latus
299 5361 388 5430 luero,
405 5363 464 5436 lpse
481 5373 534 5433 est,
549 5373 642 5422 tenete
661 5382 724 5425 eum
748 5370 838 5442 (ibid,
858 5370 915 5444 48).
935 5391 945 5424 r
964 5371 995 5429 ln
1046 5372 1246 5444 impenderam.
1266 5371 1320 5428 Pro
1341 5375 1383 5431 eis
1398 5375 1426 5430 iu
1444 5389 1527 5432 emec
1542 5375 1676 5431 orabams
1691 5377 1742 5447 ipsi
1753 5392 1838 5433 scon·

203 5453 301 5512 osculo
320 5466 431 5514 notatur
445 5474 498 5529 pas
512 5469 539 5516 et
560 5461 690 5518 amicitia.
710 5461 744 5518 Et
755 5463 817 5520 ideo
829 5463 930 5520 dicitur
947 5466 995 5521 do-
1047 5474 1089 5521 tra
1101 5465 1230 5521 dixerunt
1241 5481 1249 5518 ι
1260 5482 1270 5518 r
1281 5463 1339 5521 Vah
1351 5467 1398 5536 qui
1413 5461 1536 5522 destruis
1548 5467 1678 5538 templum
1689 5465 1748 5534 liei,
1760 5469 1836 5524 salsa

203 5544 288 5612 losse,
301 5547 366 5615 quia
380 5563 428 5618 per
444 5548 601 5605 simulatam
614 5565 709 5621 pacem
729 5563 757 5608 et
782 5554 930 5610 amicitiam
944 5555 996 5611 im·
1046 5558 1221 5630 temetipsum
1235 5556 1347 5630 (North.
1367 5573 1454 5625 xxru,
1470 5557 1528 5628 411).
1546 5577 1556 5612 s
1572 5556 1629 5631 Epo
1647 5574 1698 5631 pro
1716 5561 1758 5616 eis
1776 5573 1837 5616 mo-

204 5631 289 5698 nlerit
310 5636 499 5694 homicidium.
518 5638 566 5694 llel
580 5641 687 5698 dotores
706 5642 773 5711 luit,
797 5646 908 5714 errando
920 5646 996 5703 trau·
1048 5649 1148 5716 tuebar,
1165 5648 1217 5719 ipsi
1228 5655 1340 5704 econtra
1354 5646 1481 5703 dixerunt
1492 5663 1536 5704 me
1550 5647 1734 5715 seductorem,
1749 5656 1841 5712 stett-⁴
