3892 6067
149 249 206 329 aar
471 268 1193 329 memineramus-rausa
1218 270 1507 329 -rsuncsnn
1735 268 1788 328 aaa

152 385 212 441 suis
223 381 308 449 Deus,
329 380 443 449 iaciens,
461 392 490 438 at
503 382 597 439 lsrael.
616 384 778 444 insecenda
795 388 829 444 de
846 388 945 461 gaudio
959 388 982 445 Α
997 400 1052 441 non
1064 385 1091 440 in
1107 386 1283 444 contentione
1298 398 1325 445 et
1336 386 1510 444 aemulatione
1522 385 1594 444 beas
1615 388 1690 459 pacis
1710 387 1789 459 quie-

151 487 180 532 et
195 482 329 545 potestate
343 474 465 545 ipsoram
481 491 564 547 quarn
577 491 659 547 saper
670 479 769 551 impios
779 480 945 537 exercebunt
996 476 1059 540 scit,

151 570 185 622 nd
202 567 356 622 taciendam
380 566 529 624 vindictam
549 585 632 642 super
649 571 758 627 illorum
783 573 943 643 nequitiam,
1033 566 1116 624 Vens.
1130 567 1156 622 3.
1172 567 1294 623 Laudent
1307 587 1400 625 nomeu
1412 571 1470 641 ejus
1484 572 1511 626 in
1539 569 1617 625 cludro
1633 582 1788 627 corrsonan·

152 657 185 713 lit
200 656 352 712 notandam
366 656 450 729 qrtod,
464 674 526 714 cum
542 660 569 715 in
585 662 748 731 praecedenti
768 664 875 733 psalmo
887 662 946 719 iae·
996 661 1064 717 tiara
1079 670 1107 717 et
1119 661 1334 718 cohabitantium
1355 662 1383 720 in
1402 679 1499 730 anam,
1520 663 1669 720 dicentium
1696 673 1723 719 ει
1746 677 1788 719 sa·

152 748 187 802 rit
203 762 302 818 magna
315 748 431 803 materia
456 748 545 806 laudis
561 753 682 821 potentia
708 753 827 810 creantis
851 754 944 810 omnia
996 754 1130 824 pientiam
1159 753 1186 809 id
1202 753 1292 824 ipsum
1310 756 1337 811 in
1352 770 1384 811 ea
1411 755 1554 821 charitate,
1575 770 1637 825 qua
1656 754 1787 826 ‹patiens

152 837 275 894 colestia
291 846 320 893 et
342 839 494 907 terrestria,
510 840 600 910 major
610 841 698 898 laudis
708 845 821 899 materia
841 843 869 898 in
891 844 945 901 isto
996 855 1047 914 εει,
1065 847 1183 918 benigna
1196 855 1248 914 est,
1265 862 1320 903 non
1345 846 1466 916 indatur,
1480 864 1535 904 non
1561 846 1714 909 aemulatur,
1731 860 1787 903 non

151 929 258 999 b⁵³l¹¹¹0
282 937 325 985 0⁸2
339 929 482 985 clemessfii
503 930 661 998 θῐθῑῑθΰῑῖι,
676 944 837 991 mansuem
858 935 886 989 in
900 950 945 991 ιιι·
996 942 1131 1008 irritatur,
1146 956 1200 996 non
1215 941 1317 1012 cogitat
1334 939 1448 1005 malurn,
1463 955 1518 996 non
1531 939 1629 1010 gaudet
1642 954 1724 999 saner
1734 938 1787 993 ini·
1839 976 1841 983 ·

152 1022 247 1085 lntem,
264 1032 291 1079 et
304 1022 415 1080 eosdem
431 1022 621 1081 confirmantis
641 1026 677 1081 ad
703 1026 856 1082 taciendam
881 1028 944 1084 rin·
996 1034 1111 1104 quitata,
1123 1035 1276 1105 congaudet
1286 1041 1377 1088 autern
1392 1032 1502 1089 ueritati
1516 1031 1543 1103 (l
1552 1031 1614 1088 Car.
1629 1032 1784 1100 xrrr,ld).›

152 1114 253 1170 dietam
277 1113 306 1169 ln
337 1113 504 1181 nationibus,
521 1114 600 1184 jaula
623 1117 697 1188 qaod
725 1118 857 1188 scriptum
880 1128 942 1174 eet:
995 1123 1063 1181 ltcrn
1086 1125 1150 1195 qnia
1172 1140 1228 1179 nnn
1243 1125 1271 1181 in
1287 1125 1535 1181 comessationibus
1555 1132 1582 1179 et
1598 1123 1786 1186 ebrietatibus,

155 1202 351 1262 ‹iudicabaut
378 1203 515 1272 nationes,
536 1214 565 1261 et
589 1205 805 1265 dominabuntur
836 1211 945 1281 populls
997 1232 1051 1272 non
1070 1217 1098 1271 in
1113 1216 1250 1273 cubilibus
1264 1217 1480 1287 etiurpudicitiis
1495 1216 1550 1271 lieo
1564 1215 1662 1271 serviri
1686 1224 1786 1285 potest,

153 1295 230 1368 (Sap.
244 1312 286 1362 at,
299 1295 338 1367 8).
351 1316 360 1349 ι
376 1295 457 1352 lstarn
472 1297 621 1369 potentiam
637 1310 664 1356 et
677 1302 759 1358 istam
771 1303 944 1360 clementiam
996 1310 1104 1365 tondent
1113 1325 1176 1365 eum
1192 1310 1253 1364 illia
1267 1307 1332 1364 Sion
1345 1309 1374 1363 in
1386 1317 1509 1379 tympano
1522 1323 1631 1363 carnem
1650 1321 1728 1362 snam
1737 1305 1787 1360 dc·

150 1389 369 1456 considerantes,
381 1404 399 1445 o
411 1404 459 1444 ros
470 1404 566 1448 omnes
576 1393 680 1458 lideles,
997 1398 1126 1455 siccando
1139 1407 1167 1455 et
1185 1396 1378 1454 morcillcando
1398 1405 1480 1467 atque
1502 1395 1684 1466 crrrcitigendo
1700 1411 1707 1449 :
1722 1393 1786 1465 qnia

188 1477 301 1534 Contute
315 1475 429 1532 domina
449 1482 583 1535 cauticum
597 1498 692 1537 nouam
705 1484 739 1540 de
759 1482 835 1540 Nouo
846 1482 944 1542 Testa·
997 1498 1152 1562 tympanum
1161 1489 1316 1547 estcorium
1328 1488 1511 1545 dessiccatam
1524 1487 1598 1556 ligno
1608 1492 1787 1556 superexten-

151 1578 245 1625 tnento
257 1567 408 1637 iulornrati,
424 1579 454 1626 nt
475 1570 503 1626 in
517 1572 637 1629 nouitate
662 1575 726 1631 vitae
745 1577 902 1641 ambuletis,
917 1584 946 1633 ει
997 1597 1069 1638 sum.
1080 1581 1109 1637 ln
1118 1582 1163 1638 tali
1176 1592 1355 1653 tympanorer
1365 1588 1458 1636 noster
1466 1577 1669 1651 tympanizavit,
1677 1576 1787 1646 quando

151 1662 185 1718 de
212 1665 341 1734 mysterio
366 1664 562 1735 redemptionis
586 1666 795 1739 Redemptorem
821 1679 943 1725 restrum
997 1671 1262 1743 expansusinligno
1276 1665 1787 1741 crucisprosuiscrucitixoribusora·

151 1752 270 1813 laudetis
281 1771 347 1809 novo
365 1758 480 1825 cantica,
497 1772 570 1813 nouo
583 1760 764 1817 conversandi
791 1762 883 1828 modo,
899 1777 946 1817 re·
997 1765 1045 1820 rit.
1063 1762 1108 1820 Sic
1121 1764 1209 1820 sancti
1231 1772 1367 1836 martyres
1377 1760 1641 1835 tympanizarcrunt,
1660 1757 1707 1828 qui
1722 1771 1788 1826 ago-

150 1846 204 1904 'teri
220 1848 354 1904 termento
368 1859 531 1921 expurgato,
555 1854 656 1909 ueteris
682 1853 803 1909 bominis
826 1854 945 1925 imagine
997 1857 1121 1912 nizantcs
1137 1855 1165 1910 in
1178 1855 1352 1911 tribulatione
1363 1867 1414 1924 pro
1427 1849 1636 1907 aduersantibus
1646 1856 1673 1903 et
1683 1848 1788 1903 calunn-

152 1939 286 2010 deposita,
300 1949 330 1996 et
342 1941 551 2003 ruatisbominis
563 1943 886 2004 cotrlormitateindacta.
900 1947 946 2004 Sic
996 1947 1137 2003 niantibus
1161 1952 1319 2002 oraverunt.
1336 1942 1382 2000 Sic
1403 1958 1498 1999 omnes
1523 1941 1562 1995 illi
1589 1940 1786 2012 tympanizant,

152 2028 235 2084 laada
261 2038 287 2085 ιε
312 2029 397 2105 Qum
417 2048 473 2088 uon
487 2034 655 2108 ubicunque,
674 2051 728 2092 non
743 2038 770 2093 ln
786 2038 944 2109 schismate,
996 2039 1044 2109 qni
1067 2039 1171 2094 avitiis
1185 2048 1211 2095 ει
1226 2038 1317 2094 carnis
1336 2036 1441 2093 deliciis
1466 2034 1645 2099 abstinentes,
1671 2031 1736 2088 dam
1756 2045 1788 2087 ao

151 2124 196 2179 utel
209 2125 305 2183 haeresi
319 2127 475 2199 manifesta,
486 2145 542 2186 non
554 2131 580 2186 in
593 2132 792 2189 conventiculis
803 2146 946 2203 perverso-
996 2135 1132 2206 castigant
1144 2133 1221 2201 ioris,
1235 2134 1296 2188 oleo
1307 2131 1408 2187 latitia
1425 2130 1499 2185 intus
1518 2126 1622 2200 pertusi
1637 2126 1787 2196 exsultant,

155 2229 217 2269 ram
231 2215 390 2287 dogmatum
415 2219 455 2275 uel
470 2220 688 2291 perariciosaram
701 2223 945 2292 consuetudinum,
996 2243 1086 2299 neque
1102 2227 1199 2282 taciem
1214 2240 1293 2282 suam
1309 2221 1552 2294 sicutbypocritae,
1578 2220 1678 2283 tristes,
1698 2228 1789 2276 exter·

154 2307 202 2363 sel
222 2308 249 2363 in
272 2306 393 2364 Ecclesia
419 2320 581 2379 auratorum,
611 2313 675 2384 quala
700 2314 761 2368 lona
782 2315 810 2369 in
824 2313 946 2373 Ecclesia
997 2319 1113 2383 minant,
1129 2316 1175 2372 sed
1185 2330 1236 2371 sun
1248 2324 1377 2387 tympano
1388 2312 1508 2382 jungunt
1518 2308 1675 2380 psalterium
1685 2308 1788 2379 jacan·

154 2411 308 2459 sanctornm
319 2401 495 2459 solummodo
509 2412 553 2460 est
566 2405 751 2475 acceptabilis,
768 2422 824 2462 non
844 2406 873 2462 ia
897 2421 945 2478 sy·
996 2408 1073 2475 dum,
1087 2405 1159 2478 quod
1172 2406 1236 2476 quia
1250 2406 1284 2461 dc
1299 2402 1435 2474 superiori
1447 2407 1538 2466 sonat,
1553 2397 1682 2471 gaudium
1695 2410 1789 2466 supcr-

156 2506 261 2563 nagoga
276 2490 396 2558 Satanae,
421 2510 476 2551 non
501 2495 529 2552 in
552 2498 764 2569 congregatione
777 2497 877 2566 Chore,
890 2497 945 2555 lla·
997 2513 1063 2554 nrum
1076 2496 1222 2568 signillcat.
1234 2494 1292 2549 Erit
1305 2503 1395 2549 autern
1410 2491 1438 2546 ln
1450 2488 1542 2544 laturo
1554 2502 1652 2559 magna
1666 2485 1788 2542 exsulta·

142 2580 222 2663 ‘than
235 2590 262 2636 et
272 2581 392 2650 diriron,
405 2584 452 2654 qui
464 2584 608 2660 eriguntur
621 2599 716 2643 contra
730 2603 825 2645 rerum
840 2588 944 2652 aaron,
997 2590 1035 2645 tin
1046 2588 1211 2659 detgnrpnno
1221 2596 1247 2641 et
1256 2584 1383 2657 psalterio
1392 2597 1446 2638 uon
1459 2582 1517 2652 ipsa
1532 2577 1734 2653 tympanizandi
1744 2575 1787 2632 rel

157 2679 252 2726 contra
278 2687 373 2727 rerum
392 2682 420 2728 et
440 2684 565 2733 sanctam
591 2678 793 2747 sacerdotium,
816 2678 890 2750 qaod
904 2689 946 2736 est
997 2681 1129 2754 psallendi
1144 2679 1226 2746 ardo,
1240 2678 1287 2735 sed
1306 2677 1340 2732 dc
1354 2674 1499 2747 praeteritis
1514 2672 1621 2728 actibus
1635 2668 1785 2741 gratiarum

158 2759 328 2818 solummodo
341 2765 369 2819 ιἰι
383 2762 502 2820 Ecclesia
526 2776 689 2836 sanctarum,
709 2768 766 2824 sive
780 2785 854 2825 nanc
868 2784 947 2840 pere·
997 2773 1079 2828 actia.
1090 2770 1175 2841 lgitur
1187 2771 1215 2824 in
1230 2778 1354 2840 tympano
1370 2777 1395 2822 et
1410 2765 1536 2837 psalterio
1551 2763 1666 2833 pauitant
1680 2762 1715 2829 ei,
1731 2774 1787 2831 quo

156 2853 343 2925 grinantiam,
369 2857 428 2913 sive
448 2859 476 2913 in
500 2858 570 2915 coelo
598 2862 770 2932 regnantium
801 2862 947 2935 utrobique
997 2860 1361 2933 rurluntsapientcrpsoilere
1377 2858 1506 2929 liegiilli,
1522 2856 1569 2927 quui
1594 2863 1666 2909 amat
1694 2852 1786 2909 canna

155 3033 263 3093 Talium
283 3048 442 3095 sanctarum
455 3042 538 3098 coetui
553 3053 715 3115 aggregatus
958 3058 980 3116 c
997 3066 1060 3106 nanu
1073 3063 1136 3105 cam
1147 3047 1285 3118 psalterio,
1298 3045 1375 3117 quasi
1389 3044 1540 3114 lampadem
1560 3041 1626 3098 ioris
1644 3040 1785 3097 ardentem

191 3127 275 3186 Vens.
295 3131 606 3200 ι.ιιειειιιι1ειιιει,ἰιι
626 3152 681 3209 quo
709 3136 791 3194 dolus
811 3152 865 3194 non
891 3147 943 3207 est,
997 3153 1059 3196 cum
1077 3137 1136 3193 oleo
1151 3137 1178 3192 in
1190 3150 1256 3192 uase
1273 3134 1446 3191 canscientia
1468 3132 1638 3188 abscondita.
1665 3127 1784 3186 laetatur

146 3219 271 3288 ‘lateran
284 3221 407 3293 inquam,
423 3240 477 3279 nan
489 3226 516 3279 in
531 3240 571 3294 sc,
584 3227 631 3284 sed
644 3228 672 3281 in
683 3244 724 3294 eo,
745 3229 791 3302 qui
804 3229 866 3299 [ecit
884 3245 944 3284 oum
995 3228 1090 3297 lsrael,
1102 3227 1240 3283 exsultent
1254 3225 1316 3280 tiliae
1332 3223 1411 3291 Sion,
1431 3233 1544 3279 cantem
1565 3223 1704 3279 canticum
1733 3237 1784 3279 no·

153 3328 216 3371 case
227 3313 327 3382 lsrael,
341 3332 404 3373 cum
419 3319 496 3388 prius
512 3318 608 3377 iaisset
630 3319 726 3379 ducah.
745 3319 864 3381 Luctator
889 3338 943 3378 non
995 3336 1069 3377 rum.
1083 3318 1192 3388 Quare?
1202 3315 1290 3386 Quam
1304 3316 1340 3372 ob
1354 3316 1486 3372 causam?

152 3404 182 3463 in
195 3421 245 3461 sna
265 3406 374 3473 uirtute,
389 3409 437 3465 sed
449 3413 477 3464 in
493 3409 566 3467 illias
582 3411 716 3479 bonitate,
729 3413 776 3484 qul
798 3413 824 3468 ei
847 3422 944 3469 eontra
1031 3410 1115 3468 Vens.
1129 3411 1155 3466 ι.
1174 3408 1245 3476 Quin
1262 3408 1452 3480 heneplacitum
1472 3416 1511 3461 εει
1523 3405 1635 3461 Dourino
1648 3406 1676 3459 in
1687 3404 1784 3476 popula

157 3496 220 3552 titia
235 3496 349 3554 lactanti
364 3498 478 3571 largitus
492 3509 535 3558 est
552 3502 705 3571 uictoriam,
729 3504 874 3561 dioensei:
891 3503 944 3561 Nc-
995 3519 1054 3559 aaa.
1067 3501 1094 3557 ln
1109 3501 1267 3558 conditione
1277 3514 1370 3556 rerum
1392 3499 1458 3554 vidit
1474 3494 1785 3567 bertacuncta,anele·

153 3605 292 3663 quaquam
310 3591 380 3647 ultra
395 3592 538 3650 vacaberis
559 3592 655 3664 Jacob,
670 3597 718 3653 sed
736 3595 820 3654 lsrael
842 3612 942 3654 nomen
994 3603 1079 3662 cerat,
1092 3603 1120 3650 et
1133 3603 1211 3650 erant
1230 3592 1309 3649 ralde
1329 3593 1413 3661 bona,
1436 3590 1558 3662 nihilque
1583 3590 1622 3645 illi
1645 3587 1785 3660 displicuit

153 3689 243 3748 tunm,
259 3682 388 3751 quoniam
404 3683 428 3738 si
447 3694 542 3740 contra
559 3683 646 3741 ὓειιιιι
667 3685 748 3743 sortis
768 3687 853 3754 luisti,
871 3705 881 3740 ι
897 3689 941 3743 cai
994 3685 1023 3740 in
1037 3685 1164 3755 hisquae
1187 3684 1246 3754 ipse
1269 3683 1360 3739 bonus
1383 3683 1455 3737 bona
1478 3680 1581 3737 iecerat
1604 3680 1707 3736 omnia.
1729 3678 1784 3735 Sed

152 3771 371 3831 benedictionem
408 3774 535 3846 precibus
570 3784 598 3833 et
635 3775 745 3833 tletihua
783 3778 942 3847 extorsisti,
994 3784 1087 3851 postea
1098 3776 1216 3847 mesatis
1229 3773 1430 3845 emergentibus
1441 3772 1569 3844 paenituit
1580 3771 1664 3827 Deam
1685 3771 1785 3828 iecisse

156 3874 287 3936 equanto
305 3864 393 3938 magis
414 3876 510 3923 contra
527 3867 654 3924 homines
681 3868 841 3938 praevalebis
863 3867 940 3940 (Gen.
994 3868 1151 3933 bominem,
1164 3866 1229 3938 quia
1247 3879 1302 3921 non
1317 3862 1404 3919 luitei
1419 3864 1610 3934 beneplacitum
1630 3864 1657 3918 in
1673 3863 1784 3919 homine

153 3955 324 4027 arcuatili
341 3957 375 4013 ad
396 3955 549 4014 laciendum
572 3958 717 4016 uindictam
736 3959 941 4029 lunationibus,
993 3968 1133 4030 peccante,
1150 3956 1240 4013 acliei
1255 3970 1326 4026 opus
1340 3956 1368 4010 in
1382 3970 1412 4012 se
1423 3954 1603 4010 deformante.
1632 3953 1782 4025 Postquam

153 4045 354 4116 increpationes
375 4044 403 4101 la
424 4047 554 4117 populls?
580 4044 698 4104 Loetetnr
711 4046 807 4114 littei.
833 4049 875 4104 ιιι
900 4050 941 4104 vl·
993 4070 1059 4111 vero
1074 4053 1224 4124 devirgine
1241 4049 1349 4124 genitus
1364 4058 1407 4105 est
1424 4049 1507 4103 homa
1522 4048 1582 4105 sine
1607 4056 1729 4119 peccato,
1753 4046 1783 4102 ln

152 4137 221 4193 (¹⁰⁰⁸
232 4136 317 4192 ”0⁰⁰¹
337 4135 406 4193 Ῐῦθῑθ
421 4138 455 4193 ³1¹
471 4137 580 4207 ficiem,
593 4155 647 4211 quta
665 4140 771 4197 risione
782 4142 857 4197 salua
870 4138 941 4198 lacta
993 4162 1026 4203 en
1041 4145 1081 4201 sic
1091 4144 1283 4214 dormitantum
1294 4151 1337 4197 est
1348 4139 1403 4197 beo
1416 4138 1502 4207 Patri,
1515 4149 1544 4195 ut
1557 4149 1584 4195 et
1610 4138 1649 4193 illi
1662 4137 1780 4193 diceret:

152 4228 296 4284 estaninra
307 4229 378 4301 ejus.
395 4229 664 4307 lacerationum
683 4230 764 4287 talam
795 4231 856 4302 fecit
870 4249 940 4299 enm,
996 4261 1005 4289 t
1023 4235 1073 4292 ilie
1085 4246 1127 4291 est
1138 4234 1210 4290 llius
1232 4248 1311 4289 mens
1323 4233 1448 4298 dilectur,
1461 4232 1489 4286 in
1503 4247 1559 4303 qun
1576 4229 1643 4284 rnihi
1660 4226 1781 4297 compin-

153 4319 221 4374 utin
237 4334 355 4391 superna
371 4321 522 4378 Jerusalem
537 4322 785 4390 videaturunus
812 4326 939 4394 praesenti
993 4330 1037 4386 cni
1055 4327 1163 4399 (batth.
1182 4343 1223 4392 nr,
1241 4327 1297 4397 ll),
1315 4344 1325 4379 ι
1340 4332 1367 4381 ει
1382 4325 1506 4380 omnium
1526 4323 1563 4377 illi
1587 4337 1636 4392 per
1659 4321 1739 4376 fldem
1753 4328 1782 4377 et

151 4418 179 4468 et
190 4412 381 4482 peregrinante
394 4411 684 4472 illucSiontranslatus
693 4416 736 4471 rel
749 4415 847 4486 spcuel
858 4417 939 4472 etiam
957 4393 978 4448 ὓ
992 4421 1166 4477 dilectionem
1184 4416 1381 4473 adhaerentiam
1394 4415 1510 4485 benigne
1534 4427 1640 4468 mentor
1665 4418 1738 4469 essct
1750 4411 1780 4466 in

150 4519 192 4570 re,
203 4514 232 4560 ili
243 4505 292 4574 ἰΙΙῙ,
304 4506 350 4577 (tui
362 4505 591 4578 dlucrepossant:
606 4527 615 4560 r
633 4506 731 4564 Nostra
757 4517 849 4564 autern
873 4525 941 4567 con·
992 4511 1153 4588 heneplacito
1163 4510 1255 4582 papuli
1268 4509 1321 4564 rui.
1338 4507 1396 4565 lloc
1406 4517 1448 4564 cst
1460 4507 1510 4577 ipsi
1525 4514 1616 4572 ararit,
1635 4504 1778 4561 dicentear

143 4598 310 4656 -uersatioin
323 4599 711 4673 coelisesthhiiipp.rn,2ti).
725 4620 735 4655 ι
750 4601 939 4673 EtpiituSion,
994 4604 1157 4661 rherrrento
1180 4603 1277 4669 nostrl,
1299 4600 1414 4657 Domine
1439 4600 1466 4655 in
1490 4596 1658 4668 beneplacito
1684 4594 1778 4668 poputt

151 4690 317 4748 infirmiores
332 4691 437 4747 scilicet
450 4707 576 4762 persona
589 4692 633 4747 uin
645 4707 693 4764 per
710 4695 851 4764 speculum
871 4703 898 4750 ει
911 4695 939 4749 in
990 4697 1042 4765 tui,
1055 4694 1134 4753 visita
1154 4710 1206 4751 nos
1217 4695 1245 4748 in
1264 4692 1378 4749 salutari
1395 4700 1442 4745 tuo
1454 4688 1541 4761 (Puni.
1559 4704 1602 4755 cr,
1617 4688 1657 4758 l).
1675 4705 1686 4742 r
1702 4684 1777 4741 Lau·

150 4783 296 4853 aeurigmate
308 4782 523 4854 contemplantes
536 4798 627 4854 regern
642 4800 722 4840 saum
735 4785 825 4841 carrus
840 4784 939 4863 trabea
990 4789 1070 4844 detur
1085 4788 1176 4857 itaque
1192 4783 1264 4839 Deus
1278 4783 1306 4836 in
1325 4790 1450 4853 tympano
1470 4789 1494 4834 et
1518 4778 1655 4850 psalterio,
1673 4778 1737 4850 qaia
1751 4778 1777 4832 ei

151 4874 278 4933 indutum
295 4885 320 4929 et
348 4872 511 4940 diademate,
530 4889 585 4945 nuo
600 4876 743 4931 coronarit
765 4891 828 4931 eum
853 4886 939 4933 truatur
990 4878 1230 4949 heneplacitnmest
1246 4871 1379 4944 inpopulo
1396 4888 1455 4938 sno,
1468 4870 1631 4925 clamitabit
1654 4884 1777 4925 narratae·

151 4978 201 5021 saa
212 4970 353 5032 aroanna,
368 4962 499 5018 enrnltent
510 4965 538 5018 in
556 4964 615 5034 ipso
635 4980 694 5036 repe
706 4981 755 5020 aaa
769 4966 879 5022 assidue
900 4967 938 5025 illi
990 4978 1030 5022 tar
1044 4968 1071 5021 in
1083 4965 1207 5021 aetutem.
1222 4961 1339 5018 ilarrdas
1349 4962 1377 5017 in
1397 4960 1517 5032 maligno
1529 4961 1634 5031 positas
1654 4973 1776 5015 munue-

150 5063 301 5113 caneutes:
316 5073 325 5106 ι
341 5052 473 5109 ilorniaus
484 5055 608 5125 regnant
623 5056 749 5112 decorem
768 5055 881 5115 indutas
896 5067 940 5115 est
990 5067 1030 5112 tor
1042 5056 1167 5128 despicit,
1191 5070 1243 5112 nee
1260 5054 1323 5110 illos
1336 5052 1566 5110 libentercxaltat
1577 5052 1603 5107 in
1617 5049 1709 5121 aliqua
1733 5049 1775 5104 di·

151 5144 318 5216 (Paulson,
331 5145 369 5216 t).
388 5164 398 5197 r
413 5144 477 5201 ltern
492 5165 517 5201 :r
534 5145 939 5220 Durnirrusregnanit,c1sultet
989 5148 1091 5222 gnitate
1100 5147 1216 5218 spiritali
1233 5147 1275 5202 uel
1289 5146 1412 5203 saeculari
1443 5144 1542 5200 timens
1556 5142 1592 5198 ab
1606 5142 1648 5197 eis
1668 5141 1702 5196 ad
1724 5140 1775 5196 bo·

150 5246 224 5295 terra
247 5237 334 5307 (Pani.
352 5254 424 5305 ιειι,
444 5239 483 5309 ι).
501 5258 510 5291 ι
528 5240 613 5297 item:
633 5240 789 5299 ‹Eraltaba
814 5254 850 5312 te,
866 5244 939 5301 Deus
989 5257 1054 5297 num
1069 5239 1229 5311 constringi,
1240 5239 1328 5294 malos
1344 5253 1410 5293 uero
1430 5235 1532 5293 exaltat
1553 5234 1580 5288 in
1592 5230 1773 5303 perditionem

149 5344 229 5393 urens
240 5330 296 5389 ttex
310 5329 396 5401 (Paul.
408 5346 498 5401 auctr,
513 5330 550 5402 t).
564 5350 574 5383 ι
591 5330 677 5392 ltern:
696 5352 705 5385 r
721 5332 762 5389 ‘la
786 5349 833 5390 rex
846 5336 938 5408 gloria
988 5334 1031 5389 sui
1045 5342 1072 5389 et
1092 5332 1219 5386 aliorum.
1240 5329 1293 5387 Sed
1308 5328 1440 5385 [lominus
1467 5324 1627 5381 dominator
1650 5322 1678 5378 ia
1690 5323 1774 5379 rebus

148 5422 269 5489 Christe,
283 5432 311 5479 tu
323 5422 412 5481 Patris
429 5424 612 5498 sempiternus
622 5440 652 5482 es
666 5423 752 5482 Filius
765 5445 775 5480 ι
791 5436 818 5482 ct
840 5438 937 5484 catera
988 5427 1056 5501 ipse,
1068 5432 1149 5496 pratu
1159 5423 1226 5490 ruit,
1244 5420 1374 5476 exultabit
1388 5427 1537 5473 incarnetur
1551 5416 1579 5469 in
1590 5414 1704 5470 satutem
1729 5413 1774 5468 aui

148 5513 256 5572 carutica
273 5512 368 5583 lienem
389 5511 471 5567 istum
486 5512 675 5585 glorificantia.
690 5514 724 5572 Et
748 5515 811 5587 qaia
826 5517 853 5573 in
868 5518 937 5574 scis·
986 5528 1013 5575 ει
1027 5518 1154 5573 alianum.
1182 5514 1242 5569 Fiet
1267 5514 1318 5569 hnc
1333 5508 1525 5566 uniuersaliter
1545 5509 1572 5563 in
1594 5507 1639 5563 die
1664 5504 1771 5577 ludicii,

148 5618 213 5663 tara
239 5604 372 5659 mentium
396 5603 611 5661 discordantiam
631 5605 693 5661 laus
718 5604 765 5662 llei
785 5622 839 5662 non
869 5608 936 5664 berre
986 5605 1105 5679 qrrnudn,
1125 5614 1254 5677 arguente
1270 5602 1396 5668 Dunrina,
1409 5602 1437 5655 in
1456 5599 1582 5671 monitate
1598 5612 1647 5669 pra
1666 5604 1771 5651 uman-

148 5702 239 5767 souat,
257 5708 340 5771 quam
354 5693 498 5755 discordia
513 5695 633 5755 rauciens
651 5696 802 5773 perturbat,
818 5706 854 5771 ει,
869 5697 935 5773 quia
986 5697 1284 5768 suetisterrac,stabuut
1295 5695 1363 5770 justi
1374 5689 1667 5782 innuagnaconstautia
1677 5687 1772 5751 adrat*
