3892 6067
249 240 320 298 atta
732 226 886 288 cautioni
905 225 1101 285 cumrostrt
1121 224 1398 285 ublcltbttsrnutl.
1777 236 1828 296 {ppt

247 352 404 411 invenimus
424 366 457 408 no
471 364 533 405 txrt
552 347 646 419 bipes.
660 361 721 413 xrtr,
735 345 772 415 l),
784 345 818 401 de
836 360 893 417 quo
912 343 1039 401 uidelicet
1053 351 1076 406 Α
1088 342 1131 399 eis
1146 341 1214 398 nibil
1231 341 1359 407 debuerit,
1375 339 1638 411 sinesuperbire,rel
1650 346 1829 420 maurannus

248 446 343 503 bestiae
358 457 473 500 numeru
487 440 663 512 mnmodum
689 437 863 494 tractandum
885 437 948 493 erit.
963 435 1037 492 inte·
1090 434 1154 492 culo
1167 445 1256 492 totum
1277 431 1428 490 diuinitatis
1447 447 1478 488 ae
1498 432 1756 505 inundantispoudus
1769 444 1830 498 trti-

248 538 301 594 rim
316 551 381 592 vero
396 532 539 590 sciendum
552 532 627 604 quod
643 530 769 589 senarius
792 538 925 587 creature
937 528 1039 594 solum,
1091 540 1161 582 nere
1170 524 1336 581 valuissent.
1348 521 1457 590 Quanto
1472 522 1563 579 miuus
1577 523 1709 581 bominum
1718 529 1829 601 quisqmn

247 638 276 684 et
289 640 344 682 non
357 624 499 681 creatoris
515 639 648 679 rtarnerus
670 633 722 679 est.
739 621 792 677 Sex
808 634 928 690 namque
943 618 1040 677 diebus
1091 616 1207 685 exstitit,
1230 624 1330 686 prater
1351 614 1463 671 unicum
1484 611 1582 671 Filium
1605 610 1661 681 bei,
1682 616 1725 686 qui
1740 615 1831 679 mmai

249 717 383 774 mundum
405 714 477 773 bans
498 713 638 782 condidit;
658 713 787 785 septimo,
804 711 885 784 quasi
909 709 1042 782 latigatus
1091 717 1194 764 eterno
1210 705 1343 773 existens,
1366 704 1450 761 etiam
1478 702 1561 759 bomo
1585 704 1773 774 praedmtimtux
1793 720 1831 768 ert

250 816 313 880 post
336 807 457 863 laborem
487 822 535 863 sex
548 806 655 862 dierum
680 806 716 861 ab
732 805 809 861 omui
830 817 913 876 opere
935 817 987 858 suo
1001 818 1043 859 re·
1091 800 1194 856 Praeter
1206 800 1292 867 bane,
1315 800 1441 870 inquam,
1458 798 1550 855 nullus
1567 797 1679 855 inueniri
1701 802 1783 871 potuit,
1798 805 1832 877 qai

250 900 366 970 quierit.
380 898 451 966 Quid
465 913 531 955 uero
552 897 687 969 septimus
708 898 761 954 iste
781 896 840 953 dies
862 894 1042 967 requietionis
1092 908 1155 949 curu
1170 893 1288 950 summis
1301 891 1461 958 uirtutibus,
1479 907 1570 950 arcem
1594 907 1696 963 quoque
1717 894 1785 951 simul
1802 912 1834 957 re

251 988 301 1046 bet
319 988 491 1060 intelligitur,
514 987 568 1044 nisi
593 988 727 1059 sapientia
753 988 824 1058 ejus,
848 1000 910 1057 qum
929 1000 986 1041 non
999 993 1041 1042 est
1092 993 1173 1056 pente
1187 983 1351 1040 humilitatis
1369 981 1591 1055 npprelrenderit,
1605 982 1639 1038 ita
1657 993 1685 1039 ut
1705 983 1800 1043 bonine
1813 988 1833 1043 ir

250 1079 337 1146 aliud,
352 1094 435 1150 quam
448 1078 527 1149 ipsel
548 1076 620 1134 lleus
644 1093 774 1150 namque,
795 1077 842 1147 qni
860 1076 975 1148 spiritus
987 1085 1040 1144 est,
1092 1076 1248 1149 ejusdiotis
1267 1085 1294 1133 et
1306 1069 1392 1133 'lactis
1414 1072 1595 1131 laborandum
1617 1089 1668 1131 non
1683 1089 1754 1132 esset
1765 1076 1834 1149 ltaque

250 1180 356 1229 eertum
372 1180 425 1238 est,
450 1170 526 1241 quod
549 1170 575 1225 in
594 1180 720 1226 creatura
735 1168 871 1231 sensibili,
891 1167 982 1239 ruralis
1000 1177 1043 1224 cst
1093 1167 1170 1225 solus
1182 1167 1281 1236 bilius,
1297 1167 1325 1223 in
1346 1182 1402 1238 qtro
1417 1165 1498 1223 Pater
1522 1165 1575 1222 sibi
1592 1166 1731 1236 peremnia
1744 1169 1834 1238 complu·

251 1271 324 1318 terra
338 1262 499 1341 inurrimata,
512 1261 633 1333 requiem
652 1262 706 1317 sibi
722 1276 777 1317 uon
788 1268 909 1332 quaeram
926 1259 975 1315 sed
993 1273 1044 1316 uec
1093 1260 1161 1327 cuit,
1172 1259 1276 1330 quique
1286 1256 1360 1315 Patri
1384 1258 1412 1313 in
1436 1273 1476 1326 uo,
1498 1272 1532 1314 ae
1547 1256 1581 1314 tle
1595 1273 1625 1313 se
1638 1257 1833 1330 nullumunquan

251 1348 404 1410 animantia
433 1353 631 1409 irrationabilia
650 1351 706 1413 ileo
722 1352 749 1409 in
772 1366 803 1408 se
826 1351 949 1423 requiem
965 1350 1044 1406 exbi-
1093 1351 1218 1409 laborem
1234 1352 1365 1423 praebuit3
1380 1351 1467 1418 solas,
1492 1351 1615 1422 inquam,
1633 1351 1688 1422 ipse
1706 1364 1750 1417 est,
1762 1353 1783 1406 b
1795 1366 1834 1423 quo

250 1445 318 1502 bere
327 1453 455 1517 possunt.
473 1446 537 1501 Sola
557 1445 701 1502 rationalis
713 1454 850 1513 creatura,
866 1444 971 1516 requim
989 1443 1044 1499 bo·
1093 1446 1176 1502 Pater
1185 1445 1265 1516 plene
1275 1445 1397 1517 requiem
1414 1443 1531 1510 iuverim
1542 1444 1649 1500 undeet
1659 1444 1834 1514 ipserectissint

251 1537 320 1594 mini
344 1547 407 1609 apta
432 1538 542 1594 condita
562 1538 670 1607 luserat,
693 1537 785 1609 qualis
811 1546 854 1594 est
877 1538 992 1609 augelus
1016 1544 1044 1593 et
1093 1539 1154 1595 dies
1169 1538 1218 1594 ille
1228 1538 1362 1609 cemimus
1378 1536 1551 1609 intelligitur,
1563 1537 1591 1593 in
1606 1550 1659 1607 quo
1668 1533 1835 1591 Paterlleusab

251 1631 346 1686 bomo.
1094 1631 1170 1688 omni
1181 1644 1264 1703 opere
1278 1645 1330 1687 suo
1345 1629 1492 1701 requierit.

287 1720 341 1779 Sed
356 1723 422 1778 dum
445 1723 544 1794 angelo
566 1738 615 1794 pes
635 1722 771 1795 superbiae
795 1722 878 1789 verrit,
904 1721 1081 1784 hominumn
1130 1722 1228 1796 igitur,
1241 1730 1272 1778 ut
1290 1722 1383 1778 dicere
1398 1722 1546 1791 capimus,
1567 1714 1637 1778 sicut
1657 1718 1765 1775 senanus
1780 1733 1834 1774 eree

252 1829 363 1886 quoque
375 1816 580 1886 superbientem
598 1830 696 1871 manus
712 1813 865 1885 peccatoris
881 1814 977 1882 morit,
992 1827 1043 1871 ex·
1095 1824 1176 1884 turre,
1191 1814 1228 1871 lta
1254 1813 1427 1885 septeuarius
1449 1811 1591 1869 Creatoris
1612 1825 1733 1867 numerus
1746 1818 1794 1878 ως
1812 1825 1834 1864 ae

251 1904 380 1976 pulsique
393 1915 468 1971 aurat,
484 1921 535 1961 nec
553 1914 704 1975 potuerunt
719 1913 792 1961 stare
811 1905 941 1961 diuinitas
962 1906 991 1960 iu
1003 1904 1044 1961 eis
1094 1907 1314 1982 proindestatua
1329 1906 1376 1962 illa
1391 1920 1476 1963 aurea
1489 1913 1565 1961 reete
1581 1904 1609 1960 in
1630 1903 1671 1961 sui
1687 1902 1833 1958 altitudinem

252 1997 375 2068 requiem
393 1997 446 2052 sibi
471 2012 527 2052 non
546 1996 661 2067 incurrit,
675 2012 737 2067 qum
761 2011 814 2052 non
828 1996 882 2053 nisl
896 1997 1045 2068 superbu·
1094 2000 1240 2057 latitudine
1253 1998 1393 2056 senarium
1413 2012 1469 2053 nou
1486 1996 1614 2053 excessit.
1630 1993 1833 2068 Siquidcmtliabo

252 2085 345 2143 miiem
360 2095 388 2143 et
411 2086 534 2158 quietum
556 2103 589 2143 ac
615 2096 775 2143 trementem
791 2087 825 2141 ud
838 2101 981 2142 sermones
995 2085 1044 2143 bet
1094 2093 1140 2150 lus
1161 2106 1224 2149 eam
1248 2090 1283 2147 ad
1307 2090 1482 2147 seruiendum
1506 2099 1639 2147 creaturae
1657 2089 1752 2161 ponus,
1776 2102 1834 2159 quta

251 2178 379 2250 spiritum
393 2179 552 2250 requiescit.
566 2179 619 2236 Sed
636 2195 686 2236 nec
700 2178 790 2251 angeli
813 2178 878 2234 boui
896 2194 959 2234 cunr
975 2193 1045 2236 non·
1094 2183 1222 2241 Creatori
1236 2182 1334 2240 erexit.

251 2271 318 2327 dum
334 2272 361 2327 in
375 2272 529 2329 bumilitate
545 2272 582 2329 ita
604 2270 724 2343 pellente
736 2270 845 2328 solidati
863 2269 991 2337 luissent,
1014 2279 1044 2328 ut

262 2425 1833 2471 W

700 2665 1023 2786 annuunt
1053 2580 1460 2785 unanimo

965 2838 973 2851 ⁵
990 2884 1026 2945 nt
1043 2884 1178 2945 unnuu

517 3063 593 3189 DE
633 3059 1151 3159 INVESTIGATIONE
1204 3059 1622 3154 tnrlcunlsut.
1701 3132 1706 3145 .

688 3323 694 3331 ἢ
790 3251 871 3326 (opp
886 3249 983 3311 iacobi
996 3251 1130 3322 omnen,
1146 3259 1167 3308 t.
1184 3249 1230 3321 bi,
1243 3267 1271 3325 p.
1282 3252 1361 3325 ila.)

290 3610 360 3669 Cum
371 3610 472 3665 librum
491 3610 565 3667 bunc
587 3607 705 3679 primum
730 3606 954 3680 investigationis
965 3606 1082 3673 Anti-c
1099 3613 1164 3662 runt
1176 3620 1328 3675 rarescere,
1350 3605 1417 3677 ipsis
1432 3607 1515 3665 etiam
1533 3609 1691 3682 negantibus
1704 3623 1733 3665 ec
1744 3603 1837 3663 solenni

255 3701 351 3758 eluisti
367 3699 527 3766 scriberem,
553 3708 581 3756 et
601 3714 699 3755 recens
712 3697 770 3769 jam
785 3698 908 3754 scitisma
931 3698 967 3753 dc
981 3712 1048 3753 eutr·
1099 3706 1140 3754 ter
1151 3714 1252 3771 negare
1262 3699 1366 3771 paratis
1387 3715 1449 3772 quae
1471 3711 1568 3758 eontra
1597 3703 1730 3773 imperium
1743 3696 1838 3767 attribu

256 3794 379 3849 tentione
396 3800 513 3863 papatus
526 3790 674 3846 Alexandri
693 3799 776 3861 atquc
789 3786 943 3856 Octauiani,
963 3803 1046 3859 quent
1098 3790 1271 3860 conspirasse
1284 3790 1460 3860 dicebantur,
1472 3802 1500 3849 ct
1510 3793 1581 3849 nulli
1594 3794 1738 3850 mortalium
1749 3790 1838 3847 relbsu·

256 3884 394 3941 llictorcm
413 3884 519 3947 dicunt,
546 3880 673 3949 ferveret,
689 3881 805 3954 singulis
822 3881 959 3953 partibus,
973 3879 1047 3950 quud
1097 3896 1146 3953 per
1156 3880 1200 3937 bis
1211 3880 1345 3938 rationem
1356 3883 1480 3949 reddere,
1493 3892 1627 3957 tauquam
1642 3886 1689 3941 soli
1699 3880 1838 3942 cnlodtbta·

256 3975 308 4033 sibi
320 3973 495 4046 commodum
507 3972 661 4038 ridebatur,
673 3972 700 4027 in
713 3972 756 4027 sui
770 3971 892 4031 larorem
906 3986 1049 4029 assumen·
1098 3981 1140 4031 tes
1156 3974 1341 4031 innocentiam
1353 3993 1361 4044 ;
1375 3977 1573 4035 accedentibus
1595 3993 1702 4051 quoque
1718 3977 1742 4033 iu
1754 3988 1838 4033 coner

255 4069 341 4136 tibus,
360 4076 388 4123 et
411 4067 572 4123 alterutrum
595 4064 653 4120 sire
673 4078 723 4135 per
736 4063 891 4135 ueritatem,
915 4063 973 4120 sive
997 4079 1048 4137 per
1097 4082 1159 4125 sum
1174 4068 1316 4125 electionis
1340 4068 1367 4124 in
1392 4068 1582 4127 Alexandrum
1600 4069 1677 4126 lacte
1689 4067 1838 4133 sedibustpt

255 4160 430 4214 occasionem
442 4154 650 4226 derogantibus.
670 4153 796 4226 bamque
819 4162 911 4227 partes
924 4165 1047 4227 utreque
1097 4158 1213 4227 stolicis,
1233 4159 1320 4216 idest
1338 4150 1596 4233 llierosolymitana,
1611 4162 1638 4217 iu
1652 4177 1703 4232 qua
1715 4155 1838 4221 seditior

256 4248 432 4306 mrrltitudine
443 4262 606 4320 magnorum
616 4253 645 4303 et
656 4262 712 4302 non
726 4248 989 4305 contemnendorum
1002 4264 1048 4305 aa·
1096 4249 1510 4322 busapostolus31lutiocbeua
1536 4267 1658 4324 quoque,
1673 4252 1698 4307 in
1719 4265 1766 4322 qua
1776 4245 1838 4318 uiui

256 4341 408 4407 cerdotum,
425 4340 538 4411 insuper
551 4347 578 4394 el
592 4354 685 4412 regem
702 4355 734 4395 ac
747 4339 902 4411 principum
914 4355 943 4397 se
953 4339 1047 4398 lurore
1097 4341 1166 4398 selit
1176 4340 1207 4398 B.
1220 4340 1333 4409 Petrus;
1348 4358 1410 4413 quae
1428 4351 1456 4398 et
1474 4352 1599 4416 utrmque
1624 4342 1744 4401 liu-tesia
1764 4338 1838 4393 litent

255 4432 405 4500 munirent,
421 4429 520 4500 lateor,
544 4431 597 4487 bae
623 4429 810 4488 contentionis
832 4430 932 4487 nebula
950 4422 1045 4491 'totam
1096 4433 1262 4504 apostolicas
1285 4443 1446 4493 meruerunt
1474 4451 1482 4490 s
1505 4447 1609 4493 sauctm
1629 4447 1731 4507 quoquc
1744 4429 1838 4484 libum

255 4534 356 4582 terram
369 4534 488 4597 tegente,
503 4522 659 4597 laclemque
685 4522 814 4580 Ecclesia
833 4532 902 4580 tetra
929 4524 1047 4596 caligine
1095 4522 1225 4582 Ecclesiae
1242 4522 1347 4595 maiore
1361 4540 1394 4582 ac
1422 4525 1528 4597 potiore
1551 4527 1725 4585 cardinalium
1746 4526 1838 4578 amab

254 4613 428 4681 obfuscante,
438 4626 496 4671 uon
515 4616 583 4672 satis
598 4614 666 4670 mibi
680 4614 781 4670 claruit
806 4615 848 4670 rel
867 4615 974 4687 puritas
989 4615 1046 4672 ele·
1095 4617 1183 4675 tribus
1197 4616 1323 4674 uidelicet
1337 4619 1426 4675 solum
1442 4621 1576 4690 exceptis,
1594 4610 1838 4690 instrumentalem

254 4706 354 4762 ttionis
365 4706 560 4763 ecclesiasticae
573 4707 600 4761 in
610 4706 798 4762 Alexandrum
817 4705 907 4775 laetat,
922 4707 964 4762 rel
979 4721 1045 4779 per-
1095 4707 1138 4765 dri
1150 4708 1310 4765 electionem
1322 4711 1559 4769 consentientibus
1578 4732 1587 4768 ε
1602 4728 1683 4784 quem
1693 4700 1837 4765 tituletur

256 4798 333 4853 rieux
346 4800 523 4870 praesumptio
542 4800 629 4871 partis
645 4796 812 4856 bruniana.
835 4796 912 4855 Unde
925 4799 1045 4869 pendulo
1095 4799 1235 4857 minorum
1250 4801 1433 4861 cardinalium
1444 4811 1544 4859 coetum
1561 4820 1613 4860 uos
1627 4803 1763 4859 Romanam
1772 4790 1837 4849 Edi*

255 4903 351 4962 gressu
366 4888 438 4943 iuter
453 4889 514 4946 illas
532 4889 683 4947 divisiones
694 4890 835 4957 incedens,
846 4898 874 4946 et
886 4890 966 4962 quasi
978 4904 1046 4947 oon·
1097 4894 1166 4950 tiam
1181 4893 1359 4966 intelligimus
1374 4913 1381 4951 a
1394 4894 1449 4960 bis,
1464 4895 1589 4966 iuquam,
1599 4892 1746 4955 declaratis,
1755 4888 1799 4963 jin
1809 4878 1837 4935 ⁰¹·

255 4979 405 5038 cionatoris
420 4980 501 5035 modo
525 4981 700 5039 sententiam·
714 4998 876 5053 suspensam
893 4992 1001 5048 terrem,
1015 4982 1044 5039 iu
1060 4971 1083 5031 θ
1096 4993 1137 5045 tra
1154 4987 1296 5047 dubitandi
1310 4987 1388 5047 locus
1400 5002 1454 5044 non
1468 4997 1511 5045 est
1535 4988 1604 5058 quin
1625 4987 1649 5044 is
1661 4999 1709 5058 pru
1720 4992 1777 5055 papa
1790 4969 1837 5040 legi·

255 5079 381 5130 neutram
394 5081 498 5143 partem
514 5070 652 5128 declinare
664 5071 753 5130 lacilis
765 5073 815 5130 lui.
828 5073 899 5131 Cum
914 5075 1045 5148 ignorata·
1095 5079 1163 5137 tium
1176 5079 1319 5148 habeatur,
1335 5095 1418 5151 quem
1431 5089 1458 5137 et
1469 5080 1566 5137 electio
1585 5079 1723 5140 canonica,
1734 5081 1758 5128 0²
1767 5076 1837 5124 ΜΨ

256 5165 329 5221 tibus
339 5163 510 5235 ignorabam,
528 5178 591 5220 cum
610 5163 801 5221 dubitantibus
814 5166 986 5235 dubitabam,
999 5165 1042 5222 la·
1096 5171 1286 5229 cratiueorum
1294 5172 1455 5243 pontillcurn
1468 5171 1496 5231 iu
1508 5171 1600 5229 sedem
1610 5174 1640 5228 lt.
1649 5167 1716 5225 Petri
1722 5153 1835 5236 pmuriill

255 5263 372 5326 ctusque
386 5270 448 5312 sum
463 5253 535 5311 sicut
553 5254 637 5310 bomo
657 5270 712 5311 non
731 5257 856 5323 audiena,
877 5267 904 5313 et
928 5272 983 5313 non
998 5258 1044 5314 ba·
1095 5275 1215 5331 quorum
1234 5259 1343 5331 idiuris
1364 5260 1450 5319 luisse
1464 5248 1585 5333 antiquas
1599 5261 1722 5317 Romana
1742 5243 1835 5308 W

255 5346 324 5403 bens
337 5345 364 5402 in
379 5360 427 5403 ore
445 5361 497 5402 suo
518 5338 742 5419 redargutiones,
768 5355 796 5405 et
814 5349 893 5420 qrrnsi
917 5350 1045 5406 nesciens
1094 5351 1174 5424 jrrxta
1187 5367 1290 5408 morem
1304 5352 1402 5424 probat
1415 5352 1560 5411 institutio.
1574 5351 1674 5408 litbaec
1689 5345 1788 5404 dicimur
1800 5346 1834 5388 n·

255 5438 406 5509 reprobare
421 5438 523 5493 malum
535 5448 563 5493 et
576 5439 677 5510 eligere
691 5440 805 5496 bonum.
1096 5453 1162 5503 strae
1173 5444 1352 5502 dubitationis
1366 5447 1495 5518 ambages
1504 5456 1650 5503 excusatas
1657 5455 1713 5499 ease
1720 5433 1831 5506 mulcti*

291 5529 326 5582 lit
339 5542 423 5596 nuuc,
447 5536 594 5600 postquam
609 5528 815 5587 mendaciorum
829 5530 936 5587 nebula
950 5539 1046 5587 eontra
1097 5534 1166 5591 Nam
1180 5536 1242 5593 duis
1257 5537 1386 5609 loquendi
1402 5536 1554 5595 audiendus
1567 5546 1620 5605 est,
1637 5550 1689 5591 non
1700 5525 1832 5589 modim

255 5619 418 5674 eaxtouicam
448 5620 612 5678 electionem
635 5622 784 5681 Alexandri
808 5624 933 5681 eotrllctae
955 5636 1046 5695 eoepe-
1097 5624 1137 5681 ris
1148 5627 1418 5695 percunctationibus
1430 5626 1627 5687 irrbnreudum.
