3892 6067
117 257 189 312 {153
546 253 610 310 titt.
632 253 676 309 DE
695 255 825 323 ctottts
844 256 889 312 ET
909 255 1051 315 llbuottu
1071 259 1149 314 stult
1168 261 1323 328 ,uovttnts
1679 275 1750 331 tttt

114 370 227 441 berelliis
252 368 405 425 insinuarit
425 380 523 427 contra
537 370 706 444 Eutyebeteo
724 373 849 430 scribens
864 374 908 430 in·
922 382 946 440 Α
959 376 1043 446 panis
1068 376 1115 446 oui
1143 377 1177 433 de
1203 379 1274 436 coelo
1290 381 1441 450 descendit,
1460 381 1551 439 llerbo
1563 383 1637 455 quod
1661 395 1703 441 est
1724 399 1752 444 et

113 461 285 519 troclea-endo
298 462 506 519 similitudinem
520 477 631 521 eoronae
650 464 684 522 dc
696 479 766 521 auro
785 474 813 521 et
832 481 907 536 gem·
958 467 1032 536 quod
1043 476 1102 522 erat
1113 468 1321 528 immutabiliter
1332 483 1520 543 permanente,
1539 476 1632 532 anima
1645 492 1711 533 vero
1724 487 1753 535 et

111 554 167 609 mis
180 553 350 622 compositae,
362 552 389 607 in
405 568 458 624 qua
474 554 597 612 unitione
612 555 671 612 auri
694 564 722 611 et
735 571 906 629 gemmarum
956 571 1040 612 carue
1053 557 1174 614 bumana
1188 559 1229 615 sic
1248 569 1364 629 ιιιιιιιιι,
1378 572 1407 618 ιιι
1421 563 1484 619 lieet
1496 577 1673 635 permanente
1688 566 1750 622 illa·

110 651 212 700 natura
222 650 366 714 permanet
377 660 385 697 :
395 642 467 699 sieut
477 652 505 699 et
518 643 546 699 in
560 645 665 700 annulo
676 655 824 716 gemmato,
842 663 905 703 cum
956 664 1018 704 runa
1032 651 1152 705 essentia
1171 659 1199 707 et
1217 654 1357 709 essentiali
1373 655 1536 723 differentia,
1551 672 1607 727 qua
1628 659 1750 715 differta

110 740 148 795 sit
163 747 325 799 naturarum
337 739 507 797 diversarum
525 742 650 813 quaedam
664 743 762 809 unitio,
774 744 850 799 nulla
864 745 906 799 in·
956 739 1087 796 Creatore
1099 750 1235 809 ereatura,
1249 744 1286 799 sit
1299 752 1390 800 tamen
1404 746 1445 802 eis
1455 746 1548 802 divina
1560 750 1691 817 poteritia,
1704 764 1750 804 sa·

109 828 222 886 venitur
232 830 390 886 earumdem
403 839 565 888 naturarum
579 831 622 888 vel
635 833 762 890 conlusio
772 834 815 890 vel
826 849 905 891 com·
954 831 1069 903 pientia,
1087 834 1176 888 virtus
1186 843 1214 889 ct
1228 835 1315 906 gioria
1336 836 1364 891 in
1385 851 1440 893 una
1467 836 1597 893 trinitatis
1619 855 1748 909 persona,

109 921 225 988 mistio,
254 921 303 977 setl
326 937 377 977 nee
403 923 465 979 talis
491 922 645 991 divisimus
665 925 708 981 vei
727 941 826 984 aurum
844 927 904 984 siue
953 938 1016 995 (111ae
1034 923 1107 990 Delta
1133 933 1161 980 ei
1185 926 1279 994 bomo,
1302 927 1375 983 lilius
1395 927 1483 984 Deiet
1501 929 1750 996 tromiuis,ntrum·

106 1013 394 1084 gemrnavelgemma
420 1012 480 1069 sine
508 1028 576 1071 auro
594 1014 650 1071 dici
673 1015 761 1071 valeat
784 1017 904 1075 annulus
953 1029 1008 1086 que
1037 1015 1142 1073 babens
1162 1032 1211 1089 per
1227 1019 1398 1075 nativitatem
1418 1020 1510 1089 potius
1533 1036 1616 1092 quam
1632 1037 1682 1093 per
1695 1023 1746 1079 lra-

108 1113 276 1175 gcmmatus.
293 1103 331 1159 lta
348 1115 375 1161 et
393 1105 541 1161 innovator
557 1115 661 1162 nature
674 1106 747 1164 Deus
764 1108 848 1163 bomo
860 1109 903 1165 la·
953 1108 1052 1163 bitum.

108 1203 172 1251 etus
189 1204 243 1263 est,
265 1194 293 1250 id
319 1194 394 1266 quod
420 1193 472 1250 luit
496 1198 694 1265 permanendo,
708 1207 736 1254 ct
758 1198 833 1269 quod
846 1215 902 1256 noo
989 1197 1034 1253 lV.
1055 1196 1107 1265 Qui
1118 1200 1192 1255 enim
1206 1199 1334 1257 babendo
1347 1202 1375 1256 in
1391 1216 1421 1258 se
1444 1200 1530 1259 Deum
1542 1212 1655 1274 propter
1669 1205 1748 1261 babi-

108 1288 425 1370 eratassumeodo,non
446 1289 666 1347 commistionem
692 1307 792 1361 passus
813 1308 902 1362 usqne
953 1296 1011 1343 tum
1027 1288 1177 1345 huncdicti
1193 1290 1309 1346 suntilii
1325 1306 1373 1347 seu
1386 1290 1511 1360 srliiliei3
1539 1293 1612 1349 sicut
1639 1292 1747 1366 lloyses

107 1380 282 1437 divisionem.
293 1378 522 1436 commistionem
536 1397 584 1438 scu
606 1381 798 1439 contusionem
809 1384 901 1440 docuit
951 1378 1042 1436 dictus
1059 1389 1101 1435 est
1128 1379 1201 1436 [teus
1224 1378 1386 1448 Pharaonis,
1405 1390 1433 1438 ct
1451 1382 1479 1437 hi
1497 1384 1530 1440 ιιι
1556 1398 1627 1453 quos
1658 1382 1747 1441 iaetus

107 1472 246 1543 Eutyches
262 1472 415 1540 baereticus,
433 1473 598 1530 divisionem
620 1490 687 1531 vero
712 1476 833 1531 asseruit
845 1474 900 1532 Ne·
951 1479 994 1528 est
1007 1486 1099 1528 sermo
1118 1469 1165 1528 bei
1184 1472 1250 1529 dicti
1277 1482 1342 1528 sunt
1364 1473 1402 1528 dii
1422 1483 1450 1529 et
1473 1474 1522 1529 lilii
1547 1472 1654 1531 Encetsi
1669 1491 1677 1528 a
1690 1489 1745 1530 non

107 1565 223 1619 storius.
238 1563 271 1618 Et
285 1574 400 1636 uterque
414 1580 431 1620 a
446 1574 542 1621 sancta
552 1565 674 1623 Ecclesia
685 1567 846 1636 repudiatus
857 1577 900 1624 ost
951 1573 1031 1619 eraut
1045 1564 1094 1619 listi
1113 1562 1160 1620 liei
1180 1564 1237 1619 sive
1256 1564 1296 1636 dii
1310 1565 1482 1634 naturaliter,
1503 1565 1568 1636 quia
1587 1580 1640 1621 non
1664 1581 1745 1622 acce-

108 1671 157 1725 per
170 1670 231 1710 eam
248 1655 329 1712 sudem
344 1672 400 1727 qvta
412 1657 542 1724 creditur,
562 1655 690 1713 Christus
706 1672 741 1714 ex
753 1658 860 1715 durabus
872 1669 901 1715 et
950 1664 1047 1724 perant
1063 1654 1202 1709 nascendo
1212 1663 1241 1710 ut
1253 1663 1347 1710 essent
1361 1656 1433 1725 quoti
1446 1655 1617 1724 dicebantur,
1629 1657 1743 1727 sedjarn

106 1746 136 1799 iu
149 1745 256 1802 duabus
280 1746 388 1802 naturis
407 1746 547 1812 existens,
570 1744 708 1817 perlectus
735 1744 818 1814 Deus,
835 1762 898 1818 per·
913 1729 937 1790 Β
950 1750 1023 1806 natis
1037 1758 1064 1805 et
1086 1748 1213 1806 formatis
1228 1749 1334 1805 indulta
1351 1759 1394 1805 est
1414 1749 1584 1820 aliquantula
1598 1748 1730 1819 participa

98 1838 196 1896 tectus
217 1837 316 1906 bomo;
333 1853 404 1894 unus
424 1837 537 1894 omnino
556 1851 613 1893 non
641 1835 805 1912 confusione
830 1839 897 1896 sub·
948 1844 988 1901 tio
1007 1844 1161 1902 sanctitatis
1172 1842 1256 1911 illius,
1271 1857 1328 1914 qua
1343 1839 1425 1897 Pater
1451 1841 1528 1896 illum
1551 1843 1742 1910 sanctificavit,

103 1929 214 1985 stantiae
225 1929 272 1985 sed
285 1929 389 1984 unitate
402 1944 536 2000 personu-
948 1947 976 1993 ct
989 1938 1066 1993 misit
1080 1937 1107 1992 io
1121 1935 1267 2004 mundum,
1293 1950 1376 2006 quent
1396 1941 1506 1991 constat
1528 1950 1590 1991 esse
1611 1935 1742 1993 Sanctum

106 2079 112 2084 ,
140 2019 184 2075 tll.
200 2020 265 2077 ltern
279 2020 313 2077 tle
328 2021 424 2078 habitu
440 2021 564 2078 interiori
579 2021 651 2079 sieut
664 2030 706 2078 est
717 2020 827 2078 babitus
838 2023 898 2078 ani·

102 2112 143 2176 rui
168 2114 332 2184 sapientiam
353 2113 491 2181 babeatis,
514 2113 574 2185 ipsa
600 2113 734 2185 sapientia
759 2114 896 2170 intellectu

101 2213 230 2276 percepta
245 2213 272 2260 et
282 2222 334 2262 usu
349 2206 470 2272 firmata,
484 2221 583 2278 magna
594 2205 733 2262 invenitur
746 2206 896 2263 similitudo

101 2299 131 2352 in
145 2297 257 2354 bomine
269 2297 326 2356 Deo
339 2317 346 2355 ε
365 2299 445 2370 cujus
460 2300 615 2356 intellectus
638 2297 777 2356 humanus
787 2310 896 2357 acernae

100 2390 245 2461 sapientiae
257 2393 430 2464 perceptione
452 2393 618 2452 informatus
632 2403 661 2452 et
684 2413 737 2454 usu
757 2397 894 2464 firmatus,

101 2482 278 2553 noumpitin
294 2483 387 2555 aliquo
401 2485 504 2550 minus,
531 2501 615 2558 quam
641 2486 700 2557 ipsa
722 2495 824 2542 aeterna
849 2501 895 2542 sa·

99 2576 215 2646 pientia,
232 2593 286 2648 qua
302 2587 344 2635 est
359 2578 525 2635 informatus
535 2588 563 2635 et
574 2582 709 2635 llrmatus.
724 2578 793 2646 Quia
803 2578 893 2634 omnis

100 2669 185 2724 bomo
197 2670 308 2740 sapiens
324 2678 430 2725 larrium
446 2671 529 2740 sapit,
543 2683 673 2741 quautam
690 2671 772 2725 babet
787 2672 895 2740 sapien·

99 2759 183 2824 tianr;
205 2761 229 2817 si
244 2776 356 2831 parvam
380 2775 489 2830 param,
512 2760 536 2814 si
559 2760 673 2815 multam
700 2760 827 2827 multum,
848 2776 893 2816 se·

97 2851 219 2914 cundum
236 2868 294 2908 stne
308 2852 448 2922 sapientie
477 2850 601 2907 habitum
625 2852 815 2907 intrinsecum.
832 2850 892 2908 Nou

97 2944 157 3012 ipsa
174 2941 413 3011 tamensapientia
435 2941 496 3012 eius
520 2948 642 2996 mutatur
667 2940 695 2995 iu
724 2941 813 3009 illum,
842 2943 891 2999 sed

948 2033 1120 2088 sanctorum.
1137 2029 1175 2084 De
1189 2043 1246 2100 quo
1258 2039 1286 2083 et
1301 2026 1416 2098 angelus
1430 2025 1466 2082 ad
1485 2026 1597 2082 liariarn
1609 2029 1680 2100 qnod
1693 2048 1739 2085 tto·

946 2135 1045 2193 aretur,
1059 2120 1201 2193 inquines
1223 2129 1402 2188 teruncium,
1427 2120 1564 2174 vocabitur
1579 2119 1668 2176 Filias
1693 2120 1743 2176 Dei

948 2214 1026 2286 (Leo.
1040 2230 1060 2282 r,
1076 2213 1134 2283 55).
1150 2209 1210 2268 Non
1223 2211 1379 2283 dicitquod
1394 2219 1524 2266 nascetur
1541 2225 1574 2266 ex
1590 2220 1616 2267 te
1630 2221 1743 2268 sauctus

947 2308 1091 2365 vocabitur
1102 2305 1190 2361 Filius
1201 2302 1261 2370 Dei,
1278 2319 1314 2361 ne
1333 2301 1469 2360 adsolitis
1491 2300 1573 2359 Verbi
1594 2318 1741 2375 personam

946 2407 1027 2468 putes
1042 2395 1178 2467 pertinere
1198 2394 1272 2467 quoti
1285 2392 1484 2450 tiieiturl'ilius
1506 2392 1551 2451 bei
1570 2413 1578 2450 ι
1602 2395 1649 2452 sed
1667 2394 1741 2469 quod

947 2484 1097 2557 nascetur,
1113 2488 1213 2559 iuquit,
1225 2504 1260 2545 ex
1277 2497 1303 2544 tc
1318 2496 1464 2557 sauctum;
1491 2489 1617 2545 videlicet
1640 2505 1741 2561 corpus

946 2584 1038 2638 anima
1053 2583 1182 2638 rationali
1197 2583 1361 2648 animatum,
1375 2581 1467 2638 Verbo
1485 2581 1535 2637 Dei
1558 2582 1677 2650 unitum,
1691 2598 1742 2637 vo·

946 2674 1054 2730 cabitur
1064 2672 1151 2731 Filius
1162 2671 1221 2741 bet,
1237 2689 1293 2730 non
1307 2672 1387 2744 quasi
1410 2671 1497 2728 Deum
1517 2672 1544 2727 in
1556 2687 1587 2728 se
1601 2672 1738 2739 babendo,

946 2774 978 2821 ut
988 2765 1084 2820 docuit
1098 2752 1244 2832 Photinus,
1260 2772 1288 2819 et
1309 2763 1413 2821 Paulus
1431 2763 1629 2819 Samosatenus
1656 2771 1740 2836 atque

945 2853 1090 2911 Nestorius
1106 2854 1306 2922 heresiarche,
1323 2855 1370 2911 scd
1382 2870 1445 2911 vere
1458 2854 1633 2921 verusbeus,
1650 2863 1678 2910 et
1691 2854 1738 2909 bei

945 2945 1034 3001 Filius
1047 2947 1146 3001 unicus
1164 2947 1318 3002 existendo.
1335 2944 1411 3001 Unde
1424 2945 1595 3016 Augustinus
1610 2942 1648 3000 lie
1664 2944 1739 3001 bono

95 3044 185 3090 mutat
197 3034 283 3100 illum,
297 3033 400 3092 iacietis
410 3036 444 3092 tle
455 3035 539 3104 stulto
553 3038 714 3107 sapientem.
732 3035 778 3092 Sic
790 3046 891 3094 aeterna
905 3080 926 3138 C
944 3034 1154 3107 perseverantie
1165 3033 1206 3090 ait
1219 3053 1226 3090 :
1245 3054 1255 3087 a
1270 3034 1319 3107 qui
1332 3034 1420 3091 fidelis
1433 3042 1485 3103 cst,
1496 3035 1525 3089 iu
1536 3049 1570 3090 eo
1582 3050 1676 3090 veram
1688 3048 1737 3088 na·

95 3124 145 3182 liei
163 3127 299 3201 sapientia
309 3128 417 3185 lrnvuiui
435 3129 523 3198 unita,
544 3138 573 3184 ct
599 3129 627 3184 in
651 3128 775 3185 habitum
790 3130 891 3199 sempi·
943 3144 1033 3187 turam
1055 3128 1205 3184 humanam
1224 3128 1312 3186 eredit
1334 3128 1502 3199 suscipiente
1523 3126 1580 3183 Deo
1594 3125 1681 3183 Verbo
1699 3126 1737 3182 ita

94 3232 205 3282 ternum
221 3221 260 3276 iili
272 3222 346 3288 data,
360 3230 471 3300 nonest
484 3222 513 3278 in
526 3221 701 3288 illomutata,
715 3236 778 3276 enin
794 3221 830 3277 sit
839 3220 891 3275 im·
942 3221 1130 3289 sublimatam,
1152 3219 1243 3290 utqui
1256 3220 1378 3291 suscepit
1391 3230 1418 3275 et
1435 3218 1510 3290 quod
1532 3219 1665 3290 suscepit,
1679 3234 1736 3273 una

95 3314 238 3370 iaculabilis
251 3302 280 3370 et
294 3315 397 3372 nullius
411 3315 575 3371 mutationis
597 3330 694 3386 capax.
710 3312 805 3386 Neque
817 3314 891 3370 enim
941 3322 1014 3367 esset
1025 3312 1053 3366 in
1067 3310 1202 3367 Trinitate
1213 3326 1342 3382 persona,
1358 3311 1548 3381 assumptione
1571 3308 1617 3364 illa
1639 3308 1736 3364 ineffa-

93 3417 122 3464 et
136 3406 194 3461 ullo
208 3406 291 3462 motio
302 3407 487 3478 susceptibilis
499 3407 696 3475 accidentium,
709 3423 757 3478 per
766 3422 828 3478 quaa
843 3421 890 3462 so·
941 3403 1032 3461 biliter
1047 3404 1164 3461 iaciente
1177 3419 1302 3474 personae
1314 3403 1397 3459 unius
1409 3402 1437 3457 in
1453 3401 1510 3458 beo
1524 3410 1553 3458 ct
1565 3400 1678 3456 homine
1690 3417 1736 3456 vve-

93 3498 239 3555 lummotlo
252 3498 282 3553 lit
306 3498 422 3554 mutatio
450 3514 544 3555 rerum
565 3499 767 3570 subjacentium
780 3497 887 3555 formis.
941 3496 1158 3554 ritatemnltlem
1172 3496 1200 3552 iu
1212 3493 1372 3564 Euchiritlio
1388 3514 1395 3551 :
1411 3492 1558 3550 ‹clrrtstus
1572 3491 1653 3550 iesus
1663 3490 1737 3549 Deus

93 3590 226 3662 lmoipsa
246 3599 289 3649 est
319 3600 421 3647 aeterna
449 3590 537 3647 lorma
560 3607 658 3647 careus
687 3591 813 3660 materia,
828 3607 890 3662 qua
940 3590 1043 3646 debeo
1057 3598 1110 3657 est,
1126 3591 1210 3644 homo
1230 3596 1322 3644 autem
1339 3595 1421 3643 natus
1447 3585 1481 3641 de
1507 3573 1611 3657 Spiritu
1637 3592 1735 3641 sancto

92 3698 259 3755 permanens
270 3683 450 3741 immutabilis
465 3691 553 3740 mutat
567 3683 807 3754 homiuem,juata
823 3683 889 3739 illutl
939 3700 976 3740 ex
988 3682 1096 3753 virgine
1115 3678 1213 3745 maiia,
1226 3689 1346 3752 utraque
1373 3678 1538 3744 substantia,
1554 3677 1647 3733 divina
1660 3677 1736 3733 seili-

92 3775 226 3846 sapientis
248 3775 353 3832 dictum
378 3794 386 3832 ι
408 3773 571 3848 Stabilisque
593 3790 700 3831 moneas
719 3775 770 3830 tiae
794 3784 888 3829 cuneta
939 3785 983 3832 eet
995 3784 1022 3831 et
1037 3775 1170 3846 bumana,
1185 3771 1272 3829 Filius
1290 3780 1335 3830 εει
1356 3771 1455 3827 unicus
1475 3769 1523 3826 bei
1543 3770 1630 3842 patris
1646 3770 1734 3827 omni-

92 3868 192 3923 moaeri
202 3866 279 3939 (Sap.
293 3884 343 3937 vu,
358 3868 415 3940 23).
428 3867 599 3924 Felicissime
615 3875 708 3924 autem
730 3867 815 3926 coelos
825 3867 888 3923 illos
938 3866 1068 3939 potentis.
1085 3866 1187 3922 videm
1202 3864 1231 3920 iu
1244 3864 1316 3920 libro
1328 3862 1366 3918 De
1372 3863 1612 3934 praedestinatione
1620 3875 1733 3919 saneto·

92 3958 161 4014 iacit
184 3958 299 4027 moveri,
324 3959 359 4014 cle
385 3959 487 4031 quibus
510 3957 630 4015 dicitur:
650 3958 738 4029 Opem
760 3972 888 4011 munuum
940 3975 1019 4015 rum:
1041 3957 1115 4021 ville
1127 3958 1211 4013 bomo
1223 3965 1277 4013 uta
1289 3954 1381 4012 Verbo
1396 3954 1471 4011 Patri
1486 3967 1617 4012 coaeterua
1630 3955 1657 4011 in
1668 3955 1733 4014 uni·

92 4062 201 4126 tantam
212 4062 273 4108 aartt
292 4051 361 4108 coeii.
373 4050 431 4123 lpai
444 4050 575 4123 peribant,
591 4062 619 4106 ιιι
634 4062 723 4106 aretem
738 4069 886 4124 permanes,
940 4060 995 4106 tate
1010 4064 1135 4122 personae
1146 4057 1304 4118 assumptus
1317 4045 1404 4101 Filius
1418 4045 1464 4102 Dei
1480 4046 1636 4117 unigenitus
1647 4054 1732 4112 esse,

89 4153 118 4199 et
141 4160 229 4199 omnes
253 4154 283 4198 ιιι
302 4144 485 4199 uestimentum
496 4151 666 4212 veterascent,
688 4153 713 4199 et
733 4144 804 4200 ceint
818 4147 888 4201 anri·
939 4143 1011 4199 utrtle
1033 4142 1088 4198 boe
1113 4140 1285 4196 mereretur?
1304 4140 1376 4210 qnod
1405 4138 1507 4193 bouum
1536 4138 1596 4208 ejus
1616 4151 1732 4208 praees·

91 4237 634 4293 ctnntmvtobiseoaetvuutubuutnrttu
649 4238 889 4309 antemidem‘ipae
938 4233 984 4302 sit,
1012 4241 1042 4288 ιιι
1067 4231 1102 4287 ad
1132 4230 1203 4285 banc
1230 4227 1393 4283 ineffabilem
1417 4227 1607 4282 excellentiam
1634 4240 1733 4296 pesve

90 4347 129 4397 ea,
144 4338 169 4384 et
181 4329 245 4384 nvtvti
259 4331 298 4384 tui
309 4346 363 4385 non
384 4330 508 4401 deficient
524 4330 613 4403 (Paci.
635 4346 672 4399 et,
692 4329 750 4402 et).
777 4327 887 4402 Siguiti-
937 4323 1027 4381 nireti
1062 4322 1179 4378 iaciente
1208 4334 1241 4375 ac
1270 4318 1437 4390 suscipiente
1470 4315 1526 4372 beo
1552 4315 1640 4371 Verbo
1672 4315 1731 4387 ipse

90 4430 190 4478 cautor
203 4423 304 4495 quippe
319 4424 431 4481 nomiae
445 4424 578 4481 ctelovum
604 4422 704 4490 sancti,
717 4431 744 4478 ct
758 4422 884 4479 homines
901 4418 1022 4496 pbomo
1040 4431 1073 4473 ex
1089 4430 1146 4488 quo
1170 4427 1231 4470 esse
1254 4412 1338 4484 coepit
1359 4410 1447 4467 Filius
1469 4409 1517 4465 bei
1548 4407 1647 4464 uuicos
1668 4423 1731 4463 esse

89 4525 118 4576 et
135 4515 285 4588 angeliqui
299 4517 490 4575 suntamictus
512 4516 579 4581 licia
595 4518 660 4588 quia
686 4517 730 4574 his
753 4527 883 4590 tauquam
935 4511 1059 4582 coepit.»

89 4609 255 4666 vestimento
276 4625 328 4667 suo
341 4608 389 4666 bet
405 4609 539 4681 sapientia
554 4609 883 4666 ornatur.1ielrisetiam
971 4601 1004 4658 V.
1025 4601 1089 4658 ilaee
1106 4599 1225 4659 dicendo
1240 4607 1352 4656 sauctus
1367 4595 1538 4670 burgastinus
1557 4590 1679 4648 hominis
1699 4591 1728 4645 in

90 4709 199 4758 constan
218 4703 312 4759 tunica
336 4703 382 4758 ilia
407 4701 591 4766 inconsutilis,
607 4700 726 4772 desuper
755 4709 882 4755 contestu
934 4695 1021 4751 Deum
1047 4693 1097 4751 Dei
1120 4692 1221 4749 Filium
1235 4693 1375 4765 signanter
1396 4687 1526 4760 exprimit
1547 4682 1727 4750 nativitatem,
1783 4683 1789 4690 '

88 4803 252 4867 pertotum;
277 4805 373 4853 sancta
398 4795 525 4852 videlicet
544 4792 668 4852 Ecclesia
685 4803 825 4865 unguento
836 4793 882 4848 illo
933 4800 995 4858 quae
1010 4785 1069 4841 sola
1085 4783 1226 4839 homiuem
1253 4791 1426 4852 assumptum
1443 4776 1491 4834 Dei
1510 4776 1575 4834 fecii
1601 4774 1727 4841 11111011ῐῦ,

88 4888 199 4961 perlusa
211 4905 220 4957 ;
231 4890 309 4962 quob
321 4887 499 4946 reserantia
511 4886 625 4944 barbam
642 4883 755 4940 barbam
771 4883 873 4952 Aaron,

89 4984 164 5054 quod
172 4983 315 5040 &secedit
329 4982 358 5037 iu
368 4997 446 5038 oram
454 4978 610 5055 vestimenti
624 4976 695 5047 ojus.
706 4973 786 5048 Uiruo
799 4977 880 5031 etiam

88 5077 112 5132 si
127 5076 162 5131 rie
180 5076 307 5133 interiori
320 5076 416 5134 babitu
430 5074 531 5131 meotis
551 5071 587 5129 ati
609 5068 773 5128 exteriorem
788 5071 881 5126 consi·

89 5170 242 5227 tlerautlvnn
261 5186 314 5228 nos
328 5178 480 5239 ιιιιιιιιιιε,
491 5168 570 5240 juxta
581 5179 663 5237 quom
676 5163 704 5219 in
717 5178 832 5235 corpore
842 5163 882 5218 di-

90 5265 181 5320 cimus
195 5262 280 5319 alium
294 5264 352 5320 alio
363 5262 535 5330 rabdrorem,
553 5259 597 5316 vel
611 5257 698 5315 alium
712 5256 767 5311 alio
780 5255 879 5311 melius

88 5356 231 5423 vestitum,
255 5356 417 5425 calceatum,
441 5365 598 5416 armatum
625 5347 760 5421 sapientia
777 5355 878 5402 aterna

87 5467 150 5523 quae
168 5450 223 5507 sibi
232 5447 321 5505 univit
334 5465 387 5505 noo
402 5449 491 5506 solum
505 5446 633 5519 spiritum
656 5440 705 5499 seri
727 5446 755 5496 et
779 5452 879 5507 corpus

89 5546 254 5610 lrumanum,
268 5542 348 5614 louge
362 5543 391 5596 itt
407 5541 544 5596 inlinitum
562 5537 668 5595 beatius
681 5533 769 5591 beatis
793 5544 878 5602 aupe-

3 5651 7 5658 ·
88 5638 123 5692 lis
143 5644 170 5691 et
189 5633 357 5702 bominibus,
373 5631 488 5688 mumvit
512 5629 650 5685 homiuem
674 5625 727 5682 sibi
749 5623 877 5679 unitum:

87 5728 124 5784 ito
136 5738 165 5785 ut
175 5729 228 5786 tria
238 5737 308 5800 sata,
324 5712 453 5784 Verbum.
469 5739 533 5800 caro
560 5733 587 5779 et
612 5723 713 5798 altimo,
727 5718 780 5776 siut
795 5731 889 5803 'onus'

933 4888 964 4935 ιιι
979 4878 1121 4948 sicutipse
1138 4875 1186 4943 ait,
1209 4873 1281 4929 sicut
1304 4875 1402 4928 unicus
1416 4871 1443 4926 in
1460 4879 1577 4941 ultraque
1598 4867 1727 4924 substan-

933 4971 983 5039 tia,
997 4971 1089 5026 divium
1103 4967 1208 5025 scilicet
1218 4974 1245 5021 et
1259 4965 1392 5022 bumana.
1411 4961 1489 5031 Quod
1502 4963 1528 5018 ei
1550 4977 1604 5018 non
1619 4959 1726 5031 potuis·

932 5071 973 5119 set
987 5058 1112 5118 conferre
1124 5057 1277 5128 assumptio
1300 5057 1359 5113 sola
1377 5056 1533 5113 extrinseco
1556 5051 1662 5108 habitui
1681 5065 1726 5104 as·

932 5153 1062 5222 similata,
1077 5165 1133 5207 non
1149 5149 1221 5205 ialso
1249 5149 1398 5218 intellectu,
1417 5147 1465 5205 sevi
1481 5159 1557 5210 vero,
1573 5158 1624 5200 nec
1634 5152 1724 5197 tannen

930 5247 1031 5303 divinae
1053 5241 1174 5300 bominis
1198 5241 1334 5297 nativitati
1344 5241 1495 5298 contrario.
1525 5235 1594 5305 Quia
1618 5235 1659 5292 sic
1683 5241 1726 5288 est

932 5340 1015 5397 bomo
1030 5341 1057 5394 iu
1069 5336 1156 5393 beon
1172 5343 1343 5405 assumptus,
1357 5342 1388 5388 ut
1413 5334 1449 5387 sit
1475 5332 1558 5387 etiam
1585 5329 1613 5384 in
1638 5326 1724 5382 Deum

930 5441 1012 5488 natus
1031 5449 1039 5488 :
1055 5439 1083 5487 et
1095 5429 1135 5485 sic
1146 5436 1189 5485 est
1212 5443 1228 5483 a
1253 5424 1310 5481 beo
1334 5431 1497 5492 creatus,ut
1522 5423 1560 5478 sit
1590 5420 1672 5476 etiam
1694 5418 1724 5475 in

930 5522 1016 5579 Deum
1032 5530 1114 5578 natus
1130 5539 1137 5577 ε
1155 5535 1187 5576 er
1205 5517 1291 5574 altero
1303 5517 1397 5573 dicens
1412 5533 1419 5570 ε
1432 5513 1551 5569 Ascendo
1567 5512 1602 5566 od
1614 5510 1722 5566 Patrem

929 5632 1016 5671 meant
1026 5632 1035 5680 ,·
1047 5631 1080 5670 er
1095 5613 1181 5670 altero
1195 5611 1298 5669 addens
1312 5632 1319 5670 :
1334 5611 1367 5666 Et
1382 5609 1417 5666 ati
1430 5608 1515 5665 Deam
1529 5623 1613 5662 nterim
1630 5605 1722 5681 (tunm

930 5725 975 5781 ιι,
990 5708 1045 5779 li).
