3892 6067
131 5 199 63 tmt
608 1 770 61 litstotttt
790 2 948 63 ttzettttc
1032 1 1062 59 S.
1082 32 1116 45 -—
1137 1 1202 60 tttt.
1222 2 1267 61 li.
1330 82 1332 85 Α
1688 7 1757 63 taes

131 118 198 173 tidie
208 114 366 173 catervatim
377 113 611 187 adjusjurandum
622 126 649 173 et
659 116 830 175 diditionem.
844 115 918 172 Corr-
933 118 957 177 Α
971 111 1077 169 btrtnae
1087 103 1293 171 humanationis
1308 129 1380 172 anno
1395 111 1541 186 quinquies
1556 117 1700 176 ttndceinrc
1716 129 1757 174 at·

130 211 222 266 stituit
235 218 328 265 autem
352 208 439 264 abbas
452 222 487 264 er
503 209 570 281 ipsis
582 220 744 281 questores,
762 211 810 282 qui
827 211 919 282 erige·
968 220 1023 276 que
1036 204 1120 264 vicies
1131 206 1358 278 quinquagesimo
1375 211 1482 278 quintu,
1497 210 1672 279 pontificatus
1691 226 1758 268 vero

129 311 192 358 rent
215 315 232 356 a
257 299 373 372 singulis
389 299 544 371 impositam
557 303 714 373 pecuniam,
732 302 779 358 tali
796 302 920 358 modera-
969 297 1113 368 apostolici
1138 298 1254 366 Nicolai,
1278 300 1326 369 qui
1351 310 1524 371 nuncupatus
1546 310 1590 357 est
1607 300 1756 369 Adrianus,

129 393 215 458 mine,
228 400 259 447 ut
272 391 431 462 appretiatis
453 407 501 462 per
518 393 711 464 obligationem
730 391 917 465 jurisjurandi
969 402 1044 446 anno
1068 404 1099 458 rr,
1124 397 1257 460 regnante
1274 398 1302 445 et
1320 398 1416 460 agente
1439 389 1487 460 pio
1509 404 1573 460 rege
1588 389 1756 446 Francorum

130 482 302 553 singulorum
315 483 548 553 possessionibus,
568 485 743 556 redactisque
757 485 785 541 ῑῃ
809 499 918 542 summa
969 476 1109 536 laudatico
1120 477 1245 548 iuniore,
1260 479 1324 535 data
1335 487 1378 536 est
1390 481 1499 550 requies
1514 479 1692 537 vizeliacensi
1706 481 1758 537 Ec·

130 572 361 642 pensitationibus
371 573 406 629 de
417 573 487 630 libra
505 573 707 644 persolveretur
720 590 785 646 pars
799 575 918 642 decima,
969 568 1059 626 clesiae
1070 585 1118 642 per
1132 585 1245 626 manum
1257 569 1349 641 inclyti
1363 581 1391 626 et
1402 570 1547 628 clarissimi
1563 571 1670 629 abbatis
1683 572 1757 629 Pon·

131 659 183 719 boc
196 672 239 720 εει
253 665 310 721 dtto
320 665 399 722 solidi
414 665 593 722 redderentur
607 666 641 722 de
656 666 751 739 viginti
763 684 771 734 ;
793 681 845 723 nec
867 665 919 722 fnit
970 660 1011 727 tii,
1030 676 1129 732 genere
1143 671 1172 718 et
1192 662 1317 718 moribus
1330 676 1363 718 ac
1377 662 1510 734 dignitate
1523 663 1756 733 praestantissimi,

130 752 158 807 iu
170 754 213 810 bis
227 756 356 812 omnibus
369 756 418 828 qui
431 757 582 824 resisteret,
597 758 641 814 vel
660 759 779 830 aperiret
800 773 833 815 os
852 773 920 838 com
968 764 997 813 et
1013 757 1131 815 obtinuit
1150 757 1266 815 ecclesia
1278 757 1480 829 integerrimam
1493 765 1575 828 atque
1589 759 1758 815 liberrimam

133 847 302 915 tradicendo,
316 849 447 921 quoniam
468 849 590 906 ablatum
610 859 653 906 est
672 864 760 907 cornu
783 849 919 922 superbiae
969 848 1124 906 libertatem
1143 864 1233 918 suam,
1259 858 1314 906 tam
1335 850 1363 905 in
1377 849 1484 920 privato
1503 864 1586 921 quarn
1607 850 1635 905 in
1654 848 1758 908 forensi

131 938 252 1006 illorum,
266 948 295 995 et
308 939 426 997 coutrita
437 948 481 997 est
495 941 571 1013 virga
589 940 758 999 fortitudinis
768 957 875 1010 eorum,
891 951 919 999 et
969 940 1090 1012 negotio.
1105 939 1175 997 liam
1191 943 1220 997 in
1234 941 1352 1012 privato,
1377 941 1524 1012 superstite
1537 941 1628 997 adbuc
1646 942 1756 1006 aemnlo,

130 1028 315 1101 redintegrata
328 1039 372 1087 est
390 1046 438 1102 per
454 1046 567 1088 manum
582 1032 677 1088 eximii
698 1031 808 1089 abbatis
827 1031 918 1089 Pontii
969 1029 1100 1086 invitatus
1112 1039 1155 1087 est
1172 1045 1188 1086 a
1212 1030 1343 1100 praedicto
1359 1031 1458 1086 abbate
1471 1031 1578 1088 Alanus
1593 1030 1755 1088 bltissiodo·
1860 1065 1861 1068 =

129 1116 242 1175 libertas
264 1118 403 1188 Ecclesia,
416 1129 445 1178 ct
464 1121 572 1179 confusi
591 1131 656 1180 sant
672 1138 769 1180 omnes
786 1124 920 1194 prostitu-
970 1122 1060 1180 reneis
1082 1122 1144 1192 pius
1159 1121 1317 1193 episcopus,
1330 1131 1358 1178 et
1380 1121 1529 1178 celebravit
1553 1124 1625 1192 apud
1640 1121 1759 1179 vizelia-

131 1215 205 1263 tores
218 1208 356 1278 pudicitie
368 1210 453 1267 illius.
467 1209 662 1268 Verumtamen
674 1215 856 1271 antemuralia
869 1214 919 1271 do-
969 1227 1034 1268 cum
1049 1214 1189 1270 solemnes
1200 1212 1312 1267 ordines
1327 1212 1354 1267 in
1375 1212 1498 1268 oratorio
1509 1211 1540 1268 li.
1554 1211 1602 1268 Dei
1618 1212 1759 1284 genitricis

130 1311 369 1358 morumeverterc
377 1304 581 1361 dissimulantes
592 1306 779 1378 neglexerunt,
788 1308 918 1379 quonlam
969 1312 998 1362 ει
1009 1319 1116 1375 semper
1130 1304 1244 1375 virginis
1255 1301 1356 1368 llarie,
1369 1301 1488 1357 Sabbato
1498 1301 1664 1373 jejuniorum
1681 1317 1759 1357 men·

132 1392 184 1448 boc
197 1402 363 1465 preceptum
385 1396 414 1451 ia
437 1391 596 1453 scandalum
619 1408 679 1456 erat
702 1400 767 1467 illis,
788 1412 816 1457 ct
838 1402 918 1475 quasi
970 1399 1011 1456 sis
1024 1397 1126 1464 Martii,
1148 1395 1293 1453 assistente
1308 1396 1335 1449 in
1351 1394 1520 1450 monasterio
1541 1394 1675 1449 cardinali
1693 1394 1759 1451 sub·

130 1486 243 1541 aculeus
257 1488 399 1545 terebrans
410 1489 506 1546 oculos
516 1505 624 1547 eorum.
969 1492 1087 1548 diacono
1110 1490 1206 1546 Otiorre
1231 1489 1265 1546 de
1292 1487 1464 1555 Boua-Casa,
1492 1488 1610 1559 lecitque
1635 1488 1758 1560 inspecta

165 1576 264 1634 Ptectit
277 1578 358 1635 ailus
376 1590 526 1637 renuentem
543 1599 572 1638 se
583 1584 714 1654 subjicere
727 1587 783 1642 sais
794 1587 917 1643 decretis.
969 1583 1158 1641 Romanorum
1190 1581 1395 1653 privilegiorum
1427 1581 1590 1637 auctoritate
1618 1581 1759 1653 acolythos

129 1665 251 1725 Peractis
268 1679 359 1726 autem
374 1669 523 1728 Dominicae
545 1672 699 1733 Natiuitatis
717 1674 859 1744 Kalendis,
870 1692 919 1733 vo·
969 1686 1036 1740 tres,
1056 1674 1256 1731 subdiaconum
1269 1688 1367 1738 unum,
1381 1673 1513 1729 diaconos
1523 1680 1641 1743 quatuor
1655 1689 1663 1728 ς
1676 1688 1759 1743 porra

130 1758 201 1814 cavit
214 1774 263 1816 eos
276 1761 372 1830 abbas,
384 1764 546 1835 monuitque
559 1774 589 1821 ut
598 1768 677 1837 juxta
689 1768 919 1837 compositionem
969 1767 1004 1822 ad
1029 1765 1176 1822 sacerdotii
1191 1765 1305 1837 gradum
1331 1780 1378 1821 sen
1401 1763 1500 1821 fratres
1525 1763 1671 1835 promovit,
1689 1779 1760 1835 pre-

130 1850 218 1920 pacis,
228 1851 301 1922 qnod
313 1853 428 1909 necdum
445 1853 566 1911 fecerant
577 1856 750 1926 perficerent,
760 1858 796 1915 de
807 1859 920 1917 diruen—
970 1866 1047 1914 sente
1067 1865 1095 1912 et
1109 1865 1274 1928 cooperante
1298 1856 1438 1927 Stephano
1453 1856 1550 1912 abbate
1565 1855 1598 1911 de
1613 1853 1757 1927 Riguiaco.

130 1941 174 1999 tiis
191 1944 391 2003 munitionibus
403 1947 560 2004 domorum.
574 1947 780 2022 constituitque
794 1951 849 2008 illis
865 1961 920 2008 ter·
971 1948 1102 2020 Sequenti
1115 1963 1200 2017 anno,
1213 1963 1286 2004 anno
1300 1947 1406 2004 scilicet
1429 1948 1506 2019 pacis
1519 1957 1547 2004 et
1559 1947 1691 2016 victorie,
1703 1947 1760 2003 duc

130 2032 235 2089 minum
246 2051 301 2106 quo
316 2036 396 2107 jussa
409 2037 590 2109 complerent.
602 2038 702 2096 lterum
714 2041 920 2100 dissimulantes
970 2044 1112 2116 episcopi,
1134 2043 1262 2100 videlieet
1285 2043 1503 2101 Cenomanensis
1524 2052 1552 2101 ει
1572 2042 1758 2108 dimicensis,

125 2139 194 2181 ,cum
213 2126 437 2185 interminatione
459 2131 650 2198 commonuit:
660 2140 689 2187 ει
709 2132 734 2189 si
749 2133 820 2189 ultra
839 2132 920 2191 factis
970 2136 1111 2192 venientes
1125 2152 1141 2192 a
1156 2134 1243 2192 Roma
1259 2151 1322 2192 curn
1343 2135 1442 2192 abbate
1458 2134 1552 2191 Sancti
1563 2134 1663 2190 Albani
1687 2133 1760 2204 apud

130 2216 263 2274 obaudire
287 2220 467 2292 negligerent,
490 2220 560 2276 iram
589 2237 667 2277 stram
688 2237 737 2279 cos
757 2233 920 2295 experturos
972 2227 1138 2284 vizeliacum
1163 2226 1269 2284 Pascba
1294 2237 1420 2284 sanctum
1444 2226 1579 2292 lecerunt,
1598 2226 1645 2297 qni
1661 2234 1761 2296 rogant

131 2305 189 2364 fore
206 2308 343 2379 predixit.
357 2309 535 2366 liittebantur
548 2321 640 2367 autem
655 2310 813 2384 frequenter
827 2314 920 2371 abbati
971 2320 1136 2378 venerabilis
1151 2318 1242 2375 Pontii
1257 2330 1416 2375 sanctarum
1439 2316 1594 2388 vigiliarum
1617 2317 1760 2373 rescirem·

130 2397 252 2469 epistole
265 2401 451 2470 precatoriaea
467 2401 638 2474 principibus
653 2405 784 2473 regionis,
801 2406 921 2462 maxime
971 2421 1013 2469 tes
1025 2411 1156 2477 ofllclum,
1177 2425 1271 2467 sacros
1289 2409 1401 2465 ordines
1422 2407 1583 2464 solemniter
1601 2406 1760 2462 celebrave-

131 2508 182 2564 pro
209 2490 332 2559 Simone,
355 2509 391 2550 ne
411 2496 565 2552 contineret
590 2496 618 2551 in
642 2495 684 2551 ira
702 2497 920 2555 misericordiam
971 2511 1047 2559 runt.
1066 2501 1101 2558 tta
1118 2500 1295 2558 Ebroicensis
1306 2500 1416 2570 quidem
1431 2499 1573 2567 ostiarios,
1594 2496 1760 2564 exorcistas,

131 2599 210 2640 suatn
228 2600 312 2655 super
333 2600 408 2655 eum,
428 2587 575 2659 scdmagis
594 2586 781 2656 misereretur,
796 2600 922 2659 parceret
971 2594 1100 2660 lectores,
1123 2590 1265 2662 acolythos
1290 2589 1318 2644 ln
1341 2588 1462 2646 oratorio
1483 2587 1644 2644 Tbeotocou
1668 2585 1761 2642 ilariae

130 2677 225 2733 domui
239 2678 324 2746 illius,
338 2693 400 2748 quae
414 2678 509 2750 utique
519 2694 604 2736 cansa
618 2688 678 2736 erat
696 2689 725 2738 et
740 2681 850 2739 initium
866 2697 921 2739 ma·
972 2683 1121 2739 ordinavit.
1134 2678 1352 2737 Cenomanensis
1371 2693 1437 2734 rero
1457 2685 1561 2749 septem
1577 2677 1762 2736 subdiaconus

131 2772 233 2827 lorum.
246 2768 324 2827 Unde
334 2780 362 2828 et
378 2771 438 2842 ipse
461 2772 563 2843 impius
579 2769 675 2829 Simon
690 2772 840 2845 plurimum
851 2783 956 2846 prae-c
972 2781 1001 2830 et
1016 2785 1102 2826 unum
1125 2770 1267 2826 diaconem
1284 2768 1358 2835 fecit,
1376 2767 1551 2841 presbyteros
1572 2776 1662 2822 autern
1679 2766 1762 2837 quin-

131 2877 245 2919 somens
266 2862 300 2919 de
320 2862 408 2935 gratia
430 2871 458 2920 ει
473 2863 659 2921 familiaritate
673 2865 840 2937 principum,
854 2883 921 2924 soa·
973 2878 1029 2935 qne
1050 2862 1231 2920 consecravit.
1255 2859 1289 2916 Et
1303 2861 1331 2915 in
1350 2861 1393 2917 bis
1407 2858 1537 2916 omnibus
1551 2846 1697 2916 obmutuit*
1710 2859 1759 2914 ad·

131 2953 240 3011 dentem
254 2952 380 3010 abbatem
398 2962 429 3009 ut
450 2952 633 3025 precipitaret
648 2954 721 3025 qued
745 2955 818 3013 male
839 2956 923 3013 aedill·
972 2954 1222 3025 versariusjnsulo
1237 2947 1349 3008 invidiae
1371 2950 1527 3019 (anfossus,
1550 2960 1577 3008 ει
1598 2951 1762 3008 auctoritate

131 3054 253 3112 caverat,
278 3046 454 3116 contempsit,
469 3044 628 3117 addiditque
640 3047 835 3105 contumeliam
855 3064 922 3105 con·
970 3046 1224 3119 lustitiedcjcctns.
1234 3045 1336 3101 Eodem
1346 3043 1467 3101 Sabbata
1477 3043 1582 3114 accepit
1592 3041 1677 3099 abbas
1690 3041 1763 3099 Pon·

113 3137 256 3207 stcmptui,
271 3144 298 3193 et
309 3137 452 3195 aediticavlt
466 3139 681 3210 propugnacula,
696 3149 723 3196 et
740 3140 922 3197 munitionem
973 3140 1030 3196 tiras
1042 3149 1169 3196 sanctum
1181 3139 1302 3198 chrisma
1312 3138 1347 3194 ab
1357 3136 1592 3210 archipresbytero
1600 3135 1762 3192 bltisslodo·

133 3229 259 3301 increptae
272 3230 367 3285 turris.
380 3226 415 3285 Ut
426 3231 510 3301 igitur
519 3230 587 3287 vidit
596 3231 683 3290 abbas
693 3231 767 3304 quod
778 3232 922 3306 vestigium
973 3232 1056 3290 renai.

132 3319 325 3387 contumaciae,
347 3327 375 3375 et
398 3320 484 3391 gloria
500 3321 636 3391 superbiae
650 3323 773 3394 ipsorum
796 3333 871 3381 esset
893 3325 923 3380 in
1009 3325 1097 3382 Porro
1117 3325 1145 3380 in
1161 3323 1266 3380 forensi
1280 3336 1376 3390 cansa,
1400 3319 1615 3393 primoquidem
1630 3318 1664 3375 de
1683 3316 1763 3390 perfl-

133 3410 261 3468 domibus
275 3411 396 3475 illorum,
409 3409 554 3466 accersivit
569 3420 704 3481 agrestem
719 3412 924 3471 multitudinem
974 3416 1018 3474 dis
1033 3415 1222 3487 proditoribus
1244 3422 1271 3469 et
1289 3413 1377 3469 servis
1402 3412 1548 3468 rebellibus
1573 3427 1627 3467 non
1650 3425 1683 3468 ex
1699 3410 1762 3480 jure

133 3503 168 3559 de
190 3500 415 3576 possessionibus
428 3500 599 3566 monasterii,
611 3508 637 3555 et
652 3499 771 3558 Sabbato
787 3512 849 3573 post
865 3503 924 3575 ily·
976 3520 1064 3573 neque
1082 3522 1115 3562 en
1130 3503 1339 3572 consuetudine,
1357 3503 1404 3558 sed
1417 3519 1450 3558 ex
1462 3503 1623 3558 necessitate
1638 3517 1687 3573 per
1701 3515 1762 3557 ma·

133 3603 253 3666 papante
266 3591 374 3648 Domini
390 3591 466 3647 misit
482 3605 530 3648 eos
545 3598 573 3647 et
586 3591 720 3661 quosdam
733 3592 768 3649 de
791 3592 923 3652 fratribus
976 3612 1042 3651 num
1056 3593 1130 3666 regis
1143 3593 1306 3649 anctoritate
1322 3591 1473 3662 apostolica
1490 3590 1605 3646 liberum
1619 3590 1667 3661 jus
1681 3590 1763 3661 justi·

135 3685 164 3740 in
178 3685 293 3740 domum
307 3682 385 3753 impii
408 3680 540 3744 Simonis.
553 3683 847 3756 praecipitaveruntque
860 3683 925 3740 fun·
976 3687 1021 3744 tiae
1034 3685 1154 3742 obtinuit
1175 3682 1300 3741 ecclesia.
1329 3682 1433 3739 Deinde
1454 3695 1503 3752 per
1518 3695 1630 3736 manum
1655 3681 1763 3736 abbatis

135 3775 209 3830 ditus
223 3772 405 3830 antemuralia
422 3774 521 3845 ipsius,
534 3774 751 3845 propugnacula,
767 3783 794 3831 et
814 3775 922 3844 turrim,
976 3777 1074 3835 Pontii
1088 3786 1144 3832 tarn
1163 3788 1229 3832 suas
1245 3787 1328 3846 quarn
1349 3787 1464 3829 suorum
1487 3786 1586 3828 causas
1602 3770 1764 3841 potestative

135 3868 247 3924 sedente
269 3868 330 3939 ipso
349 3867 463 3923 Simone
482 3865 517 3921 ad
530 3865 620 3938 ignem
637 3866 663 3920 in
676 3864 735 3936 ipsa
749 3865 843 3929 doma,
861 3881 924 3922 cum
976 3867 1004 3922 in
1026 3864 1138 3937 propria
1156 3863 1234 3921 curia
1249 3860 1419 3932 diiudicavit,
1442 3875 1493 3916 nec
1514 3875 1635 3932 unquam
1647 3858 1691 3915 vel
1714 3875 1762 3916 us·

136 3977 223 4018 uxore
238 3969 267 4018 ct
280 3960 375 4016 liberis
389 3959 457 4017 suis.
477 3958 555 4026 Quod
574 3958 698 4015 videntes
720 3958 811 4016 ceteri
826 3959 925 4015 timue·
976 3972 1060 4030 qnam
1076 3955 1239 4028 cujusquam
1253 3952 1359 4010 laicalis
1373 3952 1416 4007 vel
1429 3951 1564 4008 clericalis
1580 3964 1706 4023 personae
1718 3965 1764 4005 ar·

137 4062 203 4109 runt
224 4052 313 4119 valde,
337 4062 365 4106 et
389 4050 599 4122 ingemiscentes
620 4050 829 4118 erubescebant,
842 4047 924 4105 dede-
976 4048 1090 4105 bitrium
1100 4046 1157 4118 juri
1166 4044 1263 4117 indicii
1280 4043 1454 4111 intercessit;
1472 4053 1500 4098 et
1513 4041 1643 4097 annulata
1654 4050 1697 4097 est
1706 4055 1764 4095 om·

136 4153 258 4215 rnntqtre
269 4143 379 4200 obsides
401 4157 452 4215 pro
463 4143 616 4199 evertendis
631 4142 832 4200 munitionibus
852 4141 923 4197 infra
939 4107 962 4165 υ
977 4140 1021 4197 nis
1032 4137 1181 4205 calumnia,
1192 4135 1324 4208 quoniam
1338 4135 1459 4206 possedit
1474 4134 1687 4190 calumniatores
1701 4147 1765 4189 ecn-

137 4236 317 4293 constitutnm
333 4244 449 4306 tempus.
978 4229 1052 4289 fusio
1074 4237 1103 4287 ει
1124 4226 1288 4300 ignominia,
1310 4234 1338 4284 et
1356 4225 1455 4283 defecit
1469 4224 1608 4293 inimicus,
1633 4222 1763 4296 quoniam

175 4327 450 4395 tabennense,
472 4326 570 4383 obtinet
591 4344 668 4382 suant
683 4327 831 4383 libertatem
850 4325 927 4382 i'iu·
976 4323 1121 4395 prevaluit
1139 4324 1241 4395 justos.

137 4422 202 4476 lice.
213 4420 334 4488 ecclesia,
357 4437 388 4475 ac
399 4429 501 4491 petente
519 4419 614 4475 abiate
625 4421 731 4476 ordines
742 4421 923 4490 cortscrttntttr.

147 4543 1761 4579 ............-..-....-------————-—--—-·-·-·

703 4750 879 4839 LIBER
916 4745 1211 4857 QUARTUS.

181 5120 259 5177 Sicut
270 5128 362 5192 patres
374 5119 559 5175 thesaurizant
571 5116 633 5173 llliis
646 5114 673 5169 iu
686 5114 854 5171 incremento
862 5125 930 5182 prae
984 5122 1038 5182 qne
1052 5102 1237 5162 mediantibus
1250 5100 1385 5171 preterita
1405 5090 1608 5169 quodammodo
1618 5089 1770 5189 junguntur

144 5213 251 5270 diorum
264 5221 291 5270 ct
302 5211 489 5282 pecuniarum,
503 5211 538 5266 ita
552 5209 674 5281 priorum
686 5203 858 5276 providentia
872 5202 931 5258 tbe·
985 5198 1097 5264 futuris,
1119 5194 1185 5250 dum
1209 5191 1300 5246 littera
1324 5190 1502 5257 representat
1525 5180 1598 5282 qnod
1622 5184 1770 5277 annqmtnt

145 5307 265 5364 saurizat
284 5302 457 5375 sequentium
475 5302 580 5359 notitiae
602 5300 630 5356 in
644 5297 828 5369 descriptione
846 5295 931 5351 libro·
985 5287 1146 5345 abduxerat.
1174 5277 1323 5349 asscriptis
1346 5276 1438 5345 itaque
1464 5267 1659 5373 ⁵⁰i⁰i¹⁰i¹ii¹¹i
1671 5262 1770 5368 ¹¹b²¹¹f³

141 5412 218 5479 ²rttnr,
241 5404 268 5451 et
292 5392 529 5452 commendatione
544 5399 693 5464 gestorum.
714 5385 829 5460 Scriptis
851 5399 930 5442 nam·
985 5382 1018 5438 dc
1032 5378 1163 5452 dignitate
1177 5383 1203 5432 ct
1218 5367 1333 5428 exordio
1347 5376 1428 5439 atque
1441 5366 1564 5423 libertate
1576 5359 1770 5418 Vrzeltaeensts
