3892 6067
121 263 175 342 set
294 261 576 323 CDDXENTthUX
595 263 629 321 IN
648 263 817 322 isaurios
837 294 872 306 -
889 264 980 321 etos
1002 262 1049 334 lX,
1064 262 1109 318 EX
1128 261 1282 320 dononio
1300 295 1335 306 -
1354 265 1451 323 PSAL.
1469 267 1600 329 tutat.
1709 273 1762 330 522

120 382 220 451 sperit,
233 379 326 446 idest,
342 378 463 460 Verbum
475 380 535 451 Dei,
551 398 600 455 per
614 383 688 454 quod
702 390 859 456 peccatores
872 381 918 452 ju·
931 386 955 443 A
969 388 1027 435 tum
1045 380 1115 451 ejus.
1129 380 1164 437 Et
1180 381 1312 437 Dominus
1325 391 1402 462 ponet
1415 384 1443 437 in
1461 386 1504 438 uia
1527 402 1630 455 oretani
1647 403 1721 454 suot,
1734 388 1763 443 id

120 469 326 536 stificaotur,et
337 471 512 541 omniaJnste
522 472 715 543 disponuntur,
728 471 858 538 dePatre,
870 471 917 541 qui
968 480 1020 538 est,
1035 472 1150 543 uestigia
1164 489 1214 528 sua
1227 483 1305 541 ponet
1321 475 1347 527 in
1363 474 1407 530 his
1421 475 1468 545 qui
1482 487 1547 532 sunt
1558 477 1619 534 aliis
1637 478 1680 534 via
1693 495 1759 551 opo-

119 570 166 616 cst
178 560 279 618 corinna
295 562 441 631 coelornm,
457 566 601 635 prooessit.

157 652 254 708 Aliter.
292 652 397 710 Veritas
416 655 450 709 de
474 664 546 712 terra
562 656 662 723 oritur,
687 671 750 711 cum
776 653 915 712 confessio

119 753 299 815 peecatorum
319 744 355 806 de
382 746 498 804 terronis
522 746 646 814 offertur,
662 748 774 817 institia
797 744 829 801 de
852 743 916 800 cato

119 840 267 909 prospicit,
282 855 346 895 cunr
376 839 409 895 m
426 840 553 897 remissio
566 849 739 911 peccatorum
753 854 802 911 per
816 839 915 893 ooelum

118 928 268 984 coelorum.
284 928 363 998 Quod
377 939 469 986 autem
479 934 587 998 centor,
600 931 627 987 id
645 941 698 996 est,
710 928 848 986 consessio
861 929 917 984 ori·

118 1028 168 1073 tur
184 1034 219 1075 cx
237 1020 330 1089 nobis,
349 1022 437 1093 htper
451 1024 579 1095 gratiam.
596 1021 674 1078 Unde
691 1021 841 1078 subditur:

158 1109 240 1167 teas.
258 1111 301 1168 15.
318 1111 424 1168 Etenim
440 1113 568 1169 Dumium
581 1114 654 1169 dabit
672 1114 872 1185 henipnitatem,
887 1111 914 1167 id

118 1216 174 1271 est,
198 1219 247 1274 per
271 1205 387 1275 gratiam
413 1223 493 1262 suam
518 1207 664 1278 inspirabit
685 1206 766 1262 nohis
791 1206 915 1262 confiteri

116 1304 234 1363 peccata
248 1306 353 1352 nostra.
371 1296 407 1351 Ει
419 1307 490 1352 terro
500 1307 591 1353 nostro
604 1298 679 1352 dahit
692 1298 811 1367 [ructum
824 1312 912 1364 saum,

121 1383 149 1437 id
164 1393 217 1449 cst,
235 1385 314 1459 uirgo
327 1385 414 1443 hieria
428 1389 516 1458 pariet
535 1388 620 1445 Deum
634 1400 662 1445 et
677 1389 828 1443 hominem.

159 1472 242 1531 Vsus.
265 1478 309 1532 id.
328 1476 444 1534 iustitia
467 1490 529 1534 ante
550 1496 610 1534 eum
628 1478 785 1542 nmiaiohit,
811 1478 839 1530 id
863 1485 917 1553 est,

114 1566 185 1635 justi
200 1571 438 1641 promovebuntur
458 1571 485 1626 in
501 1560 591 1627 sructr'r
609 1571 681 1626 bono
700 1570 734 1625 ad
761 1568 916 1639 beneplaci-

968 562 1055 617 rando
1070 571 1097 617 et
1110 563 1244 618 docendo.
1258 563 1411 618 Amirdahit
1426 582 1490 622 cnm
1505 568 1557 636 eis,
1578 569 1631 627 hoc
1645 581 1697 638 est,
1711 574 1762 627 ad·
1797 606 1802 615 ·

966 652 1073 723 jurabit
1087 669 1136 710 eos
1151 655 1185 709 ad
1207 655 1275 711 bene
1298 658 1478 726 operandum.
1505 659 1554 714 Vel
1576 661 1644 730 justi
1666 674 1761 734 ponent

968 759 1053 816 opera
1073 762 1123 802 sua
1141 748 1170 801 in
1185 748 1238 815 aio,
1262 748 1355 818 idest,
1378 750 1405 803 in
1432 750 1626 809 conformitate
1646 754 1761 822 Christi,

967 837 1015 906 qui
1028 846 1070 893 est
1080 838 1125 893 ria
1138 838 1243 895 ducens
1255 842 1288 895 ad
1304 855 1334 895 sc
1349 841 1433 895 ritum
1449 852 1476 897 et
1488 844 1641 900 veritatem.

1003 928 1057 985 iste
1071 931 1195 1001 psaimus
1210 931 1236 986 in
1253 934 1306 987 hoo
1326 934 1504 989 contionatur
1515 935 1611 1005 priori,
1626 940 1700 1009 qnod
1723 941 1762 995 ihi

965 1029 1093 1077 cantatur
1114 1039 1121 1077 τ
1140 1014 1354 1081 Misericordiam
1372 1034 1398 1079 et
1416 1028 1553 1082 ueritatem
1572 1030 1660 1102 diiioit
1673 1030 1760 1096 Deua,

965 1111 1010 1169 hic
1032 1124 1122 1170 autern
1137 1135 1144 1170 :
1162 1114 1347 1171 Misericordia
1361 1127 1386 1174 et
1397 1119 1494 1175 uentos
1506 1119 1675 1176 obtinuerunt
1697 1126 1758 1177 sihi.

965 1202 1024 1259 lbi:
1044 1204 1167 1261 Gratiam
1178 1216 1203 1261 et
1222 1208 1335 1280 pieriam
1351 1211 1424 1266 dabit
1440 1212 1581 1285 Dominus,
1596 1215 1649 1271 hoc
1661 1225 1712 1282 cst,
1732 1191 1761 1271 ut

972 1292 1099 1349 inhahitet
1113 1294 1199 1366 storia
1212 1297 1240 1350 in
1253 1307 1325 1353 terra
1340 1311 1441 1355 nostra.
1460 1300 1509 1358 Hic
1522 1304 1645 1373 psalmos
1660 1305 1720 1361 ideo
1732 1308 1761 1361 in

971 1385 1116 1443 Natiuitnte
1128 1388 1237 1444 Domini
1252 1391 1387 1461 psallitur,
1410 1394 1475 1463 quia
1490 1394 1527 1448 iti
1543 1398 1637 1451 neritus
1658 1397 1761 1455 Christi

970 1478 1084 1532 deterre
1096 1480 1201 1551 virgine
1216 1482 1312 1539 oritur.

862 1702 1134 1716 .m-.---

676 1900 941 1991 PSALMUS
986 1901 1221 1995 LXXXV.

924 2097 961 2106 .—

157 2302 273 2365 inciina,
301 2298 424 2362 Domine,
450 2311 541 2349 aurem
575 2301 658 2348 tuom.
689 2289 796 2346 Titulus
827 2288 911 2358 hujus
926 2294 948 2348 B
962 2289 1084 2360 ordines.
1100 2293 1127 2346 in
1139 2294 1274 2362 doctores,
1285 2298 1466 2366 continentes,
1475 2300 1648 2371 continguos,
1662 2306 1758 2372 pariti-

115 2395 218 2466 psalmi
230 2402 294 2448 est:

374 2497 474 2541 ornato
494 2496 545 2536 test
563 2493 654 2534 nurtn.

150 2578 213 2634 {loc
225 2587 281 2643 est,
295 2578 382 2631 oratio
397 2575 538 2647 designata
557 2573 603 2629 his
623 2571 738 2627 uocibus
752 2570 911 2626 attribuitur

117 2679 185 2725 reru
212 2669 313 2735 David,
343 2667 459 2724 Domino
478 2665 545 2722 lesu
571 2664 693 2721 Christo.
720 2663 778 2719 Duo
805 2673 910 2719 tanturn

112 2761 217 2832 pssimi
232 2770 307 2827 snm,
323 2757 424 2830 ortibus
443 2758 530 2814 oratio
553 2757 608 2827 ipsi
631 2756 715 2811 Dauid
740 2756 909 2821 inscribitur,

115 2854 224 2910 scilicet
235 2852 360 2909 decimus
370 2859 464 2907 sextus
475 2860 502 2905 et
516 2850 578 2917 istc,
590 2850 654 2920 quia
670 2849 731 2904 duae
742 2855 808 2903 sunt
818 2846 910 2902 Eccle-

117 2945 177 3013 sia,
191 2960 247 2999 unu
259 2945 294 2999 de
306 2942 420 3010 Judaeis,
431 2944 517 2998 aitora
531 2939 715 3012 degentibus,
735 2954 796 3009 quor
810 2953 910 3008 corpus

113 3036 221 3092 Christi
237 3037 466 3099 nontinantur,‘et
487 3050 604 3106 quarum
623 3043 706 3101 caput
726 3031 784 3101 ipse
806 3030 910 3085 deseri·

114 3133 202 3198 bitur,
218 3142 246 3188 et
258 3131 407 3203 aliquando
422 3131 522 3201 ipsein
541 3127 674 3185 membris
688 3126 746 3182 suis
767 3136 838 3189 orat,
855 3123 908 3178 ali·

114 3224 228 3297 qnando
242 3224 367 3279 membra
379 3237 427 3293 per
447 3229 530 3292 caput
545 3229 634 3276 orant.
646 3216 713 3274 Orat
723 3232 774 3287 pro
787 3215 867 3270 nobis
879 3221 910 3269 ut

113 3316 247 3374 sacerdos
276 3324 380 3381 noster,
406 3323 468 3370 orat
481 3313 508 3368 in
531 3312 611 3368 nobis
626 3323 655 3367 ut
668 3319 750 3380 caput
770 3317 907 3373 nostrum,

109 3416 212 3464 oratur
235 3405 345 3461 anobis
360 3412 391 3459 ut
412 3403 484 3460 Deus
509 3408 614 3457 noster.
640 3398 701 3470 lpse
723 3413 844 3468 namque
866 3406 908 3452 est

113 3500 189 3556 Dens
203 3498 238 3554 de
253 3497 319 3566 Deo,
345 3505 372 3553 et
393 3498 554 3552 homocum
580 3491 749 3558 hominibus,
764 3505 828 3546 cum
852 3488 907 3544 Deo

114 3589 279 3656 exaudiens,
295 3605 357 3644 cum
375 3587 535 3644 hominihus
555 3600 648 3642 orans.
663 3582 697 3638 Et
713 3582 777 3655 quia
791 3582 818 3638 in
835 3597 906 3652 prae-

111 3682 221 3739 cedenti
234 3681 341 3751 psalmo
352 3679 424 3735 iacta
438 3686 481 3734 est
504 3676 607 3733 mentio
627 3674 714 3747 pacis,
729 3689 791 3745 qua
802 3683 844 3729 cst
862 3687 905 3727 re·

113 3792 198 3847 gnum
214 3774 358 3838 emiorum,
372 3772 418 3828 hic
436 3768 630 3840 psalmuanre
642 3765 777 3836 sequitur,
802 3763 829 3818 in
852 3778 906 3832 quo

113 3876 223 3929 oratur,
238 3870 269 3919 ut
285 3862 319 3918 de
342 3859 450 3916 inferno
468 3856 593 3913 inferiori
613 3863 737 3910 eruatur.
761 3850 812 3907 iiic
832 3851 907 3921 psai-

113 3972 178 4011 mns
203 3966 246 4012 est
272 3954 459 4025 octogesimus
484 3951 608 4023 qrrintus.
635 3946 669 4002 Et
695 3945 803 4017 hioyses
831 3952 907 3999 octo·

112 4050 189 4119 ginta
212 4057 273 4102 ernt
294 4060 442 4111 annorum,
466 4042 578 4116 quando
606 4036 748 4096 descendit
774 4036 801 4090 in
820 4033 905 4106 AEgy-

110 4149 202 4208 ptum,
219 4148 249 4192 ut
266 4136 394 4192 educeret
412 4135 555 4205 populum,
569 4131 615 4188 cni
629 4129 705 4185 dedit
716 4127 803 4200 legem
826 4123 906 4194 quin·

108 4246 167 4303 que
192 4230 338 4296 librorum,
363 4227 523 4299 significans
547 4223 690 4280 Christum
718 4217 766 4292 qui
797 4218 826 4273 iu
854 4215 906 4271 hoc

112 4324 282 4395 octogesimo
313 4321 410 4392 quinto
439 4319 544 4390 psalmo
572 4315 703 4373 scribitur
730 4306 905 4367 descendisse

110 4421 146 4476 ad
171 4418 297 4483 interna,
319 4425 349 4472 ut
378 4415 507 4471 educeret
527 4412 658 4482 populum
681 4408 803 4481 qrrinque
819 4416 905 4461 saecu-

33 4603 42 4620 ·
106 4513 262 4658 lmXbXeria
289 4555 387 4672 psalmi
410 4595 552 4653 estmatio
572 4592 676 4649 Christi
695 4606 750 4664 pro
769 4586 902 4656 Ecclesia,

107 4697 153 4750 ret
168 4682 299 4749 Ecclesiae
313 4691 341 4746 iu
358 4688 448 4760 capite
461 4701 512 4745 suo
523 4684 644 4743 Christo.
660 4684 777 4741 intentio
791 4695 835 4742 est
852 4702 903 4744 nos

111 4787 265 4843 intonuere
282 4787 318 4842 ad
332 4785 498 4848 orationem,
522 4797 570 4853 per
587 4796 670 4852 quam
689 4781 903 4850 perveniendum

108 4890 151 4936 est
163 4879 198 4934 nd
211 4888 342 4934 eternam
354 4876 550 4933 hereditatem.
565 4872 654 4930 Verba
667 4882 775 4942 sumpta
791 4883 856 4930 suot
868 4873 903 4930 de

110 4972 171 5042 ipso
192 4968 289 5038 Dauid,
315 4984 398 5041 super
416 4983 498 5040 quern
511 4965 612 5039 ,iniqui
634 4967 851 5030 insurrexerunt,
874 4974 939 5039 etp

107 5080 250 5138 synagoga
273 5063 436 5135 potentium,
460 5064 564 5119 scilicet
576 5061 654 5126 Saul,
668 5059 789 5115 hhsalon
805 5070 832 5114 et
853 5059 899 5114 aiii

110 5160 231 5215 animam
253 5159 314 5228 ojus
327 5157 505 5227 quesierunt,
525 5170 607 5226 quom
628 5154 761 5210 Dominus
782 5152 896 5224 adjuvit,

106 5260 139 5306 et
152 5251 296 5320 imperinm
309 5249 393 5306 dedit.
408 5246 550 5320 Signidcat
570 5255 659 5302 autem
675 5246 825 5311 Christum,
850 5262 892 5301 su-

109 5356 161 5412 per
173 5355 254 5411 qrtem
277 5340 364 5412 iniqui
378 5339 466 5396 tndaei
479 5340 699 5402 insurrexerunt,
714 5346 741 5392 ot
759 5353 896 5409 synogoga

105 5433 266 5505 principum
281 5432 456 5490 sacerdotnm
481 5430 602 5486 animam
615 5427 677 5499 ejus
696 5427 808 5497 perdere
823 5441 898 5496 quae·

108 5526 226 5588 sierunt,
239 5539 322 5594 ouem
337 5522 471 5578 Dominus
483 5521 588 5592 adjuvit
599 5519 625 5573 in
637 5518 774 5590 passione,
787 5527 814 5572 ot
825 5517 898 5573 dedit

105 5615 132 5669 ei
148 5615 297 5685 imperium
313 5616 341 5669 io
358 5612 569 5670 resurrectione.
839 5595 843 5600 ’

142 5707 172 5763 in
189 5719 246 5764 tres
258 5718 350 5778 partes
367 5717 486 5769 sermm.
500 5707 565 5778 quia
579 5722 680 5792 corpus
690 5703 792 5760 Christi
805 5703 832 5757 in
844 5712 899 5760 tres

269 5801 406 5863 Parnon.
428 5798 551 5860 cxciv

963 2392 1019 2436 tur.
1034 2382 1126 2440 Prima
1142 2400 1206 2455 pars
1221 2394 1263 2441 cst
1282 2405 1289 2440 ε
1305 2384 1423 2454 lactina,
1438 2387 1558 2456 Domine,
1574 2391 1601 2446 in
1623 2409 1676 2464 qrtn
1694 2410 1758 2464 pro·

963 2476 1022 2545 pria
1033 2474 1123 2530 oratio
1135 2475 1234 2547 capitia
1259 2477 1400 2534 scribitur.
1420 2477 1546 2536 Securma
1566 2491 1609 2537 est
1635 2501 1641 2537 :
1665 2484 1757 2539 Deduc

963 2584 1013 2636 me,
1027 2567 1149 2642 Domine,
1164 2569 1191 2624 in
1205 2585 1258 2640 qna
1270 2570 1368 2640 capitis
1379 2572 1466 2627 oratio
1477 2573 1650 2643 exprimitur.
1665 2574 1756 2633 Tertia

962 2662 1023 2716 est':
1040 2660 1118 2726 Deus,
1144 2663 1241 2732 iniqui,
1259 2663 1286 2716 in
1301 2678 1354 2733 qua
1371 2661 1474 2720 Christi
1489 2655 1621 2735 pussioet
1632 2683 1757 2724 rusurre-

962 2753 1017 2809 ctio
1029 2737 1161 2825 tangitur.
1175 2752 1203 2808 hr
1218 2755 1270 2809 hoc
1285 2754 1392 2824 psalmo
1405 2772 1478 2810 nunc
1492 2768 1585 2826 caput,
1602 2774 1674 2824 nunc
1693 2774 1757 2816 cor·

963 2846 1158 2917 postoqnitnr.
1174 2844 1234 2902 ior
1252 2845 1379 2903 Ecciesiae
1396 2867 1403 2900 ι

1001 2982 1080 3039 Vens.
1098 2985 1124 3036 i.
1141 2982 1257 3051 doctina,
1275 2984 1397 3051 Domine,
1414 3001 1506 3038 orarem
1519 2995 1604 3052 tuam,
1618 2996 1644 3039 ct
1656 2988 1755 3041 exandi

960 3089 1011 3129 me.
1027 3074 1067 3128 hd
1083 3074 1224 3130 infirmum
1239 3076 1313 3129 auris
1329 3075 1487 3142 inclinatur,
1505 3086 1535 3131 ut
1549 3092 1603 3131 ror
1627 3079 1688 3148 eJns
1705 3094 1756 3134 au·

960 3167 1062 3222 diatur.
1087 3166 1244 3222 Humanrrm
1267 3183 1353 3239 genus
1381 3168 1521 3224 infirmum
1538 3168 1625 3239 iacuit
1641 3170 1670 3224 in
1693 3170 1755 3226 tacu

959 3261 1078 3317 miserim
1090 3269 1118 3316 et
1128 3260 1157 3315 in
1170 3260 1240 3315 ualle
1252 3261 1448 3332 lacrymarum,
1461 3260 1494 3316 ad
1509 3261 1583 3332 quod
1599 3259 1689 3316 honus
1701 3276 1756 3316 nte·

958 3353 1037 3408 dions
1054 3350 1128 3406 Deus
1147 3368 1238 3405 aurem
1249 3351 1446 3408 misericordie
1456 3351 1608 3417 inclinavit,
1620 3360 1647 3406 et
1660 3366 1754 3407 rocem

958 3444 1104 3500 clamantis
1118 3442 1259 3500 exaudivit
1273 3443 1311 3498 ita
1329 3443 1445 3499 dicentis
1461 3463 1469 3497 ε
1493 3443 1626 3510 Quoniam
1642 3445 1717 3513 inops
1729 3454 1754 3498 et

957 3552 1130 3607 parperiam
1144 3552 1200 3605 epo.
1217 3533 1308 3605 inops,
1322 3536 1387 3605 qnia
1398 3549 1465 3606 opes
1486 3534 1607 3605 paradisi
1631 3536 1752 3605 perdidi;

920 3646 940 3702 c
958 3643 1069 3697 pauper,
1088 3626 1152 3697 quia
1175 3635 1338 3698 egestatem
1356 3626 1516 3682 infirmitate
1537 3627 1659 3683 ortahni.
1676 3626 1754 3683 Hauc

956 3734 1051 3776 rocem
1067 3719 1130 3788 pius
1157 3718 1280 3775 modicus
1299 3719 1448 3786 exaudivit,
1472 3718 1537 3773 dum
1554 3717 1654 3775 Filium
1670 3735 1751 3775 suum

956 3811 989 3866 ad
1004 3810 1221 3867 subueniendum
1241 3810 1318 3868 misit
1335 3811 1378 3880 (ut
1393 3811 1551 3881 precedens
1571 3811 1693 3881 psalmus
1712 3827 1752 3868 re·

957 3899 1040 3969 tuiit),
1050 3900 1115 3970 quia
1121 3900 1257 3970 jacentem
1266 3900 1387 3957 deemno
1402 3900 1512 3968 levarit,
1525 3900 1645 3972 propriis
1654 3901 1752 3959 horuc-

956 3991 996 4047 ris
1006 3993 1133 4048 saucium
1150 3991 1280 4063 portarit,
1296 3991 1395 4048 hainen
1406 3991 1580 4062 baptismatis
1594 3993 1668 4061 iavit,
1681 3996 1750 4051 stola

956 4083 1057 4151 prima,
1081 4097 1165 4152 quam
1193 4082 1288 4139 amisit
1314 4083 1341 4138 in
1362 4082 1503 4153 paradiso,
1530 4083 1630 4148 induit,
1648 4100 1749 4141 nomen

956 4174 1074 4229 suumei
1097 4174 1239 4245 imposuit,
1264 4174 1342 4244 regni
1367 4172 1504 4228 heredem
1524 4173 1663 4243 ascripsit.
1691 4172 1749 4228 Vox

955 4264 1079 4321 Christi:

993 4377 1076 4435 Vens.
1092 4378 1119 4434 2.
1134 4376 1246 4434 Custodi
1259 4376 1378 4432 animam
1390 4393 1487 4443 mam,
1499 4377 1626 4447 quostiam
1639 4386 1748 4433 martur

955 4473 1061 4531 aamD
1072 4473 1169 4530 Pater!
1186 4472 1227 4529 Ex
1244 4483 1290 4529 tuo
1313 4479 1450 4543 praecepto
1473 4470 1501 4526 in
1521 4471 1612 4527 lacum
1631 4472 1749 4529 miserim

956 4568 1102 4634 descendi,
1121 4566 1258 4623 hominem
1283 4564 1389 4637 lapsum
1414 4563 1449 4619 de
1466 4564 1529 4620 into
1551 4561 1630 4621 iaecis
1650 4564 1746 4630 extuli,

954 4656 1015 4713 sine
1033 4655 1163 4713 sordibus
1175 4662 1354 4725 pcccatorum
1372 4653 1431 4724 ipsc
1452 4654 1553 4722 mansi,
1570 4654 1598 4709 in
1620 4654 1672 4710 hac
1683 4670 1747 4710 sorr-2

954 4748 1050 4805 etitate
1065 4748 1186 4805 animam
1198 4761 1289 4802 meam
1304 4744 1450 4801 custodivi.
1462 4745 1617 4817 Aliquando
1626 4745 1655 4801 in
1671 4746 1744 4818 psal-

953 4841 1293 4914 misioqniturindrmunr
1309 4838 1474 4904 membrum,
1495 4847 1526 4894 nt
1539 4838 1575 4894 ihi
1597 4858 1604 4893 :
1627 4858 1637 4891 r
1662 4839 1745 4894 hiisc-

952 4951 1014 4990 rere
1033 4936 1098 4999 mei,
1123 4933 1248 4997 Domine,
1271 4931 1407 5001 quoniam
1422 4929 1550 4985 infirmus
1569 4946 1630 4985 snm
1655 4929 1743 5001 (Prot.

954 5045 990 5094 rt,
1005 5027 1044 5098 5).
1064 5046 1073 5079 r
1090 5025 1244 5095 Aliquando
1255 5040 1352 5080 sonunt
1366 5039 1413 5094 per
1424 5022 1564 5078 Christum
1581 5032 1662 5093 capnt
1679 5037 1742 5078 san·

952 5122 1114 5186 rubentum,
1128 5129 1157 5173 ut
1172 5119 1215 5173 hic
1231 5137 1237 5170 :
1253 5115 1365 5173 Custodi
1376 5118 1493 5171 animum
1508 5115 1743 5184 mantuanensium

952 5223 1141 5280 sanctuarum,
1154 5211 1259 5270 scilicet
1281 5226 1330 5281 per
1344 5210 1479 5281 baptisma
1493 5217 1520 5263 et
1538 5221 1638 5276 corpus
1653 5216 1740 5260 tuum.

954 5310 1012 5365 Vox
1026 5306 1141 5365 membri
1159 5324 1166 5360 :

986 5425 1096 5482 Saluum
1116 5422 1159 5492 (aa
1171 5435 1274 5473 seruant
1295 5426 1382 5482 tunm,
1399 5416 1469 5471 Dens
1493 5432 1579 5482 mern,
1593 5421 1741 5482 sperantem

951 5518 978 5571 in
994 5525 1028 5571 te.
1048 5513 1100 5580 Qui
1117 5527 1162 5567 nte
1177 5508 1331 5574 redemisti,
1353 5516 1378 5562 te
1401 5519 1568 5577 recognosco
1583 5501 1740 5564 Dotrrinum,

949 5607 1251 5678 tneproiiteorseroum
1276 5613 1349 5657 tuam
1374 5599 1425 5668 Qui
1448 5614 1491 5655 tne
1506 5598 1614 5663 creasti,
1631 5605 1659 5653 te
1671 5612 1739 5652 con·

950 5701 1046 5760 arcon
1061 5698 1141 5755 Deum
1159 5712 1254 5764 inertia,
1270 5696 1298 5751 in
1321 5703 1347 5750 te
1361 5710 1440 5756 spero
1452 5694 1551 5750 solunt
1574 5688 1683 5747 Soioum
1697 5690 1739 5761 {aa

1527 5786 1564 5849 tt
