3892 6067
129 162 187 233 ete
209 220 218 231 ,
394 157 672 218 cosummatus
691 159 726 216 tu
742 159 911 218 rsntuos
931 194 966 202 -
980 162 1070 219 anus
1084 161 1120 220 x.
1138 193 1174 204 -
1192 162 1291 221 esna.
1312 165 1455 225 cuntur.
1704 175 1758 235 aaa

129 279 222 339 cando
234 278 278 335 rel
291 292 324 349 op
338 276 440 332 orando
452 278 584 349 appetatis
598 278 701 349 aliquid
715 288 852 334 terrenum
867 279 921 336 sic·
936 285 957 341 Α
972 280 1011 337 sis
1023 279 1152 337 Ecclesiae
1166 281 1322 353 episcopus,
1337 284 1429 354 cujus,
1443 286 1507 357 quia
1520 296 1585 345 tune
1596 303 1757 348 sacramen-

130 379 165 426 ut
177 368 228 436 illi,
242 366 348 438 quibus
371 365 538 438 improperat
556 366 709 439 Scriptura,
721 369 795 441 quod
814 390 824 422 ι
842 370 921 426 victi·
971 371 1007 424 tis
1019 369 1222 426 communicare
1237 372 1324 439 nolui,
1337 387 1400 429 cum
1411 375 1638 446 assemperidem
1648 387 1759 451 tempus

131 476 194 516 mas
211 477 221 512 ι
238 458 446 515 declinaverunt
466 479 475 512 ι
493 459 520 514 in
541 460 706 532 profundum
721 463 796 535 (Ore.
811 480 838 530 ι,
850 464 889 533 2).
909 482 918 514 ι
971 459 1101 532 Magister
1117 459 1285 528 scholarum,
1308 477 1360 518 nec
1374 464 1434 519 sine
1449 479 1512 520 meo
1526 466 1693 525 adminiculo
1706 486 1758 540 po·

129 551 195 621 Quo
205 559 302 608 contra
316 566 365 607 ros
377 552 403 606 iu
415 551 512 619 altum,
526 552 554 606 ln
566 551 667 609 Sancta
681 565 848 623 sanctorum,
861 573 922 627 quae
971 551 1090 606 luissent
1115 549 1237 605 ordinari
1260 552 1426 624 episcopalia
1450 553 1538 610 oliicia
1551 555 1578 610 in
1590 556 1757 628 augustensi

131 659 244 703 sursum
270 651 347 711 suut,
361 643 493 701 babentes
515 647 610 709 corda,
622 647 688 708 illue
700 649 782 704 etiam
796 649 921 719 dirigatis
971 641 1104 708 Ecclesia,
1118 652 1249 714 tanquam
1263 644 1373 701 rebellis
1383 646 1510 718 episcopo
1522 649 1683 719 compulsus
1693 666 1709 706 a
1719 652 1759 707 ci-

130 745 160 793 et
174 735 314 792 extollatis
338 751 444 801 manne,
461 736 544 792 idest
564 752 647 809 opera
663 749 753 795 nestra
767 747 795 796 et
817 739 922 796 sacrib-

131 829 187 896 eia,
199 836 227 885 et
239 827 382 882 benedicite
393 826 507 882 bomine
522 844 576 884 non
599 830 688 885 solunt
699 831 726 886 in
741 830 848 898 diebus,
863 833 922 903 qni-

130 917 185 973 bus
200 916 279 971 vobis
292 916 395 972 arridet
407 918 585 987 prosperitas,
601 920 649 976 sed
660 920 741 976 etiam
750 922 776 975 in
788 922 919 990 noctibas,

130 1006 245 1076 quando
258 1020 273 1062 a
289 1006 388 1062 timore
402 1016 537 1063 nocturno
561 1010 603 1064 rel
618 1024 633 1065 a
652 1012 760 1084 negotio
775 1014 921 1083 perambu-

129 1098 207 1154 lante
221 1099 249 1153 in
263 1099 382 1155 tenebris
392 1098 543 1170 fatigamini
555 1100 613 1157 siue
628 1103 697 1158 alios
711 1103 787 1160 scitis
800 1104 920 1178 fatigari,

129 1189 235 1258 quibus
260 1189 366 1245 debetis
393 1189 511 1260 compati
528 1192 653 1262 eaentplo
675 1193 746 1263 eius,
759 1195 806 1265 qui
828 1195 920 1253 dixit:

134 1298 144 1331 ι
167 1278 236 1347 Quis
247 1281 412 1347 infirmatur,
426 1289 454 1336 et
465 1296 517 1352 ego
530 1296 585 1338 non
599 1282 743 1341 inllrmorl
762 1287 830 1353 Quis
842 1304 922 1346 scau·

971 735 1055 790 ritate
1083 733 1205 804 lugerea
1221 734 1291 791 iaeie
1317 737 1540 808 persequentium
1566 754 1612 794 me
1638 740 1758 797 illiorum

971 826 1058 881 cedar
1072 826 1169 881 diverti
1185 825 1218 881 ad
1234 827 1393 882 coenobium
1416 827 1642 899 llettiubogense,
1664 831 1757 901 ibique

971 907 1130 988 aliquandiu
1157 912 1232 984 latui,
1248 917 1336 974 donec
1362 928 1490 975 cessante
1501 919 1547 975 ilia
1563 923 1757 990 commotione,
1846 950 1851 953 ·

972 1009 1000 1062 iu
1022 1024 1077 1080 qua
1090 1024 1144 1064 non
1158 1017 1218 1064 erat
1227 1008 1374 1077 Dominus,
1395 1010 1470 1066 veuit
1483 1011 1580 1067 sibilus
1590 1028 1665 1069 eure
1678 1014 1758 1085 lenis,

972 1099 1000 1154 in
1013 1115 1067 1170 qua
1089 1110 1149 1155 crat
1169 1099 1313 1168 bominus,
1325 1099 1430 1157 iaciens
1442 1109 1559 1173 utraque
1583 1119 1669 1161 uuum
1693 1121 1761 1163 ron·

971 1189 1066 1245 cordia
1082 1199 1206 1260 reparata
1226 1190 1298 1245 inter
1308 1190 1492 1247 sacerdotium
1506 1199 1534 1248 et
1551 1194 1698 1264 imperium
1713 1198 1762 1252 tri-

972 1280 1024 1336 bus
1044 1280 1142 1355 legatis
1165 1281 1323 1351 apostolicae
1351 1282 1436 1347 sedis,
1463 1281 1611 1340 lamberte
1633 1283 1763 1342 videlieet

129 1371 280 1439 deliratur,
302 1380 329 1427 et
345 1387 396 1443 ego
409 1387 464 1427 nou
489 1373 573 1428 uror?
586 1394 595 1427 ι
612 1373 658 1432 Sic
674 1376 734 1439 tibi,
756 1379 922 1437 adscensor
972 1369 1193 1427 flosllellsseilfflss
1208 1372 1346 1443 episcopo,
1359 1372 1406 1443 qui
1420 1382 1514 1443 90⁸²&
1528 1373 1617 1432 saulus
1634 1384 1677 1433 uti
1690 1391 1762 1449 pulla

130 1461 269 1531 graduum
282 1471 512 1531 praeostensorum
523 1462 692 1521 benedicenti
710 1464 923 1526 Dominumsive
972 1463 1062 1519 diulus
1089 1461 1250 1530 Honorius,
1283 1473 1311 1520 0¹
1333 1464 1465 1536 (ἷῐθεθΐῑθ
1488 1466 1606 1523 diuuuuu
1629 1468 1761 1525 cardinali

128 1549 261 1619 Domino,
273 1552 299 1607 id
312 1550 400 1608 estad
414 1552 545 1608 bonorem
561 1552 680 1623 Domini,
696 1557 826 1614 reddetur
848 1560 923 1617 nica·
973 1556 1059 1612 saneti
1077 1555 1178 1627 angeli,
1193 1557 1240 1628 qui
1254 1565 1348 1629 postea
1365 1556 1453 1613 iactus
1473 1566 1516 1614 est
1531 1573 1599 1629 papa
1613 1559 1703 1615 dictus
1715 1559 1761 1615 lnm

128 1642 207 1698 rium
223 1643 422 1700 benedictionis
435 1645 577 1714 praemium
592 1646 638 1701 tali
652 1648 849 1705 conclusione:
974 1647 1128 1713 nocentius,
1142 1655 1170 1703 et
1192 1645 1302 1702 Saxone
1317 1648 1476 1719 presbytero
1494 1648 1643 1715 cardinali;
1660 1650 1759 1716 tribus,

166 1731 254 1790 Vens.
275 1734 302 1789 3.
315 1733 459 1789 Benedicat
473 1745 498 1790 te
516 1735 646 1790 Dominae
660 1752 693 1791 ec
710 1736 786 1806 Sion,
798 1739 878 1810 cujus
889 1740 923 1798 de
973 1734 1098 1806 inquam,
1112 1735 1166 1791 illis
1182 1744 1247 1791 tunc
1266 1736 1401 1807 legatione
1411 1736 1587 1811 iungentibus
1601 1754 1761 1795 exeommu-

128 1821 201 1879 Sion
224 1824 307 1880 exirit
335 1823 377 1879 lex
402 1822 470 1879 Nori
496 1822 674 1894 Testamenti,
700 1828 811 1901 quando
833 1827 922 1886 iactes
973 1822 1075 1878 liuuliu
1093 1823 1482 1897 imperatoris-etprincipnm
1496 1826 1578 1883 simul
1601 1841 1761 1883 excommu-

129 1918 218 1973 ltomo
229 1916 316 1988 legent
329 1915 461 1986 implerit,
474 1916 578 1987 quique
589 1924 736 1986 numquam
756 1917 841 1974 home
855 1936 920 1991 pm.
971 1912 1127 1969 niratomm
1139 1914 1172 1970 de
1187 1915 1278 1971 medio
1300 1916 1407 1971 sublata
1421 1924 1474 1984 est,
1489 1926 1515 1972 et
1537 1917 1677 1973 simultate
1689 1916 1761 1973 inter

130 2008 242 2063 oederet
256 2022 289 2061 ec
304 2005 369 2062 Sion
383 2004 457 2062 Deus
471 2021 587 2062 manens
609 2022 671 2062 cum
683 2006 765 2065 Patre
778 2009 844 2078 Deo,
858 2013 921 2082 lecit
972 2004 1156 2060 sacerdotium
1169 2014 1197 2061 et
1209 2021 1323 2077 reguum
1337 2016 1476 2078 utcunque
1489 2008 1611 2079 mitigata
1622 2023 1675 2078 pax
1690 2008 1761 2063 iuter

129 2099 228 2155 celant
251 2108 277 2155 et
301 2108 410 2156 termae
428 2096 505 2157 Unde
528 2113 583 2156 uon
598 2099 687 2158 solum
704 2100 921 2163 iuterrcstrrbus
972 2095 1118 2153 fluminum
1143 2096 1336 2165 iffllefifflfflm
1367 2097 1515 2153 ”enricum
1541 2108 1568 2153 ⁰¹
1590 2114 1688 2181 papam
1710 2097 1763 2155 ΩΨ

130 2190 206 2253 calet
220 2196 281 2265 ejus
305 2194 471 2263 benedictio¹
487 2196 597 2267 qualem
616 2198 782 2255 desideravit
796 2198 868 2256 Esau
883 2201 923 2257 di·
972 2189 1070 2244 fliium
1088 2186 1195 2243 “miili
1207 2195 1259 2244 eli·
1275 2185 1322 2243 350
1345 2198 1407 2259 ll⁰⁵⁸
1429 2197 1618 2259 ‘mmmmm
1633 2205 1759 2261 mallim

131 2305 219 2346 cens:
238 2308 247 2341 a
265 2287 431 2344 Numquam
454 2297 560 2344 nannum
584 2290 799 2349 pengdtcpjonem
825 2293 920 2363 habes,
971 2278 1158 2350 subsequente
1178 2293 1278 2350 magua
1297 2278 1505 2350 tranquillitate,
1522 2294 1616 2335 resera
1631 2280 1760 2337 reutisct

131 2380 228 2437 l’ater?
241 2379 318 2449 (Gen.
331 2396 417 2447 rxvu,
434 2380 492 2451 58.)
511 2400 521 2434 ι
540 2379 594 2438 Sed
612 2382 694 2438 etiam
708 2384 735 2438 tn
752 2384 920 2453 coetesqpus,
971 2370 1041 2425 mari
1052 2369 1239 2436 sevientibus,
1252 2370 1397 2440 imperium
1409 2371 1509 2428 summi
1521 2370 1659 2445 pontilicis
1670 2381 1697 2428 et
1707 2372 1762 2428 im-

131 2472 207 2543 quali
231 2471 392 2527 benedictus
407 2478 450 2526 est
465 2470 559 2540 Jacob,
573 2473 617 2529 cui
633 2474 737 2530 dictum
759 2487 802 2534 est
819 2488 922 2549 epatre
971 2461 1107 2531 Wilwliss
1121 2470 1149 2517 ‘i
1174 2462 1368 2518 ⁰b0i¹5⁸¹¹¹lb¹¹⁸
1379 2463 1406 2518 ei
1417 2478 1470 2534 ΡΜ
1484 2461 1556 2519 ‘³0¹²
1581 2472 1634 2520 0³¹·
1652 2463 1698 2521 35⁰
1712 2481 1760 2536 per

131 2576 183 2618 suo
196 2578 224 2613 :a
238 2559 443 2617 Eceeodorlilii
454 2561 507 2617 mei
518 2562 732 2634 sieutodoragri
744 2566 827 2637 pleni,
840 2583 920 2637 quem
970 2553 1087 2624 limini
1103 2551 1150 2608 Μ
1165 2552 1284 2609 illumi
1301 2551 1433 2621 Eidem·
1452 2567 1514 2625 quae
1527 2570 1543 2610 ³
1556 2564 1679 2626 ῑθΨΡθῐθ
1692 2555 1760 2613 Gli·

130 2653 270 2729 ueneunn
292 2652 374 2721 ocus,
389 2666 442 2709 nc.
459 2652 536 2723 (oen.
564 2671 620 2721 nx,
634 2655 692 2726 at).
711 2675 721 2709 ι
742 2654 817 2712 run
842 2659 923 2713 num
971 2643 1161 2716 suiiuuimi
1177 2659 1228 2714 uro
1249 2644 1605 2702 conunuuneiuuuiurae
1618 2646 1705 2702 scissa
1718 2648 1760 2702 u·

130 2744 219 2800 dictio
236 2745 416 2814 complectens
431 2744 554 2801 coelestia
573 2754 602 2801 el
624 2747 763 2802 terrestria
778 2748 920 2816 beneficia,
970 2735 1088 2792 &billi
1104 2752 1111 2789 ²
1123 2750 1175 2807 28⁰
1186 2750 1202 2789 θ
1212 2735 1270 2806 iam
1282 2733 1356 2791 diiii)
1367 2736 1454 2790 ΝΜ
1465 2737 1605 2793 memmi&
1617 2735 1761 2795 fliliffllss·

131 2848 197 2890 cum
214 2833 412 2890 desideratura
432 2833 538 2902 multis,
551 2831 625 2889 Esau
648 2832 759 2905 qnoque
785 2836 922 2893 similibus
972 2843 1009 2883 uu
1024 2828 1155 2898 episcopo
1179 2828 1352 2897 Augustense
1364 2827 1516 2898 Angustam
1530 2844 1592 2884 sum
1604 2840 1760 2901 reuocatus,

130 2934 240 2981 terrena
265 2926 340 2981 lucra
359 2925 534 2992 venantibus,
549 2933 641 2981 tamen
668 2926 796 2996 provenit
816 2927 920 2983 solum·
934 2948 956 3007 Β
971 2929 999 2977 et
1009 2920 1045 2975 ab
1063 2920 1122 2990 ipso
1136 2929 1237 2976 etcum
1251 2920 1311 2990 ipso
1321 2917 1436 2974 llomam
1452 2919 1552 2975 duetus
1565 2920 1600 2976 ad
1614 2922 1760 2977 cornellium

128 3014 363 3086 mouenturque
385 3015 465 3070 multi
477 3015 586 3085 quidem
609 3025 735 3082 currunt,
752 3018 800 3074 sed
817 3037 827 3069 ι
847 3035 920 3074 nutts
972 3010 1136 3082 umiduulu
1159 3024 1227 3081 pupi!
1251 3008 1360 3065 Galillu
1371 3008 1549 3076 celebratum,
1567 3009 1594 3064 iu
1609 3024 1666 3080 uuo
1677 3011 1760 3067 ellum

128 3105 231 3176 accipit
250 3105 375 3161 bravium
392 3104 420 3175 (l
433 3104 495 3161 Cor.
511 3122 549 3174 ιι,
560 3106 618 3178 tt).
640 3126 649 3159 t
671 3105 747 3163 llude
761 3124 823 3164 cum
838 3124 921 3180 supe·
970 3104 1005 3179 de
1016 3101 1164 3159 eoncordia
1192 3100 1269 3172 regui
1284 3108 1312 3155 et
1327 3099 1473 3156 saeerdotii
1488 3114 1583 3156 coram
1598 3100 1696 3172 legatis
1710 3101 1761 3157 im·

128 3191 190 3248 rius
217 3194 321 3250 dictum
346 3195 382 3250 sit
407 3195 567 3266 pluraliter:
585 3195 736 3252 Benedicire
763 3196 918 3264 bominem,
970 3194 1123 3266 perialibns
1139 3201 1286 3250 tractatum
1301 3200 1354 3260 est,
1365 3199 1448 3263 prout
1460 3191 1631 3261 sapientibus
1645 3193 1701 3248 illic
1713 3194 1761 3250 ad·

128 3283 273 3340 condusio
291 3284 382 3341 finalis
406 3286 489 3342 ltabet
500 3286 668 3358 singularem
688 3305 845 3358 numerum,
857 3306 920 3347 cnm
971 3288 1064 3346 unctis
1079 3286 1169 3341 risum
1182 3293 1235 3340 est.

128 3375 181 3431 uni
197 3375 240 3430 vel
255 3375 346 3446 potius
360 3376 509 3431 multorum
522 3377 620 3433 unitati
635 3376 736 3435 dicitur
751 3396 759 3433 :
776 3379 920 3435 Benedicat
1009 3379 1047 3433 Ex
1060 3387 1127 3433 tunc
1141 3376 1209 3432 mibi
1233 3374 1369 3432 habitanti
1384 3373 1412 3429 in
1430 3373 1541 3430 civitate
1563 3374 1686 3446 Augusta
1697 3389 1760 3430 cum

130 3478 159 3526 le
173 3470 302 3535 beminen
317 3485 350 3525 en
362 3468 438 3536 Sion,
452 3473 498 3543 qai
512 3472 573 3542 lecit
587 3472 690 3537 celant,
702 3482 727 3527 et
739 3485 848 3529 tenant.
861 3474 921 3530 lloo
972 3473 1162 3529 inabitantibus
1172 3470 1260 3526 Cedat
1275 3467 1328 3524 luit
1341 3483 1395 3537 pax
1418 3466 1589 3538 aliquantula
1604 3466 1686 3522 etiam
1701 3482 1761 3522 cent

128 3563 229 3635 psalmi
257 3572 426 3633 sequentes,
454 3564 556 3634 quibus
581 3565 764 3635 praetitulatur
791 3567 919 3637 Alleluia,
971 3566 1012 3620 lie
1023 3566 1068 3635 qrti
1083 3565 1194 3619 oderant
1207 3576 1307 3632 pacem,
1324 3575 1387 3615 cum
1406 3559 1581 3614 nihilcoutra
1593 3573 1623 3614 sc
1637 3558 1760 3629 loquenti

129 3654 205 3724 quod
221 3653 435 3726 interpretatur:
452 3653 574 3709 landate
587 3654 749 3720 bominum,
762 3666 791 3711 et
805 3665 848 3713 est
859 3673 920 3713 car·
971 3659 1191 3729 qualemcunque
1202 3656 1348 3712 servabant
1359 3655 1520 3710 amicitiam.
1532 3651 1586 3709 Sed
1599 3669 1660 3708 cum
1672 3652 1761 3727 loque·

129 3758 194 3799 men
209 3744 373 3814 angelicum,
396 3745 462 3799 dant
475 3746 619 3801 materiam
637 3745 776 3801 stantibus
794 3748 822 3802 in
837 3748 920 3804 domo
971 3748 1020 3802 lar
1031 3748 1087 3803 illie
1099 3748 1134 3803 de
1159 3748 1290 3818 religione
1317 3745 1453 3803 clericalis
1467 3748 1695 3815 conuersationis,
1709 3748 1760 3804 int·

74 3878 83 3889 ,
131 3833 241 3890 llomini
265 3835 395 3891 laudandi
422 3852 530 3907 semper
556 3838 646 3908 ipsum
672 3839 830 3908 bominum,
852 3857 921 3912 quo-
971 3837 1124 3909 pnpnnlant
1152 3853 1193 3891 me
1211 3837 1307 3908 gralia,
1322 3852 1377 3892 non
1397 3845 1487 3892 tamen
1511 3846 1604 3907 aperta
1633 3853 1759 3908 persecu·

130 3926 206 3982 niam
229 3928 330 3996 botrus,
357 3928 488 3998 quoniam
514 3928 542 3983 in
569 3916 702 3985 aternum
731 3932 921 3988 misericordia
971 3932 1058 3997 tione,
1084 3929 1132 3987 sed
1148 3927 1325 3985 infestatione
1341 3927 1511 3984 clandestina
1527 3928 1762 3997 permorumdis·

131 4016 205 4087 ejus.
971 4021 1178 4078 similitudinem
1206 4030 1353 4093 gratantes
1378 4035 1439 4088 me,
1455 4018 1591 4073 nolentem
1611 4017 1656 4089 pie
1671 4010 1773 4075 tircre'

165 4107 226 4163 lam
255 4110 334 4180 quasi
355 4111 525 4169 transcensis
552 4111 710 4182 quindecim
733 4112 865 4183 gradibus
890 4115 920 4170 in
971 4114 1042 4170 inter
1055 4114 1164 4184 impios,
1178 4113 1252 4183 juste
1263 4112 1474 4181 interiuJustos,
1490 4110 1622 4182 religiose
1636 4111 1708 4166 inter
1722 4112 1761 4166 ir-

130 4200 214 4256 domo
224 4201 331 4257 bomini
342 4211 416 4258 esset
423 4204 609 4273 jubilandum.
621 4205 675 4263 Sed
686 4206 749 4278 qnia
762 4206 809 4261 lilii
821 4207 918 4277 (leder,
973 4205 1125 4277 religiosos,
1148 4204 1244 4275 quales
1270 4211 1350 4259 erant
1369 4203 1409 4257 ilii
1435 4212 1499 4258 tuuc
1511 4201 1565 4257 mei
1579 4201 1761 4257 concanonici

131 4308 195 4348 cum
216 4294 317 4364 quibus
330 4296 480 4367 aliquando
499 4299 677 4368 corporaliter
691 4299 823 4369 habitati,
835 4300 918 4356 etiarn
934 4276 1091 4371 Desrceptis
1103 4296 1210 4368 paucis,
1224 4296 1301 4371 justo
1321 4293 1373 4349 bot
1386 4292 1591 4360 consimilibus,
1602 4306 1657 4347 uon
1669 4300 1759 4348 tamen

131 4400 218 4451 nunc,
240 4386 305 4442 lieet
318 4387 398 4458 longe
420 4388 550 4457 positum,
569 4390 689 4461 grat-iter
708 4391 848 4462 inlestaut,
863 4408 918 4448 non
971 4391 1139 4464 peremnia,
1155 4388 1219 4460 quia
1244 4403 1301 4444 non
1313 4402 1375 4442 cum
1388 4386 1436 4442 illo
1459 4385 1573 4441 exibant
1586 4393 1613 4442 et
1627 4384 1760 4442 ascende-

131 4476 313 4548 incongruum
321 4486 387 4548 puto
399 4480 537 4536 succincte
545 4496 771 4551 commemorare,
779 4484 920 4555 ‹quomodo
970 4486 1037 4541 bant
1051 4484 1084 4538 ad
1098 4482 1198 4539 montis
1210 4481 1319 4548 altiora,
1332 4479 1377 4536 sed
1389 4479 1469 4551 quasi
1481 4489 1653 4535 remanentes
1668 4479 1697 4533 iu
1713 4477 1762 4534 Se·

132 4570 268 4642 incolatus
278 4586 356 4627 meas
372 4572 442 4626 inter
452 4587 501 4628 eos
516 4574 695 4646 prolongatus
709 4578 835 4648 gemendi
850 4577 918 4633 mibi
970 4589 1020 4648 gor
1032 4572 1146 4644 parvula
1163 4579 1326 4643 gemuerunt
1347 4585 1431 4641 super
1442 4569 1561 4626 ciuitatis
1585 4584 1693 4639 magnae
1706 4583 1762 4623 ma·

104 4713 107 4718 .
131 4678 216 4718 eausa
240 4663 332 4731 luerit,
348 4665 520 4736 qualiterque
533 4682 607 4723 nune
626 4668 841 4726 lieetabsentem
857 4687 920 4742 gra·
970 4683 1022 4738 gna
1039 4668 1118 4722 ruina
1135 4666 1163 4721 in
1177 4663 1367 4719 destructione
1379 4678 1486 4718 morum
1498 4661 1589 4732 potius
1602 4677 1684 4733 quam
1700 4677 1760 4715 mtr-

131 4758 256 4812 sarerint
266 4768 293 4813 et
310 4767 425 4827 gravent
439 4759 540 4815 adlrue.
969 4774 1074 4814 rorum.
1089 4757 1157 4813 Nam
1169 4764 1302 4827 quantum
1322 4756 1356 4810 ad
1370 4771 1475 4822 muros,
1491 4770 1588 4825 magna
1601 4763 1659 4809 erat
1673 4755 1761 4811 ecclc-

168 4848 250 4904 Eram
271 4850 371 4920 quippe
393 4849 420 4903 in
439 4849 583 4921 juventute
595 4866 656 4907 mea
667 4851 798 4909 Ecclesia
809 4854 919 4925 Augus·
970 4852 1022 4919 sia,
1038 4852 1086 4907 sed
1102 4851 1175 4904 nulla
1189 4864 1238 4903 scu
1263 4863 1346 4917 parva
1360 4856 1419 4902 erat
1431 4847 1457 4902 in
1471 4862 1502 4902 ea
1515 4846 1661 4918 disciplina
1671 4848 1759 4905 ecclc-

130 4943 217 4998 tensis
234 4942 325 4999 dictus
339 4944 490 5000 eanonicus
507 4946 670 5015 imperatore
688 4943 806 5001 ilenrico
824 4944 847 4999 u
871 4946 920 5001 ad·
970 4945 1093 5001 siastien.
1116 4941 1278 4997 Colraerebat
1300 4939 1352 5010 ipsi
1379 4938 1511 4995 Ecclesiae
1524 4938 1675 4997 claustrum
1690 4941 1759 4998 satis

130 5047 229 5088 sersus
243 5048 341 5104 papam
355 5033 491 5089 calixtum
505 5035 619 5106 grandia
632 5036 762 5092 moliente
774 5037 801 5091 in
814 5053 920 5094 cacon—
971 5038 1128 5103 honestum,
1144 5034 1192 5091 sed
1207 5050 1223 5089 a
1247 5035 1387 5093 claustrali
1414 5036 1548 5108 religione
1573 5036 1688 5092 omniuo
1711 5051 1760 5093 ua·

130 5123 292 5192 certatione,
308 5141 362 5196 qua
378 5126 528 5197 imperator
552 5126 623 5183 idem
638 5128 829 5184 coarctabatur
843 5131 920 5187 inre-
970 5144 1063 5196 cuum,
1081 5143 1143 5185 cum
1156 5142 1245 5200 ucque
1259 5129 1287 5184 in
1304 5129 1471 5185 dormitorio
1484 5127 1583 5185 iratres
1596 5127 1765 5195 dormirent,

131 5213 246 5271 stitnras
252 5218 501 5274 ecclesiasticarum
514 5219 677 5290 dignitatum
690 5221 747 5291 jam
759 5220 833 5277 dicto
843 5237 920 5293 papae
970 5237 1059 5293 neque
1073 5222 1100 5276 in
1112 5219 1258 5278 refectorio
1273 5222 1459 5290 comederent,
1473 5220 1595 5292 exceptis
1608 5219 1759 5276 rarissimis

132 5306 284 5378 resignare.
298 5308 377 5377 Quod
391 5310 436 5367 ille
448 5311 494 5367 diu
512 5312 654 5368 renuendo
676 5314 710 5369 ab
726 5313 785 5384 ipso
800 5315 918 5382 calixto,
971 5314 1059 5382 lestis,
1075 5313 1205 5382 manime,
1219 5314 1247 5369 in
1263 5314 1364 5386 quibus
1378 5312 1513 5370 Herodem
1531 5320 1759 5385 representarent

130 5396 249 5468 eiusque
260 5400 368 5459 danum
381 5403 602 5460 antecessoribus
617 5404 749 5462 Pasebalc
764 5420 797 5461 ac
810 5404 920 5461 Gelasio
969 5405 1073 5461 Christi
1085 5412 1299 5476 persecutorem,
1311 5392 1698 5475 parvuloruminteriectorem
1707 5419 1756 5460 seu

102 5530 107 5543 ,
130 5491 222 5548 iuerat
241 5495 495 5553 excommunicatus
509 5512 572 5553 cum
597 5499 655 5555 suis
670 5497 823 5555 lautoribus
842 5507 870 5555 ct
891 5500 919 5557 in
970 5498 1166 5554 ludisaliisaut
1176 5496 1339 5568 spectaculis
1347 5497 1426 5568 quasi
1437 5496 1616 5563 theatralibus
1624 5494 1757 5553 exulten-

133 5583 185 5638 trac
201 5598 230 5639 re
242 5585 424 5655 adiutoribus,
436 5600 553 5657 quorum
576 5604 648 5647 unus
662 5587 752 5646 inerat
764 5589 919 5663 Augusteu·
970 5587 1595 5663 discomportarctursymbolumadiaciendum
1601 5587 1756 5647 conuitium
