3892 6067
201 317 278 376 tritt
695 292 847 354 GERllfflll
868 284 1067 365 PRAEP081T[
1080 274 1343 342 attentassent:
1772 262 1848 319 tait

206 432 314 502 siparum
329 434 372 484 est
389 440 491 495 seraper
503 420 560 476 sire
575 415 737 488 diapsalma,
749 412 829 471 tertio
843 412 900 483 iant
915 424 1000 481 oppos
1012 410 1037 467 A
1049 417 1098 474 per
1111 398 1212 456 Christi
1224 402 1424 454 sacramentum
1437 386 1579 446 credentes
1589 386 1616 440 in
1626 396 1691 443 eunt
1704 377 1838 435 transmit

206 523 301 588 situm,
318 506 391 576 et'ln
404 514 549 591 antedictis
564 512 637 568 clare
650 510 844 566 discernuntur
856 504 917 562 duae
934 517 996 574 per-
1049 492 1080 546 tit
1094 490 1128 546 etl
1148 502 1263 560 regimim
1288 495 1419 541 aternum
1445 492 1538 536 omnia
1563 488 1692 547 operiens
1718 477 1847 541 aecem.

205 628 292 679 sona,
305 609 367 666 Filii
380 617 408 666 ct
423 606 543 680 Spiritus
560 604 659 671 sancti,
670 603 785 658 delectat
801 588 874 656 bane
889 597 997 653 tertiam
1048 598 1110 653 (1¹¹ae
1124 579 1290 653 sibilabunt
1308 584 1402 640 castra
1423 579 1489 630 sunt
1513 567 1715 641 AEayptioruur,
1726 570 1755 619 et
1768 560 1848 632 qood

204 711 311 776 partem
332 700 436 758 cantici
453 698 556 754 relerre
569 695 603 751 ad
624 693 768 766 propriam
784 702 929 763 personam
950 685 1000 741 Pa·
1048 678 1076 731 in
1090 676 1160 731 atari
1172 672 1256 745 buius
1266 665 1433 735 saeuitum
1446 669 1512 733 ¹erat
1525 661 1613 717 latrant
1624 670 1760 730 aquaram
1771 652 1848 708 nsul-

206 795 267 862 tris,
281 803 314 850 ut
327 794 365 849 sit
379 792 517 849 canticum
528 789 587 845 sirc
598 787 660 843 laos
676 785 760 841 totins
772 782 926 838 Trinitatis.
1049 780 1150 837 tarum
1160 767 1187 822 id
1197 762 1364 822 &simillium
1377 755 1497 814 winilis
1510 762 1538 810 θῑ
1549 749 1661 807 turbidi
1669 742 1849 810 contemtio

243 883 422 948 Maledicisti',
438 879 538 952 inquit,
548 878 658 949 sceptris
671 876 739 948 ejas,
753 884 807 931 etc.
819 874 858 929 Ac
869 873 892 929 si
905 871 998 928 diras:
1050 861 1183 935 gentium,
1200 859 1271 913 oium
1284 853 1370 924 fecisti
1382 850 1437 905 illis
1452 847 1526 917 epatis
1548 844 1613 910 assis,
1625 841 1660 899 ds
1678 839 1782 912 quibus
1794 850 1848 892 sa·

206 978 266 1036 Nou
282 980 334 1036 baa
352 978 412 1034 vice
423 977 525 1042 solum,
540 990 594 1028 non
613 972 665 1027 bac
679 971 738 1025 ricc
756 966 875 1040 primum
888 976 1001 1036 percus·
1050 971 1099 1027 pra
1112 951 1167 1009 dixi
1181 967 1189 1005 τ
1201 948 1254 1016 Qsi
1263 944 1386 1002 ascendes
1403 956 1484 1011 supra
1498 952 1576 1009 spatas
1595 943 1654 990 taos
1666 941 1692 988 et
1706 928 1849 1004 quadripes

207 1080 312 1129 soscst
342 1067 577 1142 impiusquauuo
610 1079 708 1135 passus
732 1068 775 1116 est
797 1054 1001 1119 Claristusrsed
1052 1042 1240 1103 taoesotoutio.

206 1165 262 1236 jam
276 1163 380 1219 dudum
392 1162 538 1218 damnatus
552 1156 652 1223 lucrat,
664 1163 691 1210 et
702 1152 799 1224 triplex
814 1160 857 1207 est
866 1147 1000 1221 indicium
1087 1139 1171 1194 Vens.
1188 1134 1233 1189 lli.
1254 1129 1360 1191 Audiri,
1371 1136 1396 1183 et
1416 1124 1590 1180 cautorbatas
1607 1125 1649 1174 est
1661 1126 1849 1183 reattractus,

207 1256 393 1314 damnationis
416 1255 486 1324 ejus.
521 1250 645 1307 Primam
672 1254 715 1303 cst
741 1245 815 1317 qrrod
838 1240 1003 1298 maledixisti
1052 1248 1142 1290 saoce
1152 1229 1364 1283 contremuerunt
1373 1218 1448 1273 labia
1458 1231 1527 1270 mea.
1539 1208 1698 1268 Versiculos
1707 1208 1760 1264 iste
1774 1205 1850 1271 idem

207 1351 318 1422 sceptris
340 1348 410 1420 ep'ts,
423 1344 574 1404 meandum
589 1340 663 1413 quod
678 1338 843 1395 soaiediaisti
853 1334 936 1405 copiti
945 1332 1002 1387 iet·
1053 1334 1144 1392 sonat,
1159 1318 1339 1386 eamdemque
1363 1306 1572 1367 admirationem
1584 1310 1709 1368 renotat,
1721 1312 1805 1370 quam
1818 1296 1851 1353 in

207 1443 323 1497 latorum
336 1440 404 1510 ejus,
418 1440 527 1495 tertiam
538 1435 611 1508 quod
624 1432 789 1490 arroledicirti
801 1429 908 1486 cunctis
922 1428 1005 1483 beilo-
1055 1419 1133 1476 initio
1148 1409 1280 1486 praemisit
1296 1427 1303 1462 :
1322 1404 1445 1467 Damius,
1459 1399 1599 1470 inquiens,
1614 1394 1705 1450 audiri
1727 1389 1852 1447 uotiua·

208 1532 380 1605 cantoratus
392 1531 555 1588 venientibus
566 1537 594 1583 ert
607 1526 683 1582 turbo
695 1525 730 1580 ad
739 1522 939 1594 disperpeadam
952 1538 1003 1577 mc.
1055 1526 1114 1566 item
1131 1518 1215 1570 didm,
1226 1510 1252 1559 ΙΙ
1263 1498 1351 1555 fimus·
1368 1491 1502 1563 ΕΙΡθθῑΙῙῑ
1514 1488 1579 1561 (ΙῦῙᾶ
1600 1484 1717 1543 “umens
1740 1480 1851 1537 ῑῙῐΝῙῧ·

208 1622 287 1683 'luno
304 1622 469 1680 maledixisti
487 1620 597 1693 sceptris
617 1617 686 1688 ejas,
699 1615 810 1687 quando
825 1615 852 1669 in
869 1614 939 1671 coslo
953 1613 998 1669 da·
1055 1609 1146 1669 senet
1164 1611 1238 1654 nunc
1252 1594 1363 1650 dernnm
1380 1585 1461 1658 'quasi
1477 1581 1615 1655 perillam
1635 1579 1704 1635 bene
1716 1573 1852 1631 ordimur

1055 1692 1189 1755 orationis
1219 1694 1341 1760 partem,
1368 1694 1451 1752 quant
1479 1677 1604 1731 rhetores
1630 1665 1851 1739 complexiouein

1055 1794 1164 1851 rotatu,
1177 1782 1210 1839 ad
1223 1779 1340 1850 primam
1355 1768 1572 1845 propositionem
1597 1762 1717 1825 radiens,
1744 1754 1850 1821 ordiri,

1056 1878 1155 1952 lnquit,
1167 1883 1192 1930 ct
1204 1869 1377 1928 conturbatas
1391 1872 1431 1919 est
1444 1868 1533 1916 mutar
1547 1871 1632 1920 amas,
1643 1869 1660 1907 a
1671 1866 1731 1907 core
1743 1857 1852 1903 contre·

1056 1975 1179 2027 macconi
1200 1963 1273 2017 labio
1296 1974 1365 2013 urea.
1378 1948 1560 2010 Cottius-batia
1581 1947 1641 2002 baec
1663 1942 1724 1999 sire
1748 1949 1853 1996 tremor

1057 2066 1108 2122 iste
1120 2055 1249 2130 optabilis
1263 2061 1316 2116 est,
1331 2047 1396 2119 quia
1410 2043 1487 2100 utilis
1501 2048 1555 2106 est,
1566 2047 1753 2108 magnumque
1764 2030 1855 2087 dirirri

1057 2163 1195 2228 respectus
1228 2144 1445 2204 emolumentum
1488 2133 1581 2191 babet.
1603 2129 1652 2185 dit
1673 2127 1768 2185 eninr:
1785 2123 1857 2179 «Ad

1057 2264 1138 2323 qoem
1150 2246 1242 2302 autem
1257 2233 1387 2306 respiciat
1403 2228 1457 2286 uisi
1473 2227 1508 2283 ad
1521 2220 1732 2297 pauperculum,
1744 2225 1856 2277 moon·

1058 2342 1153 2399 tritum
1168 2333 1278 2407 spiritu,
1288 2336 1317 2385 et
1331 2331 1493 2382 trainensem
1509 2328 1651 2375 sermones
1664 2309 1758 2368 meost
1769 2304 1854 2382 (lsai.

207 1719 309 1774 sanasti
325 1717 481 1787 snperbiam
495 1716 556 1785 ejus
575 1712 693 1768 volentis
707 1720 799 1766 tenero
818 1715 927 1778 sceptra
940 1705 1003 1761 emti
1020 1743 1042 1798 B

208 1811 388 1880 divinumque
413 1806 600 1877 imperiumst
621 1819 651 1859 se
671 1803 760 1873 ipsum
786 1799 875 1855 lacera
893 1796 1004 1854 altissi-

209 1917 298 1959 mum.
312 1899 423 1955 Dicebat
434 1898 507 1954 enim
521 1899 549 1953 iu
560 1895 644 1953 corde
654 1908 707 1952 sno
722 1910 729 1948 :
746 1911 755 1943 s
773 1890 877 1947 Similis
893 1904 941 1945 ero
955 1887 1004 1942 stl-

210 1994 318 2052 tissimo
329 1991 408 2061 (laci.
425 2006 481 2057 atr,
497 1988 552 2051 lta.
571 2007 581 2040 r
600 1986 656 2043 ltbs
682 1984 742 2055 ejus
759 1982 874 2052 sceptris
893 1979 1006 2035 maledi·

210 2088 287 2153 aisti,
300 2085 326 2142 id
341 2093 384 2140 est
396 2092 508 2155 propter
519 2080 592 2136 illam
608 2076 850 2150 praesumptionem
864 2074 1005 2143 irrecupe-

211 2176 334 2234 rabiliter
347 2176 424 2252 illum
449 2172 596 2231 damnasti.
612 2169 690 2227 Tunc
700 2183 764 2224 uero
778 2164 943 2223 maledixisti
958 2180 1006 2218 co·

210 2271 262 2342 piri
276 2267 433 2325 bellatorum
452 2265 643 2339 ep'sss‚quaud0
660 2261 754 2320 dixisti
781 2259 815 2317 ad
840 2267 1005 2331 serpentem,

211 2378 262 2434 per
274 2377 357 2433 quom
372 2360 479 2431 decepit
497 2360 649 2424 bominem,
661 2356 734 2428 quod
748 2353 801 2409 tuit
819 2352 929 2408 initium
943 2348 1007 2406 belli

212 2455 274 2526 ciras
285 2462 381 2510 cosrtra
399 2454 552 2510 bumauum
571 2465 667 2523 genus,
679 2446 752 2504 unde
765 2454 793 2502 et
807 2444 879 2500 idem
895 2456 1008 2512 serpens
1058 2450 1132 2499 tura,
1145 2430 1186 2502 Ι.)
1779 2491 1786 2506 ·

212 2560 288 2607 recta
301 2548 402 2606 dicitnr
421 2555 503 2618 eaput
525 2545 687 2601 bellatorum
701 2539 762 2610 ejus
778 2559 785 2595 ε
802 2557 812 2590 s
829 2537 899 2604 Quia
919 2533 1009 2590 lecistl
1092 2522 1264 2583 Corrturbato
1281 2528 1346 2586 ergo
1371 2517 1482 2573 uentre,
1494 2512 1553 2560 eta
1573 2513 1651 2565 voce,
1671 2510 1755 2568 qoam
1778 2501 1862 2548 tutus

213 2641 278 2706 boc,
294 2639 457 2696 maledictus
469 2637 525 2694 eris
552 2635 623 2691 inter
638 2633 730 2689 omnia
745 2628 894 2687 animantia
913 2634 941 2682 et
964 2625 1010 2681 be·
1059 2620 1200 2681 audierat,
1223 2601 1500 2669 contremiscentibus
1520 2593 1620 2659 labiis,
1634 2597 1710 2661 optat
1728 2585 1862 2691 camdem

213 2733 282 2790 atlas
309 2741 399 2797 terrae,
427 2737 483 2787 etc,
498 2725 574 2798 (Gen.
600 2726 694 2795 ur‚i).
714 2721 767 2777 rlu
800 2728 925 2791 serpente
951 2719 1010 2788 ipse
1061 2705 1302 2771 conturbationem
1317 2705 1344 2754 et
1360 2704 1508 2751 tremorem
1532 2684 1586 2743 sibi
1609 2682 1781 2781 adaugerset
1803 2689 1861 2745 op-

214 2822 438 2890 maledicebam,
450 2830 478 2877 et
492 2835 525 2877 ex
543 2834 576 2875 eo
594 2815 757 2873 vocabulum
769 2811 897 2883 sumpsit,
913 2818 944 2866 ut
959 2824 1009 2864 ro·
1061 2803 1143 2863 tando
1168 2797 1233 2856 dicit
1251 2815 1258 2849 ε
1277 2789 1448 2864 luprediotssr
1470 2776 1580 2852 putredo
1604 2773 1707 2830 assibus
1731 2783 1793 2824 mm
1805 2774 1860 2870 ’f‘

214 2923 293 2973 cetur
306 2930 412 2987 serpens
428 2914 564 2985 antiquus.
579 2907 718 2966 batemcis
742 2921 816 2961 nunc
840 2916 927 2973 usquc
940 2916 1010 2956 crass·
1060 2898 1150 2955 saites
1163 2892 1325 2949 messuisti,
1338 2890 1367 2935 at
1381 2875 1543 2948 requiescam
1558 2869 1588 2924 ira
1604 2866 1648 2921 die
1662 2860 1861 2921 tiibaiotrorrss,

215 3005 268 3064 etis
282 3003 454 3060 bellatoribus
468 3003 526 3073 ejas
544 2998 706 3057 oeuieatr'bas
722 3006 751 3052 at
770 2994 846 3051 tardo
860 2993 895 3048 od
908 2991 1011 3061 disper·
1061 3002 1085 3046 et
1100 2984 1242 3043 aseersdasu
1259 2977 1294 3032 ad
1315 2970 1442 3045 populant
1456 2965 1603 3021 accinctam
1615 2965 1745 3012 norimus.
1756 2951 1863 3008 Gratu-

216 3095 328 3168 pemiarrs
343 3111 384 3149 rue
401 3101 428 3149 et
441 3100 557 3150 aritretus
571 3075 676 3145 siuiiles
691 3089 743 3141 mei
762 3079 1009 3140 amenissimum·
1023 3080 1045 3136 G
1062 3082 1113 3144 lor,
1127 3073 1226 3146 inquit,
1240 3066 1313 3141 quod
1327 3065 1417 3121 dicere
1428 3058 1486 3130 jam
1509 3051 1604 3125 potui:
1622 3044 1800 3144 consociatas
1814 3050 1863 3096 esa

216 3202 280 3244 rum
297 3186 405 3258 primus
426 3183 478 3240 luit
504 3181 614 3237 Pharao
639 3194 687 3234 res
707 3176 828 3248 AEgypti,
842 3172 1012 3229 norissimus
1064 3180 1153 3226 center
1163 3179 1247 3230 mers,
1259 3157 1332 3231 quod
1343 3155 1435 3211 dicere
1450 3148 1496 3204 ilie
1514 3160 1567 3201 non
1590 3146 1721 3202 meretur.
1736 3148 1782 3205 iffi
1798 3145 1864 3234 ΜΡ

217 3279 271 3338 orit
293 3275 490 3334 Antichristus.
508 3273 554 3329 tlte
587 3284 706 3341 namque
731 3267 858 3323 uidelicet
887 3263 1014 3329 Plrarao,
1064 3262 1148 3319 babet
1168 3249 1379 3314 teneritudinem
1392 3240 1507 3303 reatris,
1531 3232 1628 3291 iurod
1664 3228 1692 3243 ''

217 3372 325 3443 primus
347 3378 411 3441 post
435 3367 548 3423 terbum
572 3361 782 3435 promissionis,
801 3359 875 3415 uelut
902 3355 1013 3427 quidam
1065 3365 1196 3424 tanquam
1209 3345 1337 3403 duritiam
1350 3335 1458 3409 lapidis,
1468 3330 1548 3401 culus
1562 3341 1611 3383 cor
1624 3315 1868 3379 bensuoncmol·

220 3464 296 3519 turbo
318 3462 476 3532 dispergere
493 3472 537 3512 me
559 3455 654 3522 noluit,
667 3452 746 3509 blost
761 3450 869 3506 aulerrc
886 3445 952 3503 nribi
972 3443 1015 3500 el·
1066 3446 1135 3511 liris,
1150 3439 1275 3512 qualium
1302 3432 1411 3488 Pbarao
1434 3439 1482 3480 rex
1501 3416 1612 3491 AEgppti
1634 3410 1795 3469 notissimus
1810 3405 1867 3461 ba·

219 3547 579 3626 lectumjuramerrti,quod
601 3547 634 3602 ml
649 3545 788 3600 Abrabam
809 3540 909 3612 jurasti
924 3538 952 3593 in
969 3554 1015 3593 re·
1067 3540 1146 3595 betur
1175 3535 1203 3587 irs
1229 3525 1332 3586 sanetis
1359 3515 1521 3589 Scripturis.
1546 3507 1692 3569 Gratulor,
1725 3501 1863 3605 inquamt

219 3646 409 3720 promissione
432 3641 507 3700 beati
525 3639 654 3705 sentinis,
667 3637 694 3693 id
715 3645 757 3692 cst
779 3630 1017 3702 chrismarent
1067 3628 1139 3701 prod
1161 3637 1246 3695 opera
1269 3628 1336 3679 tua,
1363 3610 1495 3670 Domine,
1527 3599 1704 3658 considerans
1731 3600 1865 3647 tutrernm

220 3739 328 3796 nullom
339 3736 444 3793 reniret
457 3748 562 3799 scnrcu,
578 3728 716 3786 masculos
728 3740 825 3781 omrres
840 3721 931 3778 necari
946 3734 1017 3790 prae·
1068 3738 1117 3794 por
1140 3716 1273 3790 Spiritum
1293 3704 1457 3763 humilitatis

221 3830 303 3901 cepit.
319 3826 372 3884 Sed
384 3827 451 3898 qtrirl
463 3820 651 3887 ,illiutcaetcris
662 3815 825 3890 provenerit,
836 3813 899 3884 quis
915 3807 1019 3865 nescit?
1069 3815 1206 3882 adaugeas
1236 3800 1420 3859 transilitorem
1443 3790 1550 3848 carobs.
1580 3794 1610 3839 ut
1634 3782 1749 3850 loquens
1774 3771 1809 3829 ad
1840 3780 1868 3874 te

261 3919 343 3975 Vens.
364 3918 407 3973 ld.
434 3914 509 3971 Viam
525 3912 651 3985 fecistiiu
669 3908 738 3964 arari
757 3907 828 3978 equis
848 3905 900 3958 tais
914 3904 941 3957 ia
962 3900 1019 3955 lato
1069 3902 1216 3961 nominum
1243 3905 1335 3950 meum
1356 3883 1444 3955 magis
1465 3895 1497 3935 ac
1520 3873 1608 3946 ntagis
1630 3880 1776 3943 agnoscam
1795 3876 1870 3935 quta

224 4025 354 4083 spatarum
377 4007 532 4062 ascitarum.
553 4005 678 4073 Cumque
697 4000 742 4056 ille
755 4010 923 4067 persequens
935 4008 1020 4049 ausus
1070 3996 1161 4074 pulvis
1175 3994 1228 4049 sim
1244 3997 1272 4045 et
1284 3983 1365 4048 ciuis,
1382 3990 1502 4046 moxque
1515 3970 1625 4026 luiturus
1642 3960 1755 4036 putredo
1764 3966 1790 4014 et
1801 3971 1872 4013 ref.

223 4114 297 4164 esses
309 4111 372 4175 pust
388 4095 564 4169 obstupeat,
579 4094 739 4152 submersus
757 4097 800 4146 est
815 4103 878 4144 eum
898 4084 1020 4141 exeram
1072 4091 1135 4146 mis.
1148 4081 1266 4140 rosseto
1286 4076 1343 4141 itta,
1358 4072 1385 4128 td
1397 4077 1440 4126 ess
1455 4060 1606 4138 patrocinis
1629 4056 1704 4112 ttttus
1720 4048 1871 4135 tremoris,

225 4212 278 4256 suo
292 4195 320 4251 in
335 4191 417 4259 mari,
429 4199 456 4246 et
469 4189 505 4244 ibi
524 4185 646 4258 dejecisti
662 4199 737 4248 curn,
749 4191 776 4236 et
786 4180 866 4252 periit
880 4194 943 4235 eum
954 4193 1021 4234 cur·
1072 4197 1126 4256 qua
1136 4171 1313 4251 postmodum
1327 4175 1494 4238 putrescant,
1509 4158 1536 4211 ia
1547 4151 1650 4209 assidat
1659 4148 1725 4202 meis
1737 4153 1762 4199 et
1775 4142 1876 4196 subter

1481 3718 1488 3753 :
1516 3704 1580 3766 opto
1602 3698 1713 3752 aatcnr,
1733 3693 1764 3740 ut
1791 3680 1865 3737 mibi

225 4291 303 4347 ribus
314 4297 341 4343 ct
359 4283 498 4356 equitibus
519 4280 587 4337 suis.
601 4275 640 4333 llli
664 4274 744 4346 primi
767 4273 878 4328 luerunt
897 4270 1021 4327 omnium
1073 4290 1114 4329 me
1133 4275 1244 4331 scamas,
1256 4260 1284 4318 id
1302 4266 1346 4314 est
1369 4250 1495 4309 humiliet
1513 4253 1613 4307 totum,
1625 4233 1758 4311 orridquid
1773 4240 1821 4288 est
1844 4231 1875 4285 in

226 4377 417 4453 persecutione
428 4371 571 4429 nranilesta
583 4366 806 4441 persequentium
816 4377 914 4419 nornen
925 4370 1020 4416 tuum:
1074 4380 1128 4429 me,
1145 4356 1255 4416 virtutis
1268 4359 1317 4408 am
1335 4345 1400 4404 boui
1414 4342 1517 4415 operis,
1529 4346 1556 4393 et
1573 4335 1601 4389 in
1617 4330 1709 4388 radice
1721 4324 1827 4390 cordis,
1843 4324 1875 4378 ln

227 4470 319 4531 careri
350 4482 447 4524 omnes
484 4464 557 4520 sieut
589 4459 693 4516 similes
724 4467 789 4515 sunt
822 4457 864 4511 rcl
892 4454 1020 4517 luerunt,
1076 4454 1211 4530 profundo
1227 4441 1404 4507 conscientias
1432 4435 1521 4507 „ragis
1548 4446 1581 4486 m
1604 4426 1692 4498 plagis
1716 4426 1874 4509 seem,

227 4565 267 4622 ita
281 4561 397 4618 similem
410 4557 462 4614 sibi
472 4551 674 4611 damnationem
688 4547 876 4619 acquisierunt
888 4554 915 4601 et
929 4543 1023 4616 acqrri-
1077 4548 1178 4605 parpes
1189 4543 1264 4601 enam
1280 4540 1336 4604 per,
1354 4541 1383 4588 pr
1398 4528 1559 4601 requiescum
1574 4522 1602 4575 m
1616 4519 1660 4572 atie
1676 4509 1875 4569 retentationis,

227 4663 304 4713 ‘¹¹¹¹‘-
319 4653 354 4709 ΕΙ
376 4651 450 4721 lusui
464 4644 601 4704 maledicti
626 4649 691 4699 ⁵⁰⁰¹
715 4638 853 4693 &mmm
876 4636 1011 4708 elUSsswt'l
1076 4640 1154 4709 Quml
1166 4628 1394 4693 scietrsChristus
1406 4632 1481 4683 tuus,
1494 4617 1541 4672 rsiri
1551 4612 1617 4669 dis-it
1636 4626 1642 4661 ε
1662 4605 1784 4661 «btsrirc
1796 4615 1814 4655 a
1827 4615 1876 4655 nse

230 4748 296 4820 (1⁰5²
312 4744 340 4802 ῙῙΙ
354 4747 407 4802 ¹¹⁰⁰
424 4744 483 4816 ἰΙΙΒΙ)
497 4738 646 4800 emmim,
659 4732 731 4805 (1¹¹0d
750 4738 828 4787 lici!
844 4730 885 4785 01⁵
900 4726 1025 4784 occidere
1075 4732 1140 4805 qrria
1161 4727 1235 4784 mitis
1250 4737 1311 4779 snm
1336 4729 1362 4773 ct
1377 4711 1490 4770 humilis
1503 4707 1597 4771 corde,
1621 4721 1632 4755 r
1648 4698 1741 4756 statim
1753 4696 1806 4749 boa
1825 4691 1876 4746 ad»

231 4847 260 4895 a
278 4833 502 4909 persequaqmu
526 4840 568 4888 ess
591 4824 738 4885 assimilari
759 4820 924 4878 aramum
945 4818 1027 4873 Anti·
1076 4823 1144 4880 utun
1161 4838 1168 4875 ι
1183 4837 1193 4871 t
1208 4816 1242 4872 nr
1260 4807 1405 4869 invasurus
1433 4800 1555 4873 requam
1594 4789 1740 4850 aurosam
1771 4782 1877 4839 rme

233 4929 347 4987 cbristo.
374 4925 430 4982 lloc
451 4922 584 4995 estquod
606 4921 645 4975 ait
659 4937 667 4973 a
681 4913 835 4972 Easultotio
851 4928 940 4968 eornm
956 4910 1026 4966 sicat
1078 4912 1188 4988 (traam,
1212 4924 1252 4975 ῃ,
1276 4904 1363 4974 99),,
1390 4896 1424 4951 Ε(
1443 4893 1506 4966 quis
1520 4890 1567 4945 itte
1589 4888 1646 4941 ates
1664 4874 1878 4937 impanatores!

232 5020 290 5092 ejas
304 5019 351 5092 poi
361 5018 469 5074 decorat
492 5028 632 5086 pauperem
652 5011 680 5065 ira
695 5007 859 5063 abscendito.
872 5003 940 5072 Quis
952 5002 1026 5058 enirn
1079 5006 1139 5062 Non
1155 5005 1236 5072 longe
1260 5000 1408 5068 quaemmr,
1438 4984 1506 5040 Nam
1532 4983 1586 5037 tuoe
1608 4986 1734 5046 tempus,
1762 4969 1789 5023 in
1816 4980 1878 5038 quo

233 5123 277 5169 est
301 5111 363 5179 tlte,
378 5111 423 5182 pai
444 5109 553 5164 decorat
573 5120 714 5177 pauperem
735 5104 762 5157 iu
793 5099 947 5156 abscondito
974 5094 1028 5150 nisi
1081 5112 1189 5161 sumus,
1220 5093 1248 5146 in
1279 5102 1335 5159 qao
1362 5080 1492 5143 vivimus,
1519 5073 1577 5128 dies
1612 5060 1793 5123 retentationis
1821 5069 1877 5114 aa.

233 5209 282 5268 ¹¹¹0
307 5208 355 5280 (ΙΙΙἱ
378 5205 444 5262 dum
482 5201 683 5265 insidiamur
706 5196 796 5267 lapidi
827 5206 986 5265 pauperem,
1002 5195 1030 5243 ei
1080 5191 1143 5246 Sive
1155 5181 1329 5257 singulariter
1342 5176 1415 5232 diem
1436 5171 1495 5226 sive
1521 5162 1665 5238 pluraliter
1676 5156 1736 5214 dies
1752 5152 1876 5257 dixer-ss,

234 5312 371 5378 qnantum
386 5306 487 5372 potest,
501 5295 592 5367 rapit,
610 5292 677 5349 dicit
702 5290 729 5347 in
757 5289 840 5347 eorde
861 5302 935 5341 sua:
958 5283 1029 5337 Deras
1081 5283 1140 5338 (ties
1162 5271 1347 5334 tribulationis
1373 5273 1426 5333 est,
1448 5262 1508 5318 dies
1529 5255 1594 5313 mall
1613 5260 1692 5318 suns,
1712 5261 1780 5320 qma
1801 5244 1878 5315 plear

235 5414 288 5455 stoa
300 5397 413 5467 requiret
423 5390 478 5448 ?Et
491 5388 603 5461 quidem
618 5384 684 5441 illud
700 5395 829 5453 magorum
841 5387 868 5434 et
879 5374 1029 5448 gloriosum
1081 5381 1145 5430 suut
1158 5365 1290 5430 adversis,
1304 5358 1377 5433 pleni
1392 5364 1456 5413 smrt
1469 5348 1599 5424 peccatis.
1615 5366 1625 5399 s
1640 5343 1741 5399 Beatus
1751 5339 1875 5401 bomo

237 5492 300 5555 luit,
317 5491 390 5561 quoti
407 5490 485 5545 illum
505 5499 636 5543 carneum
651 5481 831 5544 Pharaonem,
848 5482 874 5531 et
888 5486 987 5529 currrrs
1005 5479 1033 5525 ct
1082 5462 1171 5536 inqrrit
1184 5456 1341 5519 bestamo,
1360 5469 1370 5502 s
1391 5463 1471 5521 qrsem
1498 5453 1527 5499 tu
1549 5435 1694 5505 enrdieria,
1710 5431 1838 5534 Domine,
1850 5432 1879 5480 et

238 5582 389 5637 exercitum
407 5581 553 5649 ejusmare
570 5574 693 5646 operuit;
709 5573 761 5627 tuis
780 5577 870 5623 autam
890 5563 962 5635 cquis
975 5561 1032 5618 siro
1083 5559 1117 5613 de
1136 5556 1196 5627 lego
1212 5560 1259 5606 tua
1273 5543 1402 5604 docueris
1418 5554 1493 5605 euna,
1509 5544 1540 5592 ut
1564 5528 1675 5621 mitiges
1695 5522 1724 5585 ti
1742 5520 1878 5581 sams

239 5668 441 5723 bominibusia
464 5667 559 5721 eodem
584 5663 740 5718 moriciaru
762 5656 926 5728 serissima
947 5654 1033 5708 nartlto
1084 5642 1265 5715 malisll’soi.
1283 5636 1473 5705 scsttt,15).r
1496 5629 1572 5685 lianc
1599 5619 1743 5681 inicam
1766 5614 1877 5716 '‘mii''

241 5756 329 5825 ³⁰³8*ss
354 5756 492 5826 'bulliite
519 5753 664 5825 ld0rl⁰slt¹s
678 5760 734 5817 est,
754 5750 826 5821 quad
850 5733 944 5804 eadem
964 5761 1033 5815 apum
1085 5743 1186 5798 tionem
1199 5737 1254 5808 jara
1268 5728 1495 5792 dictustlbrist'ns
1513 5731 1577 5779 tuus
1598 5717 1659 5774 loco
1673 5714 1876 5770 memoratam
