3892 6067
206 7 275 61 1699
780 31 785 42 -
977 0 1002 29 ⁶*
1085 0 1088 1 ’

204 120 269 175 dam
287 116 461 189 oosjunmae
483 108 645 169 siveotnuis
667 105 776 162 virtutis
799 113 938 176 appareat,
954 97 1135 161 ibitttcmiui
1164 97 1241 167 (luc.
1257 94 1307 164 rr).
1338 91 1372 148 Et
1397 93 1456 148 Ιιιεε
1482 86 1780 162 proportionaliter.
1818 84 1896 141 Um·

205 209 346 279 plenitudo
360 207 466 262 iructus
485 209 622 271 carpatur.
643 197 690 256 Sic
709 198 750 253 sic
765 197 800 252 ab
814 197 992 253 inchoatione
1042 198 1109 245 ost:
1136 188 1248 242 Dimitte
1267 185 1438 253 audientest
1460 184 1631 240 dimittinius
1654 179 1810 252 (Matth-
1843 184 1891 246 ιιι.

206 314 257 366 per
270 297 418 366 proiectum
435 294 474 348 ad
482 291 629 362 perlectum
639 289 753 361 justitie
768 288 902 358 dirigendi
916 296 992 357 suut,
1043 278 1097 347 Et,
1119 278 1181 345 Quo
1198 293 1322 333 turmore
1349 276 1434 332 tratti
1449 276 1573 347 (tedia,
1596 275 1794 330 remetietur
1820 275 1893 326 eati

206 388 293 458 quiin
307 381 866 452 virtutebcotitudiuemquarunt:cujus
880 380 993 436 iucltoa-
1044 371 1156 442 (Matid-
1182 370 1244 441 ιιι).
1262 369 1399 440 Amplius·
1430 367 1584 441 Utriusque
1612 367 1737 441 speciei
1776 367 1915 439 tripu-r

206 478 245 533 tio
262 478 372 547 quidem
392 477 524 538 continet,
541 473 784 542 nunriniiujuriom
802 473 903 539 iacere,
930 488 994 544 pro-
1044 465 1093 520 tita
1109 473 1152 520 osi
1175 463 1285 519 divisio·
1297 461 1347 518 Est
1368 460 1444 517 enim
1468 462 1669 518 misericordia
1684 462 1723 517 itt
1754 471 1888 532 utrm

206 569 411 623 luctusillatam
440 567 575 636 patienter
598 565 680 629 ierre,
704 563 836 635 periectio
864 566 993 619 omnibus
1044 571 1170 627 magna,
1210 554 1320 625 majm,
1353 552 1509 608 uterina:
1543 553 1712 620 inchoans,
1756 555 1885 616 aaran

205 659 374 727 tenetisne,
398 659 421 714 si
447 667 544 728 potest,
568 657 592 712 si
617 657 718 725 rninus,
747 656 828 712 tetre.
851 655 929 712 urite
950 670 994 711 se
1045 647 1182 703 robustae
1207 661 1339 702 mensura
1378 655 1475 704 murra
1513 661 1700 703 mensuram.
1746 645 1821 712 Qui
1859 647 1883 699 t·

206 748 322 818 quitur:
760 774 762 777 >
1045 738 1121 795 nullu
1148 738 1231 793 suerit
1265 737 1465 793 irrisericordioc
1488 738 1594 810 gradu,
1623 740 1653 794 in
1693 739 1795 793 nullo
1834 743 1883 793 crit

242 838 320 893 lieoti
342 837 540 904 misericordes,
564 838 685 909 mortium
710 839 761 909 ipsi
784 837 995 894 mirericordiam
1046 831 1220 904 indulgentiae
1255 831 1329 888 loeo.
1359 829 1469 889 Primus
1508 833 1604 904 itaque
1648 832 1881 888 miserieenlia
1912 831 1913 868 ³

207 940 406 999 correquentm.
429 927 489 982 Non
503 937 546 982 est
560 937 659 995 tutum,
678 929 763 985 ctiam
776 930 864 999 iusto,
877 929 996 1000 cumju·
1046 926 1207 997 gradusdat
1220 924 1336 980 deruis.
1368 924 1415 982 Sic
1442 925 1574 983 admonet
1598 925 1750 982 Salvator
1770 945 1783 981 :
1809 927 1879 982 Dan

207 1019 330 1074 stissimo
341 1019 505 1073 contendere
520 1036 527 1072 :
542 1033 595 1072 nou
611 1019 685 1084 euim
701 1022 867 1091 respondere
877 1022 903 1076 ei
920 1028 997 1092 pote·
1046 1017 1248 1088 eleemosynam,
1263 1030 1289 1072 et
1302 1018 1394 1071 omniu
1407 1018 1506 1073 mundo
1516 1029 1580 1075 sunt
1601 1019 1683 1075 coiis
1710 1020 1809 1091 (tac.
1826 1039 1874 1084 ιιι.
1912 1017 1913 1024 ’

207 1109 244 1162 ιιι
257 1124 341 1163 unum
355 1122 405 1179 pro
417 1108 491 1164 mille
502 1107 622 1179 (leb-rx).
637 1107 755 1166 Stultum
765 1120 818 1180 est,
829 1127 892 1168 cum
902 1114 995 1169 decem
1049 1108 1192 1165 Secundus
1214 1110 1306 1165 omnia
1318 1125 1380 1177 stra,
1400 1119 1431 1166 ut
1452 1112 1546 1168 dicat:
1564 1112 1636 1168 Ecce
1662 1130 1725 1169 noa
1754 1115 1874 1184 reliqui

208 1201 330 1256 millibus
353 1216 498 1257 occurrere
519 1202 543 1256 ei
556 1202 603 1272 qui
622 1203 696 1258 verrit
720 1213 815 1259 eontra
828 1219 858 1259 se
870 1219 934 1260 cum
956 1204 996 1258 ri·
1047 1217 1106 1254 urm
1123 1201 1259 1267 ornuie,et
1281 1202 1346 1271 qnid
1368 1203 1419 1257 crit
1445 1203 1541 1258 nobis?
1553 1203 1668 1276 (liutto.
1687 1206 1739 1276 x.)
1753 1205 1872 1261 Tatiae
1912 1189 1913 1240 3

208 1293 275 1364 giuti
295 1292 891 1367 (beetur).ldeoadtrucillolongeagente,
907 1310 998 1365 operui
1048 1289 1440 1359 se,utdieerepossit:Nou
1466 1293 1553 1346 sotum
1578 1294 1766 1362 imperitam,
1785 1297 1868 1349 seder
1912 1305 1913 1374 ι

207 1384 324 1453 pretium
333 1383 635 1455 est,lcgationempacis
645 1386 762 1452 mittere,
772 1385 997 1457 quoedicottrl'on
1049 1382 1187 1452 impendar
1202 1400 1251 1452 pro
1272 1384 1413 1439 oniruuiur
1441 1386 1535 1440 uestris
1554 1384 1582 1455 (1
1606 1385 1674 1442 Cor.
1710 1389 1787 1458 arr).
1814 1387 1868 1442 uae
1912 1385 1913 1398 ¹

208 1475 325 1529 intresin
333 1475 536 1544 judiciumcum
548 1474 998 1546 umorue,Durnincffrutcrtu),
1016 1466 1183 1543 Bnrajorem
1209 1475 1385 1530 dilectionem
1412 1490 1495 1531 nemo
1512 1476 1599 1534 lrabet
1611 1494 1620 1531 ε
1633 1477 1703 1533 trare
1736 1478 1868 1534 retribui

208 1569 290 1624 etiam
308 1577 355 1626 tuo
372 1570 532 1626 testimonio
553 1570 639 1641 iusto,
655 1586 738 1641 quern
753 1569 881 1627 invenisti
901 1585 1001 1626 secun·
1051 1565 1179 1629 domino,
1203 1577 1338 1637 quantum
1365 1577 1474 1638 potest,
1504 1569 1647 1639 accipiens
1676 1571 1815 1626 calicem
1835 1573 1866 1626 dc

207 1661 272 1717 dum
289 1676 337 1717 cor
358 1672 446 1729 tuum,
458 1678 539 1733 quem
555 1662 615 1718 oleo
628 1670 675 1717 tuo
695 1671 790 1719 sanem
808 1660 922 1729 unxisti,
935 1663 1000 1732 quia
1050 1672 1132 1712 manu
1150 1655 1312 1725 salvatoris,
1326 1665 1353 1713 et
1366 1659 1400 1713 de
1411 1657 1529 1713 Domino
1541 1658 1707 1725 considens,
1730 1661 1803 1729 ejus
1817 1678 1866 1716 oo-

209 1748 999 1824 nonjustificutimrinconspectutuoomnisciccm(iiid.).
1050 1766 1113 1807 men
1127 1752 1246 1805 invocat.
1261 1749 1395 1805 Similiter
1406 1767 1472 1806 vcro
1496 1750 1582 1806 habes
1604 1759 1633 1806 et
1655 1752 1696 1806 de
1725 1755 1790 1809 alia
1806 1771 1866 1825 spe·

209 1841 934 1914 Quaestillalegatiopacislllisericordia.Namsolu
945 1840 1000 1896 rui·
1050 1844 1113 1910 cie;
1131 1858 1195 1897 nam
1213 1843 1285 1899 etde
1304 1843 1404 1899 debitis
1415 1843 1577 1909 remittitur,
1601 1853 1629 1898 ct
1647 1844 1756 1901 detrita
1766 1849 1863 1902 diuit-

208 1918 356 1990 iericordia
366 1934 582 1990 misericordiam
590 1943 783 2006 consequetur.
794 1934 853 2005 lpsa
862 1942 905 1989 est
916 1934 944 1988 in
954 1947 1000 1988 ca·
1050 1943 1162 2001 tuntur;
1177 1935 1267 2005 etqui
1288 1950 1319 1991 se
1331 1944 1419 1990 totum
1444 1935 1535 2001 debet,
1561 1937 1748 2007 quandoque
1765 1956 1864 1994 mana-

209 2024 265 2094 pite
275 2024 342 2095 justi
357 2039 565 2094 coronaaurea,
578 2040 709 2096 expressa
723 2026 803 2096 signo
824 2023 998 2081 sanctitatis:
1050 2027 1177 2082 mittitur.
1204 2026 1258 2082 Sed
1283 2042 1373 2097 ireque
1393 2027 1452 2083 brec
1476 2036 1583 2082 tuntum
1605 2030 1757 2098 exterius,
1781 2041 1814 2087 et
1837 2032 1862 2086 ia

210 2115 280 2185 ipsa,
295 2129 343 2184 per
356 2130 439 2185 quam
451 2115 544 2185 justus
570 2116 731 2181 salvabitur,
748 2115 796 2170 ulti
817 2113 864 2169 rix
882 2113 1001 2169 salvabi·
1050 2119 1193 2190 corporeis
1206 2119 1291 2175 rebus
1308 2118 1398 2186 liunt;
1415 2134 1479 2175 nam
1494 2131 1523 2174 et
1545 2119 1649 2190 injuria
1673 2122 1822 2191 donatur,
1837 2138 1863 2179 rt

211 2206 1001 2276 tur:justitiaenimsinemisericordiaerudelisest,non
1051 2209 1198 2266 consilium
1227 2209 1320 2277 datur,
1344 2220 1372 2264 ει
1397 2210 1487 2266 oratio
1508 2211 1693 2282 impenditur,
1713 2225 1747 2271 et
1773 2233 1862 2271 eam·

209 2295 368 2352 salvabitur.
383 2296 445 2367 lpsa
457 2306 509 2366 est,
524 2312 586 2369 quse
599 2299 721 2355 auditum
731 2299 834 2354 malum
852 2314 908 2354 non
919 2299 1000 2354 time·
1051 2301 1127 2371 plum
1142 2300 1246 2355 bonum
1261 2309 1443 2368 ntoustratur,
1470 2310 1498 2357 et
1519 2301 1669 2374 disciplina
1698 2306 1860 2377 irrogator,

209 2388 259 2455 bit,
276 2403 327 2444 nec
341 2388 458 2444 verbum
472 2404 621 2459 asperum
641 2391 753 2463 quaudo
768 2391 868 2447 eadem
885 2406 901 2445 a
916 2391 1001 2447 latere
1051 2402 1079 2449 et
1104 2394 1157 2448 alia
1189 2393 1217 2447 iu
1241 2401 1361 2463 utraque
1387 2394 1479 2463 specie
1503 2403 1658 2451 sexcenta:
1683 2402 1861 2472 quandoque

136 2487 138 2490 ’
209 2481 258 2537 bei
273 2482 357 2551 mille,
371 2483 506 2540 etdecenr
519 2485 604 2541 millia
618 2484 1001 2551 adertris,siuemisericor-
1052 2481 1163 2555 quidem
1187 2490 1283 2538 contro
1306 2484 1488 2551 voluntatem,
1516 2500 1589 2554 sepe
1611 2485 1646 2540 ad
1677 2489 1858 2546 utilitatem:

209 2572 254 2627 clio
269 2571 348 2643 justi.
368 2572 502 2640 Quinimo
514 2573 625 2629 dabitur
638 2574 744 2630 auditui
755 2575 816 2645 eius
830 2577 959 2648 gaudium
973 2588 1002 2633 et
1052 2589 1124 2645 sepe
1137 2574 1211 2629 enim
1223 2584 1386 2646 prestantur
1406 2575 1509 2632 inuitis.
1525 2575 1579 2632 Ubi
1600 2586 1654 2645 est,
1683 2596 1772 2653 rogo,
1786 2586 1859 2656 oum

209 2663 314 2730 laetitia,
341 2679 404 2720 cum
426 2664 554 2721 dicetur:
574 2663 675 2734 Venite,
690 2666 1000 2735 benedictiPutrirmei,
1053 2666 1201 2723 timuistis?
1227 2665 1257 2722 Si
1285 2667 1377 2722 onmia
1401 2667 1564 2738 reliquistis,
1581 2668 1658 2739 ipsos
1682 2673 1787 2742 etiam,
1811 2677 1858 2746 qai

209 2753 334 2827 percipite
352 2772 460 2828 reptent
484 2755 593 2828 (Metti.
607 2759 682 2829 xxv).
697 2758 811 2825 Quare?
832 2757 951 2826 Esurioi,
976 2767 1002 2814 ct
1052 2759 1271 2816 misericordiam
1291 2770 1506 2830 consequentur,
1516 2760 1693 2831 judicabitis.
1710 2763 1745 2820 Si
1762 2769 1857 2838 quou-

209 2849 396 2904 dedistismihi
408 2849 569 2904 morrdnccre
581 2849 682 2922 (ibid),
701 2858 754 2906 etc.
775 2850 816 2907 Ac
836 2850 859 2906 si
874 2851 978 2907 diecret
993 2868 1000 2907 ε
1015 2819 1036 2877 G
1052 2835 1199 2920 die'super
1224 2864 1334 2905 ominem
1359 2850 1556 2921 proprietatum
1578 2868 1662 2922 quam
1687 2856 1856 2928 reliquistis,

209 2939 279 3008 Quia
294 2940 512 2998 misericordiam
527 2940 643 3010 lecistis,
657 2940 876 2999 misericordiam
902 2956 1002 2997 conse-
1052 2942 1235 3013 vosmetipsos
1246 2942 1413 3011 impenditis,
1428 2951 1458 2997 ut
1472 2958 1523 2998 nee
1536 2945 1676 3014 corporis,
1686 2961 1744 3003 nec
1754 2951 1858 3005 rotan-

209 3033 343 3104 tpuemini.
366 3032 443 3088 Beati
461 3033 553 3104 itaque
578 3033 781 3100 misericordes,
796 3032 927 3105 quoniam
949 3032 1003 3104 ipsi
1052 3034 1116 3090 tatis
1130 3033 1209 3089 robis
1226 3033 1381 3098 arbitrium,
1406 3034 1449 3090 vel
1473 3034 1630 3092 libertatem
1653 3049 1785 3104 semetrs,
1808 3043 1857 3097 cli·

209 3124 427 3182 misericordiam
440 3135 654 3196 consequentur.
670 3124 793 3195 intelligo
809 3125 854 3182 bie
867 3140 1002 3195 quorum·
1052 3134 1145 3181 centes
1159 3143 1166 3179 ι
1180 3125 1257 3180 Abba
1272 3124 1363 3190 Potor,
1380 3141 1435 3181 uon
1447 3127 1521 3197 quod
1535 3141 1588 3198 ego
1603 3128 1672 3193 roto,
1693 3128 1744 3183 sed
1769 3133 1856 3200 qnod

209 3217 273 3272 dam
302 3216 429 3288 gemitus,
444 3224 472 3270 ει
500 3214 619 3286 suspiria
646 3216 831 3286 deprehendo.
861 3216 956 3271 Dicitis
973 3218 1002 3271 iu
1053 3226 1082 3273 tu
1096 3217 1139 3273 ris
1154 3236 1161 3272 ι
1178 3217 1315 3273 sedebitis
1332 3231 1417 3287 super
1431 3218 1511 3274 sedes
1531 3217 1687 3286 duodecim,
1699 3234 1855 3291 compara·
1912 3209 1913 3220 ¹

210 3309 335 3364 cordibus
352 3308 455 3374 uestris,
476 3308 505 3361 in
528 3308 658 3364 cubitibus
678 3309 771 3363 cestria
795 3310 1002 3381 compnnpimiui
1054 3311 1127 3366 tione
1153 3319 1182 3368 et
1210 3310 1376 3367 auctoritate
1400 3311 1558 3382 judicantes
1582 3312 1729 3369 duodecim
1759 3317 1853 3374 tribus

211 3399 300 3469 (Psoi.
323 3398 372 3471 ru).
392 3397 439 3454 Vce
459 3399 559 3456 trobisl
588 3399 652 3456 Sola
677 3400 867 3457 misericordia
891 3402 1002 3458 miseri·
1053 3404 1147 3462 lsrael.

211 3493 333 3548 cordiam
363 3502 559 3565 consequetur,
582 3491 755 3561 dictumest,
784 3492 931 3564 probatum
948 3505 1002 3561 est,
1089 3497 1175 3569 igitur
1197 3497 1272 3553 beati
1295 3497 1646 3567 misericordes,quoniam
1667 3497 1723 3569 ipsi
1737 3500 1849 3556 miseri-

211 3600 305 3641 rerum
320 3594 372 3642 est.
386 3586 457 3654 Quid
470 3585 610 3641 iacimus?
626 3583 777 3642 secundum
790 3585 864 3655 quod
874 3583 1002 3650 iacimus,
1053 3590 1176 3645 cordiam
1188 3588 1472 3661 consequentur.lpsa
1487 3590 1589 3660 quippe
1599 3590 1686 3645 totius
1697 3593 1848 3648 actisacti-

211 3676 257 3732 fict
274 3677 363 3733 nobis.
1053 3680 1177 3753 seiplinae
1192 3696 1301 3737 summa
1316 3681 1417 3736 merito
1431 3680 1533 3737 montis
1547 3680 1631 3752 liuius
1651 3691 1747 3738 vertex
1774 3686 1848 3741 loca·

247 3768 319 3836 erid
330 3771 423 3842 itaque
441 3771 532 3827 iacere
549 3785 699 3842 possumus
724 3770 869 3838 esurienti,
886 3768 1001 3836 sitienti,
1054 3778 1116 3840 tur;
1132 3785 1188 3827 noo
1202 3772 1274 3828 euim
1288 3780 1341 3837 est,
1355 3786 1412 3842 quo
1426 3771 1509 3843 perles
1522 3771 1593 3827 ultra
1605 3773 1753 3843 gradiaris.
1769 3776 1844 3843 Quod
1912 3835 1913 3840 ,

211 3862 390 3934 audomaro,
409 3862 532 3930 infirmo,
557 3862 676 3932 incluso,
699 3864 747 3935 qui
772 3863 864 3920 omnia
889 3862 1004 3934 reliqui·
1054 3863 1206 3920 sidelectot
1225 3872 1333 3918 mutare
1351 3862 1552 3931 fortitudinem,
1576 3873 1607 3919 ut
1629 3866 1657 3919 in
1682 3869 1845 3939 contempta-

210 3968 284 4022 nrus,
300 3954 582 4025 quinilrilbabemus,
597 3956 699 4027 quibus
724 3970 806 4012 omne
828 3970 898 4026 opus
920 3970 1005 4026 pecu·
1054 3956 1156 4012 tionem
1172 3956 1259 4021 voles,
1282 3971 1393 4012 assume
1417 3972 1521 4027 porinus
1548 3966 1578 4011 ut
1596 3955 1698 4026 aquilae
1713 3961 1843 4030 :quodsi

211 4046 281 4103 liare
295 4047 455 4104 terribiliter
469 4049 659 4106 interdicitur?
670 4048 722 4105 Ubi
737 4050 847 4105 demum
863 4048 908 4104 illa
920 4049 1005 4104 raise-
1054 4048 1104 4105 tibi
1118 4047 1200 4104 nimis
1213 4056 1266 4116 est,
1283 4047 1368 4103 dicito
1387 4065 1394 4102 :
1410 4046 1477 4113 Quis
1502 4048 1578 4102 debit
1602 4048 1669 4102 mitri
1682 4067 1782 4118 munes
1796 4056 1843 4109 sic·

211 4138 478 4211 ricordia,quaesola
490 4140 656 4206 laudabitur,
671 4142 831 4209 sulcabitur,
844 4141 1005 4212 recipietur?
1018 4171 1041 4228 B
1056 4149 1085 4193 ut
1106 4137 1246 4206 coturnice,
1266 4147 1291 4193 et
1311 4138 1405 4193 notaio
1427 4148 1453 4193 et
1472 4140 1656 4210 requiescum?
1677 4140 1763 4211 (Paci.
1789 4162 1840 4211 ιιι,

213 4229 264 4287 llic
278 4240 320 4288 est
331 4232 421 4301 dolor,
434 4236 642 4305 quirenoratus
655 4243 697 4291 cst
717 4234 744 4289 in
758 4234 851 4295 robis:
866 4232 1005 4290 concaluit
1056 4231 1095 4302 7.)
1114 4231 1187 4299 Quid
1202 4232 1276 4286 enirn
1291 4230 1411 4300 amplius
1427 4231 1511 4286 bomo
1527 4231 1598 4286 inter
1610 4231 1736 4290 homines
1751 4236 1778 4291 in
1793 4238 1840 4291 bnt

213 4335 262 4377 eor
275 4334 407 4388 restrum,
423 4325 561 4381 norimus.
575 4323 626 4382 llic
641 4325 713 4395 ignis
726 4324 830 4381 exarsit
844 4326 873 4380 in
889 4325 1005 4380 medito-
1053 4325 1110 4379 rita
1123 4323 1242 4389 mortali,
1258 4339 1305 4379 seu
1324 4331 1414 4377 morte
1430 4321 1519 4389 vitali,
1537 4322 1580 4377 rel
1595 4322 1629 4377 ad
1646 4337 1688 4390 se,
1703 4325 1744 4380 vel
1756 4327 1788 4381 ad
1799 4329 1838 4382 al-

213 4415 398 4473 tionerestra.
410 4416 463 4473 Sed
476 4431 524 4473 ros
534 4417 721 4485 obmutuistis,
734 4427 762 4474 ot
777 4416 913 4472 humiliati
925 4417 1003 4486 estis,
1056 4428 1144 4474 terum
1159 4420 1259 4483 potest,
1272 4429 1356 4484 quant
1372 4422 1401 4468 ut
1418 4428 1466 4484 per
1483 4413 1670 4469 uoluntarium
1682 4429 1837 4474 mammona

213 4515 239 4560 et
252 4518 361 4577 propter
376 4508 571 4566 taciturnitatis
587 4509 758 4583 grauitatem,
784 4519 811 4565 et
832 4509 936 4565 silentii
955 4510 1006 4565 bo·
1057 4508 1209 4580 iniquitatis
1224 4515 1411 4579 contemptum
1425 4507 1452 4561 in
1465 4506 1630 4562 semodicus
1641 4507 1678 4562 sit
1689 4517 1716 4563 et
1728 4510 1835 4576 solitus,

215 4615 281 4655 num
296 4601 370 4669 quod
389 4611 430 4658 cst
442 4605 534 4660 cultus
547 4604 672 4675 justitie,
689 4603 776 4660 siletis
787 4603 870 4660 etiam
886 4604 1004 4661 abonis.
1056 4618 1106 4674 per
1127 4601 1365 4657 mansuetudinem
1388 4598 1450 4655 aliis
1472 4598 1595 4668 placidus
1614 4604 1641 4653 et
1660 4613 1779 4664 serenius,
1793 4618 1835 4671 per

215 4693 376 4765 Loquonrur
393 4709 469 4766 ergo,
485 4697 587 4767 quibus
601 4698 770 4768 dispensatio
788 4697 893 4754 credita
914 4706 957 4755 est
978 4698 1006 4755 in
1057 4692 1299 4764 compunctionem
1311 4691 1529 4760 circumspectus
1548 4703 1581 4744 ae
1596 4688 1723 4756 devotus,
1736 4705 1783 4760 per
1797 4692 1835 4761 ju-

214 4788 320 4860 lingua,
347 4802 402 4844 nou
427 4796 532 4855 nostra,
548 4789 595 4845 scd
623 4789 729 4845 llomini
747 4810 754 4846 :
772 4799 799 4847 et
814 4800 909 4847 notum
921 4791 1007 4848 iacia-
1059 4786 1163 4843 stiriam
1183 4784 1252 4840 soris
1265 4783 1331 4840 etin
1343 4783 1435 4853 seipso
1449 4790 1523 4838 totus
1537 4782 1833 4851 teresatquerotunclus,

216 4895 278 4934 turus
293 4879 376 4950 bttjus
402 4876 442 4932 rei
469 4880 563 4945 linem,
578 4885 610 4934 ut
625 4877 719 4933 sciatis
737 4877 898 4948 quidnobis
920 4879 1007 4935 deest.
1058 4893 1108 4950 per
1122 4874 1339 4933 misericordiam
1355 4873 1480 4944 pluribus
1495 4871 1645 4938 beneficus,
1658 4870 1780 4926 omnibus
1792 4873 1833 4926 be·

216 4971 434 5031 Misericordiam
460 4979 488 5027 et
515 4970 650 5042 judicium
678 4979 771 5026 caritot
792 4971 878 5028 llarid
892 4971 1009 5030 Domino
1060 4967 1175 5024 uerutus
1193 4986 1199 5021 :
1220 4978 1402 5036 peroruorern
1422 4963 1591 5033 paupertatis
1604 4961 1735 5017 mundum
1749 4962 1831 5018 ridea-

218 5063 305 5136 {l’sot
320 5065 369 5138 c);
386 5066 433 5123 sed
454 5065 590 5136 judicium
613 5071 676 5134 post
696 5062 926 5134 misericordiam,
938 5066 1010 5121 alio·
1060 5071 1116 5117 tem
1125 5069 1246 5131 respuat,
1257 5074 1305 5130 per
1316 5055 1554 5113 mansuetudinem
1566 5055 1667 5110 iratum
1679 5064 1830 5122 cotemnit,

217 5152 263 5222 qui
288 5152 502 5214 tiendumNam
524 5153 660 5226 judicium
685 5152 746 5208 sine
765 5152 955 5211 misericordia
969 5155 1010 5210 illi
1060 5169 1110 5227 per
1136 5151 1355 5223 compunctionis
1383 5163 1485 5205 munus
1511 5161 1542 5203 se
1569 5146 1694 5216 recipiat,
1718 5149 1829 5204 nnana

217 5243 265 5316 oui
293 5261 350 5303 nou
374 5246 439 5305 lecit
461 5247 691 5304 misericordiam.
720 5244 917 5304 llisericordiae
943 5263 1010 5304 rem
1059 5245 1194 5318 justitiam
1208 5242 1264 5298 lieo
1279 5257 1308 5298 se
1330 5240 1438 5308 subdat,
1453 5254 1501 5310 per
1522 5237 1737 5294 miscricordiam
1749 5240 1828 5309 preti·

218 5337 280 5392 duae
297 5347 363 5394 sunt
376 5338 492 5410 species,
504 5339 580 5407 dare,
596 5347 624 5394 et
640 5338 790 5394 dimittere.
806 5338 922 5409 Propter
936 5339 1011 5410 quod
1063 5356 1138 5396 muro
1150 5340 1260 5410 colligat
1278 5356 1285 5392 ε
1302 5336 1471 5408 paupertatis
1491 5349 1586 5391 amore
1607 5334 1725 5391 modicis
1736 5346 1828 5391 coneu-

219 5426 319 5485 ‘licitur
337 5447 344 5485 r
361 5429 439 5501 liure,
453 5439 479 5488 et
497 5430 606 5486 dubitur
618 5430 708 5497 ιειιι,
724 5430 859 5504 dimittite,
871 5442 896 5487 et
916 5432 1010 5487 dimit·
1064 5442 1119 5504 tus,
1137 5431 1276 5488 u=odcstirc
1290 5438 1385 5485 tenore
1399 5426 1468 5486 nulli
1482 5425 1610 5499 infestus,
1627 5426 1828 5498 compunctionis

815 5745 1915 5981 ΛΑ
