3892 6067
135 245 191 303 ost

383 239 563 298 conuelli.
583 242 617 297 tn
633 241 805 299 Pstbttbs
823 241 961 296 -PARS
981 243 1026 308 lx,
1047 244 1092 296 Ex
1111 240 1273 298 BONORlO.
1286 274 1320 285 -—
1337 243 1433 299 Psoi.
1453 243 1509 299 CV.

1720 241 1772 296 dib

135 375 236 418 omues
255 359 425 416 nortorum.
450 357 568 430 lleliqui,
586 357 634 428 qui
655 341 853 425 remanserant,
869 375 931 414 curn
947 365 970 419 Α
985 360 1065 414 triam
1080 360 1239 426 incitarent,
1259 361 1348 415 sciens
1367 361 1440 430 quod
1458 360 1500 413 bis
1519 374 1567 415 eos
1582 359 1714 415 Βεεεεεε
1727 373 1774 412 oc·

136 453 233 525 Moyse
254 461 283 507 et
305 466 368 506 cum
394 451 463 504 Arca
481 449 508 502 in
530 447 703 504 solitudinem
718 450 834 520 regressi
856 458 930 504 sunt.

136 540 191 597 llio
203 541 324 595 breviter
338 546 457 609 ‹puatuor
476 537 594 593 crimina
608 552 738 608 expressa
756 548 822 593 sunt
836 555 844 592 ε
859 538 932 607 qood

138 633 278 706 egregiam
293 638 394 685 terram
418 629 541 699 patribus
565 628 772 698 repromissam,
794 628 835 684 eis
860 627 933 683 ultro

138 725 262 781 oblatam
277 731 455 792 respuerunt;
475 720 548 790 quod
571 720 654 774 rcrbo
675 718 722 774 Bel
744 735 798 774 non
813 718 934 774 credide·

138 825 223 881 runt3
245 813 319 884 quod
341 822 438 869 contra
461 811 545 866 [ιεεεε
576 818 833 877 murnruraveruut3
861 808 934 880 quod

139 908 253 964 demuto
267 905 328 961 roci
340 904 401 976 ejus
415 918 470 958 non
484 903 655 969 obedierunt,
672 909 700 957 et
711 900 772 957 ideo
783 901 932 971 perierunt.

139 995 229 1068 igitar
247 995 379 1051 increduli
394 1009 517 1049 eremum
531 1008 593 1047 curn
610 991 702 1064 lloyse
717 990 832 1063 inpressi
843 990 935 1045 multis

142 1091 237 1154 modis
249 1089 336 1144 Ιιειιιε
350 1086 593 1142 exacerbaverunt.

179 1176 264 1233 Vens.
280 1177 326 1232 id.
343 1173 378 1229 Et
402 1174 511 1230 elevavit
535 1189 653 1240 nannum,
674 1173 700 1228 id
721 1180 763 1229 est
786 1171 935 1242 potentiam

139 1283 222 1324 εειεει
228 1283 307 1337 super
313 1283 367 1332 εει,
377 1274 406 1320 ιιι
415 1272 589 1335 prosterneret
600 1280 643 1316 eoa
655 1263 681 1317 in
692 1261 805 1317 deserto.
816 1261 936 1329 Corpora

143 1373 265 1429 namque
281 1357 404 1412 omnium
425 1355 453 1408 in
467 1354 575 1410 deserto
587 1361 723 1423 prostrata
737 1358 812 1416 sunt,
825 1350 936 1419 quidam

142 1452 181 1508 ab
194 1451 256 1522 igne
269 1447 425 1518 consumpti
438 1455 512 1512 sunt,
532 1444 645 1515 qnidam
664 1460 680 1499 a
693 1442 865 1514 serpentibus
877 1458 937 1513 per-

144 1545 248 1599 ierunt.

982 449 1094 505 rideret.
1114 447 1176 503 titii
1195 450 1278 518 igitur
1299 449 1381 504 lsrael
1400 449 1512 504 libidine
1526 450 1663 505 ricticum
1677 449 1775 520 puellis

983 540 1119 606 coierunt,
1142 548 1168 594 ει
1185 540 1287 594 initiati
1312 540 1482 611 Beelpdepor,
1506 541 1532 594 id
1557 548 1599 595 εει
1622 540 1774 596 conscerati

984 640 1055 693 aunt,
1072 628 1151 683 idest
1164 629 1359 684 dedicaverunt
1373 645 1413 694 se,
1426 638 1455 685 ut
1469 630 1603 686 servirent
1615 630 1688 685 idolo
1700 629 1774 695 Beel,

985 729 1016 775 ut
1038 720 1180 776 colebatur
1200 719 1228 773 in
1253 728 1345 774 monte
1368 719 1480 790 Pdepor.
1506 719 1579 787 Beel,
1600 731 1627 775 et
1652 719 1726 782 Baal,
1749 729 1775 774 et

985 809 1099 875 Baalim,
1115 819 1143 865 et
1156 808 1240 865 Belial
1253 809 1324 865 idem
1346 819 1398 865 εει.
1415 809 1449 864 Ει
1463 811 1515 865 boe
1535 811 1605 865 idem
1620 819 1662 864 est
1676 824 1775 863 nomen

985 909 1123 970 sumptum
1146 916 1160 954 a
1184 900 1248 955 Belo
1265 910 1341 970 patre
1353 899 1426 966 Nini,
1439 901 1487 972 qni
1498 901 1619 956 condidit
1639 901 1776 955 ciuitatem

985 989 1091 1056 Ninive,
1106 991 1150 1046 cui
1166 991 1238 1047 lilius
1259 1001 1319 1060 post
1337 999 1451 1046 mortem
1474 990 1538 1046 lecit
1560 1001 1677 1046 statuam
1691 998 1719 1044 ει
1736 989 1777 1045 si·

987 1082 1151 1152 mulacrum,
1174 1092 1201 1137 ει
1222 1081 1302 1152 jussit
1328 1082 1444 1140 adorare
1465 1084 1594 1153 populum
1617 1081 1669 1136 sibi
1685 1079 1778 1149 subje-

987 1184 1071 1229 rtuni.
1086 1175 1201 1244 Priapus
1218 1185 1277 1231 orat
1299 1177 1408 1245 qrridam
1437 1178 1528 1242 bomo,
1543 1178 1590 1247 qui
1611 1175 1742 1247 expulsus
1762 1189 1778 1228 a

987 1261 1140 1333 Lampsaco
1157 1264 1266 1319 civitate
1290 1274 1402 1335 propter
1415 1266 1501 1320 virilis
1514 1264 1629 1321 membri
1643 1264 1780 1336 magnitu-

987 1354 1090 1410 dinem.
1109 1354 1162 1422 Qui
1176 1365 1236 1426 post
1251 1367 1366 1413 mortem
1382 1357 1470 1413 lactus
1490 1369 1532 1414 εει
1545 1359 1613 1414 ειεεε
1624 1358 1778 1413 hortorum.

989 1444 1058 1502 linio
1071 1446 1198 1518 inprimis
1214 1448 1347 1504 εεεεειεε
1371 1449 1443 1505 εειίιί
1458 1459 1536 1505 erant
1551 1450 1716 1504 sacriticare.
1730 1444 1780 1499 llic

989 1541 1129 1597 colebatur
1143 1540 1170 1594 in
1183 1549 1276 1595 morrte
1290 1538 1407 1611 bnegor,
1420 1542 1493 1611 qood
1509 1541 1609 1595 dicitur
1621 1542 1779 1611 ipnominin·

184 1632 265 1689 Vens.
279 1633 325 1687 27.
345 1631 381 1687 Bt
399 1631 488 1688 adbuc
508 1645 619 1686 manum
632 1628 757 1694 eleuarit,
770 1637 799 1682 ut
814 1627 936 1695 dejiceret
990 1631 1060 1688 lluic
1072 1632 1146 1688 idolo
1163 1630 1211 1687 lilii
1231 1631 1315 1688 lsrael
1329 1648 1384 1703 prae
1402 1648 1495 1687 amore
1508 1633 1660 1702 puellarum
1676 1636 1782 1691 sacriti-

144 1739 234 1778 umeu
246 1738 337 1777 ‘vtum
360 1721 387 1775 5²⁸
411 1721 575 1786 Mlitml'iss·
589 1719 615 1774 id
632 1728 674 1774 0⁸¹
693 1717 765 1773 “¹50³
780 1730 875 1772 eorum
891 1730 939 1784 per
953 1697 975 1751 B
989 1730 1130 1786 caverunt,
1146 1732 1172 1776 et
1192 1722 1358 1776 comederant
1376 1723 1510 1791 sacrificia
1532 1731 1706 1779 mortuoram.
1727 1724 1781 1780 llo·

147 1815 274 1870 stationes
287 1815 408 1884 gentium
424 1813 571 1879 occideret,
586 1820 610 1866 ει
625 1812 782 1882 disperperet
797 1826 840 1864 εοε
853 1808 939 1878 capti-

150 1920 200 1961 ros
212 1906 237 1959 iu
251 1905 345 1961 multis
358 1905 517 1976 repionibua.

185 1997 322 2069 allegoria
340 2004 383 2053 εει
396 1996 537 2052 intuenda.
554 1994 606 2063 Qui
621 1996 654 2052 de
675 1994 795 2050 Ecclesia
815 1994 842 2048 in
856 2008 940 2063 paga·

148 2088 282 2152 nisurum,
293 2097 320 2144 et
331 2088 358 2142 in
374 2088 498 2143 haeresim
514 2088 632 2158 prolapsi
647 2095 721 2148 sunt,
736 2101 783 2155 pro
798 2084 879 2138 nitito
892 2084 942 2137 lra-

149 2181 264 2235 ιιιεειιει
290 2189 388 2235 terram
416 2178 626 2244 immotabilem,
653 2177 681 2232 id
706 2185 749 2232 est
772 2175 940 2245 paradisum,

148 2280 252 2327 terram
268 2271 427 2334 virentium,
444 2285 505 2340 quae
526 2269 642 2325 multum
660 2279 701 2325 est
717 2269 820 2325 sanctis
832 2265 942 2321 deside-

148 2365 255 2431 rabilis,
272 2363 336 2432 quia
357 2371 464 2417 terrena
478 2360 569 2431 potius
583 2367 754 2415 amaverunt.
778 2357 840 2413 Non
856 2356 944 2411 eredi-

147 2457 245 2514 ιιειιιιιι
258 2453 334 2509 cerdo
346 2453 415 2523 ejas,
431 2452 458 2507 id
472 2460 513 2507 est
527 2450 596 2506 Filio
605 2450 663 2518 ttet,
672 2451 718 2520 qui
734 2450 848 2522 gloriam
863 2447 944 2519 polli-

147 2549 221 2605 citus
230 2545 373 2616 estJnstis,
382 2559 492 2615 poenam
502 2543 685 2599 comminatus
694 2540 814 2611 injustis.
826 2538 861 2593 Et
870 2555 944 2593 mur·

990 1813 1078 1869 mines
1089 1814 1163 1869 enim
1181 1812 1271 1880 Belus,
1284 1821 1311 1868 et
1330 1812 1455 1884 Priapus,
1467 1822 1494 1869 ct
1510 1813 1616 1885 Jupiter
1627 1828 1655 1870 ct
1668 1816 1714 1870 alii
1731 1832 1781 1890 ppo

990 1902 1044 1956 diis
1063 1901 1147 1955 babiti
1159 1910 1247 1966 erant,
1262 1900 1310 1972 nui
1334 1901 1435 1957 mortui
1452 1902 1480 1956 in
1503 1903 1594 1958 anima
1615 1913 1642 1958 et
1667 1920 1783 1974 corporo

993 1994 1110 2059 inerant,
1124 1994 1225 2063 quibus
1248 1994 1339 2048 oblata
1362 1995 1496 2051 sacrificia
1512 1995 1564 2066 ipsi
1584 2010 1647 2050 curn
1664 1996 1782 2066 quadarn

993 2085 1169 2141 renotatione
1187 2086 1375 2142 comedebant.

1029 2173 1111 2230 Vens.
1126 2174 1172 2230 29.
1196 2173 1228 2228 Et
1250 2177 1421 2229 irritaberunt
1436 2191 1495 2229 eum
1516 2176 1543 2229 in
1556 2176 1784 2232 adintentionibus

994 2266 1060 2333 ruis,
1081 2266 1133 2320 boc
1152 2277 1205 2332 est,
1233 2267 1260 2320 in
1288 2266 1342 2322 iilis
1368 2267 1476 2334 ritibus,
1502 2282 1571 2337 quos
1595 2269 1709 2340 gentiles
1733 2271 1785 2326 sibi

995 2356 1203 2423 adinvenerunt,
1218 2372 1272 2411 non
1288 2356 1419 2412 llominus
1433 2357 1518 2412 dedit.
1535 2356 1593 2414 lloe
1608 2361 1689 2416 modo
1706 2361 1786 2417 lactis

996 2449 1054 2505 suis
1075 2457 1291 2518 provocaverunt
1310 2447 1406 2503 Benna.
1428 2448 1461 2503 Et
1475 2449 1536 2505 ideo
1557 2451 1735 2522 multiplicate
1748 2461 1786 2506 est

997 2542 1023 2595 in
1044 2541 1081 2594 eis
1099 2542 1186 2607 ritino,
1204 2541 1267 2611 qnia
1291 2541 1352 2611 plus
1375 2555 1458 2611 quam
1475 2541 1569 2612 tiginti
1595 2544 1677 2598 millia
1697 2543 1787 2599 occisa

147 2645 320 2695 marcuerunt
334 2636 362 2689 in
378 2633 557 2689 tabernaculis
566 2634 633 2700 suis,
649 2632 676 2687 id
690 2639 732 2687 est
745 2632 772 2686 in
784 2631 946 2700 corporibus
998 2642 1072 2689 sunt.

148 2729 291 2800 εείεειιεε
301 2738 366 2783 sunt
381 2725 558 2782 tabernacula
571 2721 736 2792 animmfrcl
748 2736 798 2793 pro
813 2721 946 2794 siccitate,
1035 2723 1117 2779 iens.
1131 2722 1175 2778 50.
1185 2723 1230 2790 Et,
1244 2739 1306 2778 cum
1318 2733 1392 2778 tanta
1405 2733 1477 2779 esset
1490 2726 1580 2790 ruina,
1595 2727 1667 2777 stetit
1678 2724 1787 2779 l’lrineer

147 2822 194 2877 rel
202 2836 251 2890 pro
260 2818 411 2890 pluria‚rel
421 2832 471 2888 pro
480 2816 570 2886 aliqua
578 2814 658 2886 plaga
665 2811 821 2883 judiciobei
830 2811 949 2866 bomini·
1000 2815 1128 2870 sacerdos
1142 2816 1170 2869 in
1193 2825 1337 2884 conspectu
1360 2815 1479 2882 bomini,
1498 2827 1523 2870 et
1546 2815 1660 2884 placarit
1678 2831 1740 2869 curn
1754 2815 1789 2869 ab

149 2911 298 2977 busillato,
308 2909 382 2980 quod
390 2915 432 2964 est
442 2913 684 2979 prorepseratum.
693 2902 761 2959 Nam
769 2911 950 2958 murmurato·
1001 2907 1052 2961 bac
1066 2907 1154 2977 plaga.
1171 2905 1223 2972 Qui
1236 2905 1353 2960 Phincos
1365 2904 1417 2959 init
1431 2905 1551 2960 Eleazari
1564 2907 1611 2960 tilii
1628 2906 1787 2976 decumani

150 3017 198 3059 res
210 3016 227 3058 a
239 3001 394 3057 damonum
413 2999 552 3055 morsibus
572 2997 714 3067 peribunt,
727 2995 799 3050 sieut
813 2994 852 3048 illi
867 3009 883 3048 a
896 3008 943 3048 re·
1002 3000 1085 3065 stetit,
1097 2997 1161 3067 quia
1179 3012 1209 3052 se
1227 3012 1289 3053 cum
1307 2995 1461 3052 bladianitis
1476 3013 1529 3053 non
1541 2998 1724 3053 commiscuit.
1740 2997 1790 3051 llic

151 3092 267 3148 nexuosis
280 3091 451 3162 serpentibus
469 3089 642 3145 interierunt.
658 3087 766 3160 Etcum
781 3101 860 3141 sacra
871 3083 945 3139 Scri·
998 3090 1093 3145 ridens
1106 3088 1229 3144 trionum
1244 3088 1278 3143 ad
1293 3087 1494 3144 bladianitidem
1510 3105 1560 3161 pro
1573 3098 1664 3146 scorto
1685 3090 1790 3144 intran-

151 3191 245 3255 ptura,
260 3183 301 3237 rel
316 3184 442 3238 doctores
460 3181 494 3235 ad
514 3180 701 3251 poeniuntiam
712 3194 761 3234 cos
775 3186 943 3240 revocarent,
997 3190 1063 3243 teni,
1078 3179 1175 3244 doluit,
1186 3188 1214 3234 et
1226 3186 1288 3248 post
1300 3194 1362 3233 cum
1376 3178 1515 3249 ingressus
1530 3180 1676 3234 tentorium
1693 3179 1789 3234 anrbos

153 3290 208 3330 eron
224 3275 399 3329 exaudierent
414 3289 500 3328 uocem
523 3272 581 3337 ber,
605 3272 653 3327 sed
674 3271 700 3325 in
718 3269 869 3325 obstinacia
884 3284 946 3338 per·
998 3271 1115 3340 pugione
1127 3268 1317 3339 perforari1,et
1331 3279 1441 3322 cessant
1452 3272 1598 3340 quassatio,
1611 3270 1637 3325 id
1648 3280 1690 3324 est
1700 3269 1790 3335 ruina,

153 3368 296 3424 stiterunt.
313 3366 349 3421 Et
363 3366 472 3421 elevavit
488 3382 597 3419 manant
613 3379 690 3419 ειιεει
704 3379 782 3433 super
795 3379 849 3426 eos,
865 3361 892 3417 td
904 3370 948 3416 εει
999 3360 1042 3415 rel
1057 3358 1104 3413 bct
1118 3360 1278 3414 commotio.

155 3456 359 3511 incumbentem
372 3470 454 3525 super
466 3470 514 3510 eos
524 3453 671 3509 vindictam
682 3452 796 3517 distulit,
810 3459 840 3506 nt
852 3457 945 3520 postea
1034 3449 1116 3505 Vens.
1130 3451 1175 3504 bl.
1197 3449 1231 3503 ist
1245 3459 1393 3519 reputatum
1408 3460 1447 3504 est
1459 3451 1483 3503 ei
1499 3450 1534 3503 nd
1547 3449 1694 3520 justitiam,
1707 3450 1734 3504 id
1749 3459 1790 3504 est

156 3545 269 3615 granius
281 3543 391 3614 puniret
403 3559 451 3613 per
463 3541 786 3600 excommunicationem.
804 3539 851 3595 Vel
863 3537 947 3594 eteuu-
1000 3542 1026 3596 in
1041 3542 1274 3612 justificationem,
1290 3542 1354 3611 qnia
1373 3541 1437 3596 lecit
1459 3541 1511 3595 boc
1528 3557 1562 3594 ex
1577 3541 1635 3596 zelo
1655 3540 1713 3605 Bei,
1735 3555 1789 3595 non

157 3637 196 3691 uit
212 3650 331 3702 monem,
346 3634 374 3689 id
388 3644 438 3699 εει,
457 3636 604 3704 potentiam
629 3648 708 3689 suam
732 3647 810 3702 super
831 3646 885 3685 eoa.
907 3630 948 3684 dd
999 3648 1033 3687 ex
1054 3633 1116 3689 odio
1131 3652 1138 3688 :
1151 3636 1178 3686 in
1202 3633 1368 3704 pendentione
1393 3633 1437 3686 illa
1457 3634 1594 3702 praesenti,
1611 3633 1675 3703 quia
1696 3632 1790 3686 datum

157 3725 245 3796 quidl
256 3724 290 3780 tn
302 3734 530 3795 prosternentem
543 3725 692 3789 indeaerto,
704 3724 757 3777 boo
768 3731 819 3786 est,
832 3734 950 3789 eumque
999 3734 1042 3780 est
1055 3724 1093 3779 illi
1108 3724 1289 3779 sacerdotium
1306 3742 1313 3779 z
1328 3733 1353 3778 et
1367 3724 1533 3793 peroratione
1548 3721 1649 3788 sutura,
1665 3722 1729 3792 quia
1742 3735 1792 3791 po-

160 3816 214 3887 ipsi
230 3824 324 3872 essent
337 3816 487 3884 desertum,
505 3829 539 3871 eo
559 3814 632 3884 quod
651 3814 792 3869 veritatem
814 3812 950 3868 deseruis-
1001 3816 1081 3871 steris
1095 3814 1155 3883 ejus
1170 3812 1316 3868 constituta
1331 3822 1372 3868 cst
1388 3812 1531 3868 sacerdotii
1545 3811 1673 3881 dignitas.
1690 3811 1722 3867 Et
1739 3812 1792 3866 boo

160 3916 234 3973 sent,
249 3907 370 3964 decrerit
393 3923 442 3963 eos
464 3910 491 3963 in
517 3909 570 3963 boc
594 3920 688 3961 errore
710 3900 949 3958 damnaremur
1001 3923 1082 3976 neque
1096 3907 1122 3959 tn
1142 3907 1339 3975 sempiternum,
1362 3905 1425 3974 quia
1450 3918 1555 3959 merres
1576 3903 1600 3957 ci
1616 3902 1733 3973 reposita
1750 3910 1791 3956 est

160 3998 285 4069 dejiceret
299 4014 384 4054 remen
398 4015 489 4054 eorum
503 4000 531 4052 in
553 3994 713 4060 nationibus,
729 3994 756 4048 id
772 4002 815 4049 est
830 4007 911 4062 opera
924 4002 951 4046 ct
1002 3997 1029 4049 in
1043 4011 1185 4052 aeternum.
1207 3994 1258 4050 Per
1273 3996 1324 4050 hoc
1340 4003 1450 4049 notatur
1464 3995 1536 4067 quod
1551 3994 1658 4063 judicos
1674 4009 1727 4048 non
1743 3993 1791 4047 de-

163 4090 328 4154 doctrinam,
343 4091 385 4146 rel
402 4092 553 4147 imitatores
574 4104 670 4146 eornm
685 4085 803 4144 traderet
818 4083 949 4140 demoni·
1003 4086 1141 4155 linquunt,
1157 4085 1180 4139 si
1202 4086 1290 4140 malos
1308 4086 1433 4154 puniunt,
1454 4086 1509 4138 imo
1525 4084 1666 4155 praemium
1679 4082 1792 4151 justitie

164 4180 227 4244 bus,
243 4188 272 4233 ut
288 4180 449 4249 disperderet
462 4195 505 4234 eos
525 4180 553 4232 in
573 4176 732 4249 replenitur,
747 4173 775 4229 id
794 4183 836 4230 cst
848 4173 953 4242 disper·
1003 4176 1147 4245 recipiunt,
1158 4176 1182 4230 si
1199 4177 1252 4230 noe
1268 4174 1327 4229 zelo
1342 4172 1389 4228 liei
1405 4173 1519 4229 laciunt.

165 4284 213 4324 sos
224 4269 252 4323 in
272 4269 345 4325 vitiis
363 4270 487 4339 perderet
511 4270 537 4324 in
558 4266 658 4323 inlerni
669 4264 835 4322 carceribus.
852 4262 952 4317 Littera
1039 4267 1174 4337 Allegoria
1188 4274 1230 4322 est
1245 4266 1419 4334 inquirenda.
1438 4267 1630 4334 Apostatantes
1648 4264 1682 4318 ab
1699 4261 1792 4318 Eccle-

165 4368 208 4414 est
222 4358 377 4429 repetenda.
947 4417 949 4426 ,
968 4377 991 4432 p
1006 4359 1046 4415 sia
1059 4358 1160 4412 initiati
1175 4366 1235 4411 sunt
1251 4356 1419 4427 Beelptrcpor‚
1436 4355 1517 4411 idest
1536 4354 1609 4410 idolo
1624 4353 1791 4426 ignominie,

206 4447 286 4504 Vens.
304 4448 349 4506 ιιι.
373 4448 407 4503 Et
430 4449 530 4503 irritinti
555 4458 617 4503 aurat
640 4447 807 4518 Beelplrepor.
835 4444 952 4500 Historia
1005 4450 1078 4506 idolo
1101 4448 1207 4504 libidini
1227 4450 1353 4505 dedicato
1373 4465 1403 4505 se
1428 4457 1634 4513 consecrarunt,
1652 4447 1717 4503 dum
1737 4446 1794 4501 de-

166 4539 230 4610 talis
241 4548 283 4596 εει
296 4557 303 4593 :
316 4540 385 4596 Germ
403 4540 473 4595 Seon
489 4549 517 4596 ει
532 4540 571 4611 dg
588 4554 665 4610 reges
678 4540 816 4605 vicissent,
835 4547 861 4593 et
875 4546 954 4593 terrae

167 4633 276 4688 bladino
291 4633 549 4704 appropinquarent,
566 4649 614 4688 rex
628 4631 728 4687 Balach
743 4631 777 4686 de
790 4631 905 4685 adventu
920 4630 954 4683 il·

167 4724 257 4778 lorum
274 4723 433 4793 perterritus
451 4737 501 4792 pro
517 4721 625 4776 Balaam
645 4721 783 4776 sacerdote
798 4720 882 4786 misit,
898 4720 953 4784 cui,

169 4814 192 4869 si
204 4814 337 4883 populum
352 4828 463 4885 arogno
480 4827 531 4868 suo
542 4811 725 4867 maledicendo
738 4820 880 4876 averteret,
892 4811 955 4879 plu-

170 4905 242 4960 rima
255 4902 328 4960 dona
345 4905 479 4974 promisit.
495 4903 554 4973 lpse
567 4918 631 4959 reru
647 4903 748 4973 Spiritu
761 4902 854 4958 dirtno
868 4902 955 4972 reple·

173 5005 217 5052 tus
231 4996 347 5066 pupulos
367 4996 451 5053 lsrael
474 4995 622 5062 benedixit,
636 5005 664 5051 et
684 4996 770 5051 multa
793 4995 826 5050 de
846 4994 956 5051 Cbristo

171 5096 199 5142 et
220 5084 344 5142 Ecclesia
366 5086 554 5158 prophetando
576 5086 711 5155 predixit,
724 5096 751 5141 ει
772 5086 842 5141 iuter
861 5095 957 5141 εεειεεε

173 5178 232 5233 brec
246 5179 358 5248 protulit
377 5195 384 5231 ε
400 5198 409 5231 r
427 5176 535 5234 Orietnr
549 5179 623 5234 stella
645 5193 680 5233 ex
695 5175 790 5244 lacob,
805 5186 832 5233 et
843 5192 958 5233 consur·

176 5276 221 5337 get
233 5268 316 5326 borno
332 5270 366 5326 de
385 5268 467 5326 lsrael
485 5268 579 5339 (Num.
601 5285 675 5335 xxrr,
700 5268 755 5339 ll),
774 5288 783 5321 r
804 5269 850 5337 qni
865 5269 958 5323 omnia

178 5372 261 5428 regna
280 5361 331 5416 sibi
352 5360 518 5432 subjugabit,
538 5360 585 5430 qui
599 5359 771 5429 postmodum
786 5360 898 5414 avaritia
912 5360 960 5414 de-

177 5448 267 5505 victus
287 5451 362 5508 dedit
386 5450 541 5517 consilium,
566 5460 595 5506 nt
619 5450 714 5520 puellae
738 5448 958 5517 liadianitarum,

102 5566 106 5574 ·
177 5556 246 5597 auro
260 5550 288 5597 et
301 5543 416 5615 gemmis
431 5551 533 5598 ornate
548 5542 655 5598 obviam
676 5542 776 5613 populo
789 5556 851 5598 oum
874 5543 959 5598 simu-

177 5635 253 5691 lacro
272 5632 365 5708 Priapi
380 5635 461 5704 irent,
474 5643 501 5694 et
514 5650 560 5693 eos
581 5634 615 5692 ad
632 5641 791 5693 scortumst
803 5631 962 5691 adidolola·

1006 4541 1080 4597 moni
1105 4539 1285 4596 immunditiae
1309 4554 1339 4594 se
1365 4548 1435 4596 totos
1462 4538 1585 4594 subditos
1612 4536 1793 4592 subdiderunt

1006 4633 1171 4688 contumelia
1195 4631 1342 4688 alllcientes
1366 4645 1478 4698 corpora
1501 4645 1551 4684 sua
1574 4629 1602 4683 in
1626 4627 1792 4698 semetipsis,

1006 4723 1121 4777 luasculi
1144 4723 1172 4777 in
1196 4722 1333 4777 masculos
1360 4720 1554 4790 turpitudinem
1579 4728 1732 4789 operantes.
1758 4717 1794 4772 Ει

1007 4814 1173 4867 comederunt
1188 4812 1321 4882 sacrificiu
1332 4820 1505 4879 mortuorum,
1522 4812 1547 4866 id
1558 4819 1601 4867 est
1613 4811 1647 4866 ab
1661 4809 1795 4866 baereticis

1007 4914 1035 4958 et
1059 4902 1313 4967 excommunicatis,
1338 4903 1365 4956 in
1391 4902 1482 4957 anima
1507 4902 1635 4969 mortuis,
1658 4901 1794 4957 sacrificia

1009 4996 1098 5050 oblata
1114 5000 1298 5063 sumpserunt.
1321 4992 1356 5046 Et
1379 4993 1550 5049 irritaverunt
1566 4993 1651 5047 Βεεει
1665 4994 1693 5045 in
1713 4991 1787 5045 udin·

1008 5087 1171 5139 acutioribus
1183 5086 1249 5153 auis,
1262 5084 1289 5140 id
1299 5094 1341 5141 est
1351 5086 1378 5139 in
1392 5084 1476 5140 variis
1487 5085 1626 5140 erroribus
1637 5098 1652 5137 a
1664 5097 1693 5138 se
1704 5082 1796 5136 inren·

1009 5177 1055 5241 tis,
1075 5176 1159 5230 imon
1181 5174 1289 5230 diabolo
1311 5174 1461 5245 inspiratis.
1481 5172 1514 5227 Et
1534 5173 1595 5228 ideo
1616 5171 1796 5240 multiplicato

1010 5277 1048 5324 est
1068 5270 1096 5322 in
1116 5270 1154 5322 eis
1176 5268 1266 5333 ruina,
1286 5268 1371 5324 idest
1394 5266 1534 5335 multiplex
1551 5264 1622 5318 locta
1638 5271 1681 5318 est
1700 5277 1793 5318 eorum

1010 5356 1158 5415 damnatio.
1171 5355 1206 5409 Ει
1218 5358 1290 5411 ειειιι
1302 5355 1424 5415 Ριιιιεει.
1436 5353 1463 5408 id
1478 5362 1520 5409 est
1534 5351 1709 5409 sacerdotalis
1726 5351 1795 5406 ordo

1011 5449 1148 5512 Ecclesiae,
1165 5450 1236 5502 stetit
1254 5447 1281 5500 in
1299 5445 1379 5500 bonis
1393 5443 1530 5513 operibus,
1545 5451 1572 5497 et
1583 5443 1697 5512 placarit
1709 5440 1794 5495 benni

1012 5542 1127 5599 salutari
1136 5540 1226 5596 hostia
1239 5554 1289 5611 pro
1307 5535 1507 5610 peecatoribus,
1521 5545 1547 5590 ει
1562 5535 1673 5590 cessauit
1684 5550 1796 5606 prutre-

1014 5636 1060 5702 n‘o,
1073 5634 1124 5691 lroc
1142 5641 1185 5691 εει
1197 5649 1214 5689 a
1228 5630 1372 5706 perdendis
1390 5628 1439 5687 Bei
1460 5627 1616 5686 vindicatio.
1637 5623 1672 5684 Et
1686 5634 1794 5696 reputa-
