3892 6067
134 222 193 280 52⁰
278 216 558 276 contaminarint
575 217 610 275 bt
629 218 800 278 asianos.
819 250 854 264 -·
871 219 963 279 rans
982 220 1028 287 tx,
1049 219 1095 275 EX
1115 219 1279 278 nonanto.
1299 251 1335 263 -
1353 219 1452 280 esto.
1472 222 1627 281 Lffllll.
1725 225 1777 283 aad

134 333 283 391 utilitatem
302 331 470 403 papularum,
488 331 1032 406 etinscripttrrisprioriptm,idhllei
1053 340 1096 388 εει
1123 332 1215 387 anima
1240 332 1338 400 fidelia,
1363 334 1441 405 cujus
1468 336 1653 406 fundamenta,
1682 338 1708 394 id
1737 350 1779 396 εει

135 435 180 484 εει
195 425 383 497 apostolorum
397 425 501 492 baram,
517 427 563 496 qui
575 426 641 496 fuer.
655 437 682 481 nt
696 428 723 480 in
739 445 770 482 ea
783 427 931 497 principes,
983 422 1063 478 bonae
1077 419 1294 480 conversationis
1307 424 1384 480 initia
1398 432 1464 481 sunl
1477 427 1504 480 in
1517 428 1619 482 aurietis
1633 429 1777 498 montibus,

135 516 409 588 quandiurixemnt,
423 525 452 572 et
472 517 536 572 talia
553 517 718 586 docuerunt,
731 528 758 574 et
772 519 873 588 scripta
890 535 930 574 rr·
983 513 1066 569 idest
1086 521 1244 569 sauctorum
1266 515 1320 570 vita
1344 525 1372 571 et
1390 515 1575 587 dogmatibus.
1596 516 1660 576 Haec
1681 520 1779 578 civitas

136 610 288 681 liquerunt.
304 606 388 663 Sacra
407 606 550 678 Scriptura
568 616 610 664 est
624 611 748 665 omnium
762 611 931 681 populorum,
983 614 1096 661 roeatm
1109 603 1184 672 Sion,
1200 605 1229 660 id
1242 614 1286 661 est
1296 606 1404 677 specula
1421 610 1490 664 rita.
1506 607 1594 681 hujus
1607 619 1699 681 portat
1715 612 1781 667 dili·

137 700 311 771 quiaomaes
326 715 395 771 perte
415 698 573 772 intelligunt
587 715 664 765 earn,
687 702 825 757 secularis
840 709 931 757 autom
983 697 1020 769 git
1037 696 1176 752 dontinus.
1200 696 1292 753 Porta
1321 698 1404 769 hujus
1424 699 1501 768 Sion,
1525 717 1573 771 per
1596 717 1666 773 quas
1686 703 1779 760 anima

137 792 274 862 scriptura
286 806 437 861 paucorum
448 800 500 860 est,
511 793 578 880 quia
587 792 667 863 pauci
679 792 840 865 intelligunt.
854 795 932 861 Quod
984 789 1144 861 ingreditur,
1157 798 1199 845 εει
1216 789 1284 846 ides
1296 801 1324 846 ει
1345 791 1508 862 baptismus.
1527 792 1628 860 Porta,
1649 811 1698 866 per
1711 811 1780 867 quas

137 885 213 939 eninr
226 884 304 942 Plato
318 886 439 957 scripsit,
453 886 498 940 tir
521 894 575 942 ιιεε
592 884 756 960 intelligunt.
773 866 932 957 Philosophi
983 882 1131 955 egreditur,
1148 892 1192 939 est
1205 884 1329 953 operatio
1342 893 1372 939 ot
1390 885 1511 940 dilectio.
1533 884 1716 941 Tabenraruta
1729 886 1783 942 Ja-¹

135 975 211 1031 riam
227 979 350 1035 raritatis
366 981 525 1038 hominibus
540 982 727 1050 obcluserunt,
743 984 808 1039 dum
823 992 933 1041 senten·
984 975 1030 1030 rob
1043 984 1086 1031 εει
1095 975 1216 1032 carnalis
1230 976 1385 1033 intellectus
1398 986 1426 1033 et
1437 977 1598 1035 traditiones
1610 941 1784 1035 iudeorum.¹

138 1069 193 1124 tias
206 1085 271 1126 suas
282 1071 408 1130 obscuris
419 1074 508 1131 verbis
527 1075 709 1143 involverunt,
721 1093 804 1149 qnam
816 1077 933 1148 apostoli
984 1063 1023 1120 ΒΘ
1041 1065 1092 1120 ¹¹³0
1112 1063 1223 1121 civitate
1236 1064 1442 1146 divtwitstt'tit
1462 1080 1535 1134 rarat,
1548 1068 1613 1139 quia
1626 1069 1659 1124 de
1672 1047 1784 1125 virtum

136 1164 228 1235 planis
254 1163 336 1220 dietis
359 1166 657 1238 mundoaperuerunt.
682 1165 841 1240 hinguarus
862 1168 934 1226 sacra
984 1154 1047 1220 bus,
1071 1156 1142 1212 siout
1168 1156 1202 1212 de
1230 1156 1369 1226 lapidibus
1390 1166 1432 1214 est
1458 1167 1632 1226 constructa;
1662 1169 1690 1216 et
1714 1146 1779 1231 quia

136 1262 180 1309 ost
195 1255 223 1307 in
244 1254 353 1309 civitate
370 1256 432 1321 bac,
453 1273 582 1328 maguum
598 1258 739 1329 gandium,
755 1274 855 1331 magna
867 1259 935 1315 laert.
985 1246 1095 1305 Christo
1114 1248 1271 1319 imperatori
1288 1257 1318 1304 nt
1338 1264 1440 1321 sponsa
1454 1259 1496 1306 εει
1518 1252 1675 1323 conjuncta.
1692 1250 1780 1324 liujus

138 1345 195 1399 tia!
211 1343 275 1400 idea
291 1345 432 1402 cobocatis
447 1348 578 1403 omnibus
596 1348 702 1419 gaudiis
717 1348 826 1406 clausit.
985 1353 1085 1393 memor
1108 1347 1152 1395 ⁰8²
1173 1338 1315 1407 omnibus,
1341 1339 1403 1410 ‘iuli
1428 1341 1462 1396 (¹0
1488 1340 1580 1396 Ratrab
1606 1351 1634 1398 0¹
1660 1325 1784 1415 ΒιώιιῑθηΧ

173 1434 345 1506 diapsalma,
372 1436 456 1493 vrrs.
483 1437 507 1492 7.
537 1436 613 1495 sicut
642 1440 792 1495 iuraturum
818 1442 935 1495 omnium
986 1446 1119 1487 conversa
1132 1439 1174 1487 εει
1186 1431 1219 1486 ad
1232 1446 1306 1497 cum,
1321 1432 1374 1486 hoo
1386 1440 1436 1499 est,
1449 1431 1482 1488 de
1493 1433 1638 1490 latitudine
1648 1413 1785 1491 vitiorum¹

135 1525 271 1580 habitatio
285 1528 313 1580 in
330 1539 365 1581 tr.
392 1526 532 1582 liaditatio
553 1531 672 1585 omniunt
692 1532 720 1584 in
740 1540 775 1600 te,
798 1546 816 1586 o
839 1531 935 1587 ciritae
986 1530 1013 1581 et
1028 1522 1155 1595 soperbia
1171 1523 1317 1578 mundaum
1332 1522 1425 1594 gloria
1436 1532 1463 1578 ct
1475 1524 1638 1581 contusione
1651 1495 1786 1595 peceato-l

137 1617 198 1681 Dei.
221 1634 276 1675 non
296 1618 350 1673 erit
371 1620 550 1690 tristantium,
573 1623 621 1678 sed
642 1625 712 1678 sicat
734 1623 885 1679 tutantium
906 1625 934 1679 in
986 1633 1059 1673 rum.
1073 1614 1103 1671 ln
1118 1614 1169 1670 bac
1183 1615 1293 1671 civitate
1313 1614 1436 1670 habitant
1451 1614 1605 1686 alienigena
1619 1627 1647 1671 ει
1664 1615 1737 1686 Tyrii
1755 1627 1782 1672 ot

137 1712 192 1766 hae
206 1710 272 1774 rita,
287 1710 315 1764 in
331 1708 423 1766 lutura
443 1722 534 1768 autern
550 1728 613 1770 rere
627 1698 788 1771 tutantium.
801 1713 832 1770 ln
845 1716 935 1771 taber·
951 1681 972 1736 B
986 1707 1136 1779 AEtlrioper,
1151 1707 1215 1779 quia
1236 1706 1263 1761 in
1281 1705 1446 1777 cogitatione
1459 1707 1518 1777 ejus
1534 1716 1646 1764 manent
1659 1708 1782 1779 pristinae

137 1801 246 1856 maculis
261 1800 306 1857 hic
321 1803 508 1870 conterinum
524 1805 552 1860 in
575 1805 685 1862 civitate
706 1806 750 1862 illa
770 1806 874 1864 coelesti
888 1807 937 1861 ha·
983 1799 1259 1871 turpitudinesque
1275 1812 1334 1853 ‘³³¹⁰
1352 1812 1368 1853 ἃ
1386 1796 1443 1853 9θο
1461 1798 1637 1855 alienabant:
1656 1800 1719 1855 bide
1733 1800 1783 1856 ba·

139 1891 237 1947 bitatio
252 1901 345 1948 nostra
360 1895 419 1950 sola
433 1896 487 1951 erit
499 1895 604 1953 laetitia.
618 1895 677 1954 Non
697 1898 750 1955 erit
762 1899 798 1954 ibi
819 1897 937 1970 gemitus
986 1891 1032 1947 bel
1045 1889 1200 1962 attiusbtffl
1212 1897 1239 1943 θῑ
1256 1887 1363 1943 limbis
1377 1886 1532 1943 ¹¹⁰ir0i0m·
1548 1887 1615 1943 P⁰⁵l
1627 1889 1685 1947 ltaec
1694 1890 1784 1944 tutti·

139 1984 368 2053 desiderantium,
400 1988 448 2044 εει]
479 1989 573 2046 laetitia
596 1989 806 2061 perfruentium,
843 1991 937 2048 Aderit
988 1979 1309 2046 tarChristnsinea,id
1328 1977 1646 2035 estvirtusreibonum
1665 1983 1787 2062 opusad¹

137 2079 224 2143 enim,
240 2079 285 2134 cui
298 2079 485 2149 suspirantum
501 2100 511 2132 r
525 2081 630 2137 similes
640 2082 664 2137 εἰ
679 2083 793 2148 erimus,
805 2082 935 2153 quioniam
988 2073 1168 2130 imitationem
1200 2070 1315 2137 Christi,
1340 2080 1368 2126 et
1394 2071 1452 2142 ipse
1478 2071 1633 2127 ditissimas
1659 2069 1788 2168 {uitiauit}

139 2170 295 2226 ridebimus
307 2186 370 2228 eum
385 2171 466 2227 sicuti
479 2180 523 2228 εει
539 2171 566 2241 tt
581 2171 662 2227 ioan.
678 2188 719 2239 nt,
733 2172 773 2236 i).
790 2193 799 2225 t
815 2171 874 2227 Non
886 2176 938 2227 en't
988 2181 1049 2221 eam
1070 2165 1098 2220 in
1120 2163 1277 2221 virtutibus.
1295 2162 1328 2220 Et
1339 2166 1460 2220 narrabit
1474 2164 1499 2218 ci
1521 2165 1690 2220 voluntatem
1704 2180 1782 2220 suam

139 2260 177 2315 ibi
193 2260 306 2331 aliquod
316 2262 456 2332 negotium
467 2262 666 2329 nostrum‚nisi
677 2262 789 2319 laudare
803 2261 900 2328 Deam,
911 2271 938 2316 ct
988 2259 1016 2313 in
1037 2258 1177 2328 scripturis
1197 2256 1365 2328 populorum,
1380 2258 1463 2315 idest
1482 2258 1509 2312 in
1522 2257 1697 2327 passionibus
1711 2241 1788 2314 mar1

138 2349 195 2408 irai
209 2351 275 2409 Deo,
290 2351 480 2410 habitabimur
500 2363 528 2410 et
538 2353 733 2410 habitabimus.
752 2352 938 2423 Sobjicientur
988 2358 1078 2423 tyrum
1090 2360 1118 2405 et
1132 2349 1187 2403 vita
1205 2358 1373 2416 sanctornm,
1388 2350 1454 2406 etin
1472 2351 1611 2422 toriptarit
1622 2343 1788 2421 principtnr,'

140 2444 180 2498 itti
203 2443 307 2510 amnia,
333 2453 364 2500 ut
390 2445 426 2501 sit
448 2445 520 2502 Deus
538 2445 629 2500 omnia
653 2443 680 2499 in
703 2445 841 2501 omnibus.
867 2443 938 2511 Quid
989 2441 1016 2496 id
1032 2451 1074 2498 est
1088 2440 1274 2513 apostolorum
1289 2450 1316 2497 ει
1331 2443 1536 2513 prophetarum.
1551 2441 1584 2497 Et
1597 2444 1651 2498 boo
1663 2443 1783 2497 narrabit

139 2536 289 2607 arguerit?
304 2535 459 2604 Quomodo,
481 2537 569 2606 potuit
591 2536 683 2608 lingua
706 2538 826 2591 liumana
845 2535 935 2591 dixit:
988 2535 1025 2602 ei,
1041 2534 1115 2606 quod
1130 2534 1261 2589 turannio
1285 2534 1337 2588 erit
1356 2532 1384 2588 in
1407 2550 1439 2590 ea
1463 2535 1531 2589 sicat
1555 2534 1703 2589 tutantium
1725 2550 1783 2588 ont-

142 2622 220 2679 Sicut
235 2625 386 2682 tutantium
401 2627 520 2681 ananiam
540 2627 671 2681 habitatio
689 2627 717 2681 r‘n
730 2633 764 2681 te.
781 2625 872 2692 Quare
885 2627 938 2680 aic-
989 2629 1074 2694 niara,
1090 2628 1156 2698 quia
1175 2627 1303 2684 Christus
1324 2643 1373 2684 rex
1399 2625 1528 2681 virtutum
1552 2626 1580 2680 in
1604 2625 1655 2679 hac
1676 2623 1785 2679 civitate

141 2726 171 2772 ut
186 2718 339 2773 tutantium
349 2720 362 2774 t
374 2716 444 2785 Quia
469 2733 524 2774 non
549 2718 654 2773 invenit
673 2717 756 2773 aliam
779 2716 938 2774 similitudi·
989 2717 1114 2790 regnabit
1131 2719 1158 2773 in
1174 2728 1317 2785 aternum,
1333 2720 1381 2790 qui
1395 2727 1439 2775 est
1453 2719 1563 2789 planum
1578 2716 1719 2788 gandium.

140 2824 218 2875 nem,
234 2809 288 2866 nisi
300 2810 408 2880 qualem
425 2808 470 2865 hic
484 2809 568 2865 homo
583 2807 669 2864 norit.
1024 2807 1104 2865 iluna
1122 2808 1259 2879 psalmum
1278 2807 1379 2864 lostam
1401 2816 1502 2864 sanctae
1516 2806 1608 2862 haria
1621 2807 1705 2871 canit,
1720 2804 1791 2875 quia

176 2900 230 2958 llio
254 2903 378 2975 psalmus
398 2903 481 2958 etiam
499 2903 534 2959 ad
552 2902 673 2957 animam
694 2902 820 2998 pertinet.
837 2899 937 2956 Ciuitas
990 2901 1048 2972 ipsa
1060 2899 1200 2956 Christum
1214 2898 1300 2955 Deum
1313 2908 1340 2956 ει
1351 2899 1490 2955 lromincm
1508 2898 1612 2971 genuit.

1382 3062 1770 3083 Μ
1786 3075 1789 3084 Ι

666 3247 931 3341 PSALMUS
966 3242 1260 3340 Lxxxvtt.

73 3611 81 3636 .
183 3573 296 3630 Contrua
315 3570 385 3624 Doar
405 3569 500 3625 artatis
518 3585 592 3636 mea,
608 3578 660 3625 etc.
680 3569 803 3626 Ριιεεειιε
817 3569 976 3640 psalmusc
993 3581 1051 3623 nos.
1068 3564 1211 3622 [temones
1232 3569 1296 3619 sunt
1315 3558 1398 3628 nudi,
1413 3557 1563 3615 Christiani
1578 3557 1638 3613 otoo
1653 3558 1739 3614 tancti.
1757 3557 1786 3613 st

144 3675 190 3723 εει
203 3663 238 3718 de
260 3662 388 3732 passione
405 3660 519 3729 Christi,
535 3670 563 3716 ot
574 3660 608 3717 de
627 3661 688 3731 ejus
707 3671 793 3716 morto
809 3669 836 3716 et
848 3662 941 3732 sepul·
992 3656 1056 3729 onis
1069 3655 1200 3711 instinctu
1222 3652 1324 3713 diaboli
1340 3652 1367 3706 iu
1386 3649 1478 3722 aliquo
1490 3657 1603 3721 peceato
1616 3649 1710 3720 lapsus
1725 3647 1785 3705 ltro-

147 3761 210 3809 tnra
232 3760 260 3806 et
283 3750 317 3805 ad
337 3748 439 3805 inieras
460 3749 649 3805 descensione.
670 3747 768 3804 diditus
786 3743 941 3805 laborantes
993 3749 1039 3813 rit,
1053 3762 1108 3802 non
1131 3745 1261 3802 ortatiano
1283 3757 1379 3799 sertus
1399 3740 1460 3812 ejus
1475 3741 1537 3807 erit,
1555 3739 1578 3795 si
1592 3755 1641 3810 por
1653 3740 1788 3809 poeuiten-

146 3844 178 3900 in
195 3842 378 3899 tabernaculis
402 3841 493 3896 andita
518 3841 614 3911 gloria,
637 3856 700 3910 quse
722 3848 766 3896 ost
788 3840 943 3897 incivitate
993 3840 1060 3896 tiam
1081 3839 1154 3895 tiras
1173 3852 1305 3908 reparans
1327 3834 1406 3890 ionis
1432 3833 1461 3888 in
1483 3832 1672 3890 aduersarium
1693 3833 1786 3892 insur-

147 3934 336 4006 imperatoris,
348 3931 499 4004 flagrabant
520 3931 607 3987 nimio
627 3931 764 3988 desiderio
781 3932 884 3989 relictis
897 3949 940 3989 ca·
994 3935 1105 3992 rexerit.
1120 3934 1173 3990 Sed
1184 3933 1207 3989 si
1221 3947 1253 3988 ex
1270 3941 1326 3987 toto
1341 3929 1376 3985 ab
1390 3927 1541 3984 intentione
1560 3926 1705 3985 resistendi
1722 3942 1787 3997 poo-

148 4027 216 4084 stris
230 4027 302 4082 hano
324 4026 418 4080 urbem
442 4024 547 4096 ingredi
565 4032 594 4079 ει
613 4023 747 4079 immensa
767 4023 859 4079 laetitia
880 4040 943 4094 per·
963 4046 966 4050 ’
994 4034 1056 4081 cato
1070 4024 1171 4091 dollcit,
1191 4024 1237 4079 hie
1258 4020 1411 4078 dominium
1436 4034 1466 4075 se
1485 4018 1620 4075 vincentis
1634 4018 1747 4086 subibit,
1761 4027 1796 4092 ει,

148 4119 216 4175 frui.
229 4117 335 4186 Quibus
353 4125 492 4173 certamen
509 4116 648 4184 indicitur,
662 4116 767 4188 etquia
783 4115 943 4187 permultas
996 4114 1041 4170 hic
1055 4128 1157 4169 corona
1180 4110 1294 4168 carebit.
1318 4109 1371 4176 Qui
1385 4118 1475 4163 autem
1500 4121 1587 4177 usque
1607 4107 1634 4161 in
1645 4106 1736 4170 ,inem
1759 4106 1788 4159 in

150 4210 345 4267 tribulationes
369 4208 632 4279 oporteatintroire
653 4209 681 4265 in
694 4224 808 4280 rognum
830 4207 889 4276 bei,
904 4209 944 4264 eis
995 4204 1145 4262 certamine
1162 4199 1386 4274 perseveraverit,
1409 4196 1455 4253 hia
1474 4211 1605 4252 eoronam
1621 4196 1683 4250 vitre
1696 4208 1789 4264 repor-

149 4301 309 4374 praedieitur
338 4309 370 4356 ut
395 4301 522 4356 noverint
547 4299 689 4356 introitum
717 4284 800 4373 bajus
826 4297 945 4355 civitatis
997 4296 1073 4353 tabit.

148 4410 214 4451 osse
234 4392 450 4456 tribulationem,
463 4392 534 4449 sicut
548 4401 575 4448 ει
587 4391 727 4448 Christum
742 4406 834 4463 rogem
850 4405 944 4445 eorum
1031 4386 1082 4444 llic
1106 4384 1229 4458 psalmus
1255 4391 1297 4440 est
1320 4381 1508 4453 octogesimus
1535 4379 1686 4451 septimus,
1717 4376 1789 4448 qrtod

149 4488 231 4560 prius
245 4485 366 4558 oportuit
381 4484 448 4558 pati,
464 4493 492 4541 et
508 4484 546 4540 ita
565 4484 669 4539 intrare
682 4485 709 4539 in
724 4483 799 4540 iilam
819 4482 945 4555 gloriam,
997 4488 1061 4538 sunt
1082 4477 1177 4535 nonies
1200 4490 1309 4544 norem,
1324 4475 1516 4547 inceperant.
1538 4470 1591 4527 Per
1611 4468 1790 4526 novenarium

150 4579 209 4644 oui,
224 4576 525 4647 sicutoompatiuntur,
540 4584 568 4631 ot
590 4575 807 4646 conregnabunt.
831 4572 871 4631 Ne
895 4588 946 4635 au·
998 4571 1128 4645 gaudium
1149 4568 1320 4642 angelornm,
1336 4581 1385 4637 per
1403 4564 1544 4622 senarium
1561 4563 1638 4619 labor
1661 4561 1706 4616 hic
1729 4574 1790 4616 oer-

152 4679 209 4727 tem
230 4670 259 4723 in
275 4667 425 4725 certamino
441 4660 578 4732 deliciunt,
596 4671 734 4722 oertamen
749 4665 852 4722 Christi
875 4666 948 4739 rogis
998 4665 1115 4723 tandum
1140 4661 1313 4733 exprimitur.
1336 4656 1465 4729 Designat
1488 4657 1534 4712 hio
1556 4669 1698 4720 numerus,
1717 4652 1791 4725 quod

152 4763 279 4831 ipsarum
292 4758 333 4815 eis
348 4758 377 4813 in
392 4757 444 4813 boc
467 4756 574 4828 psalmo
596 4755 767 4827 proponitur,
779 4741 808 4812 εἰ
820 4765 883 4828 post
896 4773 948 4828 pu·
999 4759 1039 4825 hi,
1051 4756 1100 4829 qni
1111 4763 1207 4811 contra
1221 4752 1288 4809 vitia
1303 4765 1354 4821 pro
1362 4749 1475 4805 Christo
1487 4757 1620 4820 pugnant,
1632 4746 1791 4817 angelorum

151 4867 236 4925 χιιιιιι
258 4849 409 4906 victoribus
428 4862 531 4904 corona
553 4845 733 4918 promittitur,
755 4846 821 4918 qaia
837 4864 847 4898 ι
866 4860 948 4903 nemo
1000 4848 1100 4923 gaudia
1109 4847 1137 4904 ln
1150 4846 1261 4902 civitate
1271 4841 1390 4916 gloriosa
1401 4841 1560 4913 percipiant.
1574 4837 1683 4895 Titulus
1693 4835 1799 4909 psalmi

152 4943 344 5006 coronabitur.
362 4941 416 4998 nisi
432 4941 480 5013 qui
503 4939 624 5011 legitime
647 4939 792 4995 certaverit
814 4935 861 5009 (li
876 4937 945 4996 Tiar.
963 4929 1064 4997 Dest:

154 5051 187 5102 ¹¹2
200 5035 240 5107 5).
260 5054 270 5087 '
295 5033 460 5137 ¹5⁸SJ¹¹⁰¹⁰¹¹¹
485 5039 622 5088 ⁰⁰¹¹²⁰¹⁸¹¹
646 5030 770 5134 “lker''
785 5045 792 5082 ²
808 5028 868 5086 ⁰⁰⁰
880 5029 947 5086 Μ’
1002 5069 1099 5144 (Vens.
1114 5069 1152 5138 i.)
1171 5083 1304 5125 ornatouu
1324 5082 1433 5133 εειιιιι,
1459 5081 1539 5120 rrtns
1558 5079 1640 5128 cona,
1661 5076 1687 5115 nt
1713 5074 1793 5114 arnon

153 5128 218 5184 oleo
237 5136 313 5182 nocta
334 5125 416 5181 simul
432 5123 606 5180 luctabantur
624 5137 668 5178 :st
688 5121 833 5186 alterneto
847 5136 949 5178 succu-
1038 5156 1088 5196 pgo
1113 5155 1218 5196 gurgen
1240 5139 1297 5211 (tt)
1311 5154 1345 5193 ra
1369 5149 1588 5200 nosnonusnnutr,
1611 5143 1795 5187 turottrcrus

156 5217 226 5284 buit,
244 5230 301 5273 noa
323 5215 416 5271 statim
441 5213 529 5269 rictus
543 5211 613 5278 iuit3
628 5211 675 5267 sed
700 5210 724 5267 si
744 5211 844 5282 saepius
865 5211 949 5267 elisus
1038 5226 1108 5267 ειιιιι
1122 5225 1281 5267 tensauro.

157 5323 194 5363 ex
206 5317 262 5364 toto
276 5323 292 5363 a
305 5307 378 5363 lucta
394 5304 502 5371 deiecit,
518 5304 563 5359 hie
576 5302 665 5359 rietus
686 5300 748 5369 init,
761 5310 788 5357 et
803 5301 848 5358 irio
861 5303 949 5360 serri-
1039 5305 1180 5362 Canticum
1199 5312 1242 5360 eat
1260 5301 1417 5373 iucunditas
1444 5292 1693 5366 contemplationis,
1714 5290 1794 5345 pm.

157 5400 199 5457 tio
212 5399 324 5456 notoria
337 5397 523 5464 addicebatar,
541 5393 629 5450 tiator
646 5408 712 5449 acro
726 5392 818 5450 laurea
833 5407 949 5450 corona·
1004 5411 1063 5450 mur
1085 5393 1206 5451 studium
1230 5392 1310 5448 bonae
1334 5388 1458 5446 actionis.
1484 5384 1552 5441 Filii
1572 5381 1638 5438 Care
1660 5387 1797 5452 martyres

155 5496 250 5552 batur.
267 5491 315 5550 Sic
327 5501 464 5548 certamen
475 5498 517 5546 est
534 5489 605 5543 inter
615 5486 789 5544 Christianos
801 5496 828 5544 ct
847 5486 949 5544 daemo·
1007 5488 1159 5546 imitatores
1170 5482 1273 5542 Christi
1286 5481 1312 5537 in
1326 5479 1451 5538 Calraria
1467 5473 1600 5537 orucillai.
1613 5471 1691 5529 Finit
1702 5483 1798 5544 perte·

195 5654 255 5728 (ld)
275 5650 353 5722 tutg.
371 5649 539 5708 Mandabat
552 5646 696 5704 Errabitoe.
905 5663 952 5698 ..a
