3892 6067
115 209 165 259 bit
368 207 647 271 subministretis
668 214 702 269 tx·
722 214 891 274 essenos.
906 218 1043 277 -t’ttts
1061 220 1098 275 X.
1117 252 1152 263 --
1169 223 1269 283 esti.
1289 227 1455 290 emitti.

116 323 200 368 noctu
228 330 358 385 percussa
383 329 447 377 sttrrt
474 323 654 397 primogenita
680 328 790 402 AEgypti
816 340 844 388 ct
866 348 914 389 rer
929 340 952 396 Α
967 334 1255 409 tesirebageiiantem
1281 341 1339 399 sire
1365 345 1554 401 consolantem
1577 347 1651 405 iiiiaii
1666 364 1761 410 amore

115 398 225 458 Piraian
237 406 364 464 turbatus
388 425 421 466 ac
436 411 554 482 populus
572 412 654 472 lsrael
672 420 793 476 saluatus
803 432 829 476 ee
846 422 914 478 libc-
964 427 1137 501 dilipentibus
1149 432 1239 486 omniu
1251 439 1309 489 ιιιιι
1325 434 1442 491 surena
1453 450 1536 506 quum
1546 451 1678 508 prospera
1691 458 1701 492 ι
1713 454 1761 496 eo·

115 505 193 599 ratus
208 507 270 565 est;
288 497 325 555 ita
337 502 389 556 erit
405 502 432 558 iu
448 516 524 561 traete
534 513 748 570 resurrectionis
759 530 836 582 meae,
852 530 914 585 que
965 530 1114 591 operantur
1125 521 1156 577 in
1178 523 1293 592 inunum,
1308 523 1377 583 bist
1402 526 1546 595 duntaxat,
1573 548 1583 581 ι
1596 530 1645 600 qui
1659 546 1759 588 ιεειιιι-

114 597 186 691 sicut
200 589 258 643 dies
278 589 479 651 illuminabitur
502 610 564 655 orto
582 602 641 674 jam
656 607 715 664 soie
730 607 854 678 justitiae,
869 607 913 663 lu·
963 611 1030 667 dum
1042 614 1215 684 propositum
1232 616 1323 672 vocati
1335 620 1495 675 suntsancti
1508 617 1595 687 (Rosa.
1607 636 1667 688 utu,
1679 621 1757 694 ibi.»

115 689 246 751 putisque
260 683 569 756 tertebrispeccaturum
593 709 641 764 per
656 712 700 753 me
714 697 803 753 lucem
818 713 912 755 reram
963 701 1088 769 Quorum
1102 719 1218 761 numero
1236 721 1287 778 ego
1302 705 1401 774 liaeid,
1426 724 1483 780 ego
1496 710 1635 780 poenitens
1649 714 1760 770 comitio

114 772 317 830 illuminantem
337 792 448 836 omnem
464 780 604 840 bominem
619 787 772 844 uenientem
786 788 814 844 in
839 789 913 846 bunc
962 808 1007 849 me
1023 794 1135 862 sociari,

113 864 262 968 muntium.
998 883 1081 942 Vnus.
1100 886 1144 942 ib.
1173 885 1244 953 Quin
1259 897 1288 943 tu
1303 890 1446 959 possedisti
1473 908 1547 946 restes
1573 909 1643 949 ineos
1667 894 1763 951 dendo

145 955 238 1059 ‘Aliter
250 973 259 1011 :
272 956 329 1030 Ego
341 960 429 1016 Druid
439 975 567 1035 peccator
581 978 609 1025 et
619 970 757 1042 poenitens
771 974 917 1045 proposita.
961 978 1030 1035 mibi
1046 980 1219 1050 propositum
1240 981 1429 1049 continentiae,
1454 983 1493 1037 ita
1508 991 1549 1050 ut,
1577 986 1628 1039 etsi
1641 987 1759 1041 sentiam

111 1045 184 1101 urtbr
197 1048 240 1102 ria
256 1048 337 1121 longa
355 1057 492 1124 usquead
516 1068 664 1115 extremum
685 1064 768 1119 maris
782 1065 911 1135 pertime·
961 1069 989 1126 in
1003 1072 1117 1127 renibus
1131 1071 1395 1142 concupiscentiam,
1408 1089 1464 1130 nou
1478 1082 1570 1130 tumen
1592 1076 1652 1146 ipsa
1665 1086 1759 1148 regnet

111 1138 249 1194 scansilia
259 1141 378 1210 pericula
389 1148 471 1202 maris
488 1151 605 1207 maxime
620 1153 647 1207 in
662 1155 775 1209 terebris
789 1166 908 1227 noctur·
960 1163 988 1216 iu
1003 1176 1118 1233 corpore
1133 1177 1195 1219 meo
1212 1164 1323 1219 mortali
1335 1164 1370 1219 ad
1385 1165 1521 1237 explenda
1534 1166 1630 1223 illicite
1648 1168 1759 1225 timide-

111 1233 169 1298 nis,
185 1236 297 1304 quando
312 1248 410 1296 ventus
429 1250 472 1298 est
489 1248 656 1317 contrarius,
683 1250 743 1304 diui
754 1266 764 1305 :
781 1249 908 1306 Forsitan
960 1255 1001 1308 riu
1012 1252 1039 1307 in
1050 1253 1189 1324 Babylone
1213 1254 1282 1310 miili
1304 1256 1416 1313 usitata.
1437 1256 1466 1312 lu
1482 1274 1537 1328 qua
1563 1268 1646 1316 natus
1668 1268 1698 1317 el
1710 1261 1758 1317 diu

111 1324 433 1386 tenebroeconcuicabuut
447 1333 639 1394 meiutmaia
653 1340 908 1409 saecuiiexuudunt,
959 1353 1141 1401 cerneremus
1165 1360 1220 1400 nou
1249 1346 1438 1404 indifferenter
1466 1349 1601 1405 habebam
1627 1353 1716 1407 lucem
1730 1359 1759 1408 et

111 1426 145 1472 ut
158 1433 245 1491 cogar
260 1422 372 1479 assidue
386 1425 477 1483 dicere
492 1447 499 1483 :
516 1428 644 1487 b'orsitun
664 1436 777 1490 terrebroe
798 1435 908 1491 cancul·
959 1436 1087 1493 tenebras
1098 1437 1200 1503 uucds,
1217 1446 1310 1509 utpote
1327 1439 1450 1496 sociatus
1462 1441 1554 1497 adbuc
1579 1441 1645 1499 lliiis
1667 1444 1758 1501 noetis

110 1509 213 1565 rabam
227 1528 277 1567 nie.
291 1513 363 1571 Caro
382 1519 582 1590 concupiscens
593 1524 725 1582 adversus
736 1527 861 1598 spiritum
875 1545 907 1584 cs
958 1540 986 1587 et
1000 1530 1188 1596 tenebrarum,
1199 1529 1287 1586 donec
1303 1541 1331 1585 tu
1346 1533 1486 1603 suscepisti
1511 1549 1551 1587 me
1562 1534 1595 1587 ale
1609 1543 1683 1589 utero
1698 1551 1758 1590 ma-

108 1599 172 1672 leae
185 1606 373 1662 membrorum
393 1610 539 1668 resistente
561 1614 615 1687 legi
629 1615 677 1671 liei
704 1626 795 1675 tantus
810 1619 908 1690 ingerit
960 1626 1085 1680 crismate
1098 1626 1138 1680 rei
1153 1623 1315 1697 synagogae,
1331 1634 1362 1682 ut
1376 1626 1464 1696 iilum,
1481 1628 1529 1699 qui
1547 1629 1637 1686 dixit:
1659 1649 1668 1682 ι
1686 1630 1757 1686 Cum

19 1738 23 1745 .
109 1694 235 1749 tenebras
247 1698 342 1769 menti,
358 1715 419 1771 qoae
432 1701 485 1773 legi
498 1701 546 1758 liei
561 1708 710 1775 consentit,
722 1718 752 1764 ut
764 1723 851 1785 cogar
862 1726 907 1768 as·
923 1681 943 1736 B
959 1728 1050 1771 autem
1068 1715 1172 1786 placuit
1184 1716 1221 1782 ei,
1233 1716 1281 1785 qui
1305 1732 1349 1772 me
1373 1719 1526 1789 segregarit
1548 1734 1583 1775 es
1603 1729 1684 1776 utero
1698 1736 1757 1777 ms-

109 1784 193 1841 sidue
213 1787 326 1846 dicere:
348 1790 478 1848 Forsitan
501 1797 614 1853 tenebre
640 1799 834 1857 conculcabunt
856 1819 906 1859 rae.
960 1809 1010 1864 tris
1028 1823 1106 1874 meae,
1120 1818 1148 1865 et
1172 1809 1280 1864 vocarit
1306 1823 1354 1878 per
1379 1809 1496 1881 gratiam
1518 1825 1608 1878 suana
1624 1813 1761 1869 euritinuo

108 1875 179 1980 item
196 1884 382 1941 numerositas
404 1887 551 1953 malorum,
567 1891 616 1960 quii
633 1892 746 1949 tenebre
766 1901 841 1962 sunt,
868 1896 909 1951 sic
960 1915 1015 1954 non
1041 1898 1166 1970 acquievi
1189 1899 1266 1954 carni
1280 1900 1447 1971 etsunguisti
1472 1899 1546 1970 (Gal.
1560 1918 1580 1969 r,
1595 1902 1640 1970 lb,
1661 1901 1756 1973 ilibas

106 1974 273 2029 intumescit
291 1986 387 2031 contra
414 1993 458 2034 me
474 1996 556 2035 otram
572 1992 600 2039 et
621 1985 730 2041 unicam
757 1984 907 2043 Ecclesiam
960 1987 1008 2045 iel
1035 1998 1109 2045 certe
1132 1987 1298 2061 babyloniae,
1323 1989 1351 2044 in
1373 2005 1428 2060 qua
1449 1999 1531 2047 natus
1551 1999 1579 2047 et
1598 1991 1759 2049 nutritoss

106 2061 308 2122 selmeunam
326 2068 431 2126 lidelem
457 2088 614 2144 personam,
634 2086 665 2132 ut
687 2079 903 2149 compeliarcia·
959 2080 1070 2137 ciuitate
1103 2077 1255 2137 ierusalem
1284 2080 1332 2137 diu
1354 2082 1488 2138 exsulari.
1514 2082 1553 2138 lie
1575 2092 1650 2139 utero
1674 2085 1755 2156 liujus

105 2174 189 2213 snare
202 2160 320 2217 dicens:
351 2161 481 2219 Forsitan
503 2168 616 2224 tenebra
637 2172 829 2230 correulcabnut
856 2192 906 2231 ute.
959 2172 1055 2228 uibltt't
1068 2172 1248 2242 tusnscepisti
1259 2188 1326 2228 Μ
1342 2172 1483 2230 mundana
1504 2184 1533 2229 θῑ
1554 2190 1623 2230 ”¹¹²
1637 2189 1755 2231 1011111·

13 2304 14 2311 ,
107 2248 165 2317 Qui
180 2266 236 2307 non
247 2254 396 2311 confltetur
414 2267 527 2329 peccata
543 2277 604 2329 sua,
621 2263 745 2319 tenebrat
760 2267 906 2337 tenebras;
959 2262 1066 2319 satione
1077 2262 1234 2320 reducendo
1259 2264 1288 2320 iii
1304 2262 1383 2332 510⁰,
1402 2273 1432 2320 ²¹¹
1454 2262 1534 2329 lesu,
1550 2279 1649 2336 magne
1663 2281 1757 2322 ⁸³⁰⁸*

13 2400 14 2415 p
106 2343 159 2399 sed
171 2343 194 2398 si
207 2348 361 2415 consilietur,
377 2347 449 2406 Deus
470 2351 616 2410 illuminat.
638 2353 744 2411 Nostro
765 2359 860 2425 noctis,
880 2360 908 2415 id
958 2354 1021 2422 dus,
1032 2355 1216 2412 reaediiicaior
1230 2354 1527 2426 ciuitatisierusslem,
1540 2365 1655 2427 quaeest
1668 2367 1756 2415 meter

105 2445 152 2490 ost
166 2435 294 2493 intimante
306 2438 368 2496 ritae
380 2440 488 2498 miserae
504 2458 538 2499 ac
558 2445 710 2503 tenebrosae
728 2464 782 2504 nou
800 2460 842 2506 est
856 2467 907 2507 sae-
959 2455 1063 2499 ¹¹0⁸ii²·
1078 2442 1107 2498 ΙΙ]
1122 2460 1177 2517 (1²¹²

108 2528 166 2583 cnii
197 2530 348 2589 adversitas
375 2534 432 2590 dies
458 2534 583 2606 ejusdem
612 2539 780 2610 prosperitas
796 2560 804 2609 ;
821 2542 868 2599 sed
883 2543 907 2599 si
994 2533 1137 2592 isus-ii·
1153 2535 1456 2608 Carpetanisque
1479 2536 1756 2609 “ffliiiiiiiib‘ibii'·

108 2620 187 2678 Deus
202 2622 307 2689 inabitat
326 2624 353 2680 iu
377 2626 469 2682 anima
496 2630 659 2698 promittens
673 2630 754 2686 aliam
778 2632 866 2688 lttcem
880 2642 907 2690 et
957 2627 1055 2695 bibiti
1069 2643 1107 2694 ei,
1124 2628 1172 2699 qui
1197 2628 1330 2699 parvulus
1344 2636 1426 2684 iliius
1451 2642 1485 2684 0¹
1505 2637 1594 2685 libelii
1617 2645 1707 2700 usque
1719 2630 1755 2687 ed

108 2715 216 2772 docens
232 2733 285 2772 trun
302 2717 387 2773 laetari
402 2720 541 2790 prosperis
562 2722 602 2777 rci
615 2721 703 2795 irangi
715 2724 848 2793 adrensis,
865 2726 907 2780 in·
957 2735 1118 2776 consessum
1131 2719 1221 2777 Patris
1233 2720 1359 2776 altissimi
1373 2718 1509 2775 exaltatus
1522 2730 1550 2776 et
1563 2721 1755 2790 mapuipicstus

105 2806 180 2875 cipit
196 2805 277 2862 bromo
296 2807 537 2866 indifferenterbis
553 2812 611 2880 uti;
633 2814 715 2870 etsie
739 2824 783 2871 est
803 2816 827 2870 ei
853 2832 907 2870 rrae
957 2827 984 2865 es
1015 2810 1169 2866 terribiliter
1196 2810 1279 2866 simui
1305 2820 1333 2866 et
1360 2810 1533 2866 mirabiliter.
1566 2809 1754 2880 Terribiliter,

109 2895 197 2966 bsrjrrs
221 2900 313 2954 sacrarii
339 2901 408 2956 sicat
422 2901 478 2955 dics
498 2901 569 2972 eius,
587 2911 615 2957 et
631 2903 657 2958 in
683 2905 758 2960 omiti
784 2914 906 2976 tempore
957 2910 1091 2973 qrrantam
1103 2901 1137 2956 ad
1157 2897 1277 2968 iudeus,
1295 2914 1368 2972 quos
1390 2909 1512 2957 eaecatos
1539 2900 1685 2971 reliquisti,
1701 2903 1756 2956 rni-

110 2988 249 3045 benedicit
262 2988 346 3045 [icum
360 3001 389 3047 ut
402 2990 464 3048 lob.
478 2990 512 3047 Et
535 2992 557 3047 si
574 2993 627 3050 boc
651 3005 702 3063 est,
720 2996 832 3051 tenebre·
852 3014 938 3075 uerte
958 2992 1090 3056 rabiliter,
1109 3001 1243 3062 quesitum
1259 2992 1293 3047 ad
1312 3001 1418 3063 pentes,
1448 2992 1602 3061 intorques
1617 2991 1754 3047 mirabilia

107 3081 312 3148 conarricubunt,
329 3099 410 3153 quent
437 3083 526 3137 lnuten
547 3101 599 3139 nou
624 3086 741 3143 extollit.
758 3085 830 3153 Noa,
843 3104 903 3159 qttae
955 3100 1035 3155 opero
1048 3091 1094 3138 tua
1109 3082 1279 3149 claruerant,
1291 3083 1393 3154 quibus
1417 3099 1466 3154 per
1477 3081 1617 3154 apostolos
1630 3081 1750 3139 manile·

107 3177 172 3225 erat
182 3170 291 3239 horror,
308 3171 461 3227 illuminata
479 3183 523 3229 est
534 3174 647 3229 deliciae.
662 3173 739 3230 Unde
753 3175 811 3231 itaer
821 3175 904 3231 indil—
924 3234 927 3239 ⁴
955 3175 1035 3232 statis
1051 3174 1229 3230 crediderunt
1245 3176 1273 3230 in
1286 3173 1473 3247 reinquere
1487 3173 1619 3231 mirabilis
1637 3174 1754 3230 sebenia

105 3260 225 3318 ferentia
242 3262 318 3318 libii
339 3262 409 3331 Quia
432 3264 547 3319 interior
574 3280 719 3336 possessor
743 3281 797 3320 nun
813 3267 902 3322 soluto
956 3277 1002 3320 tua
1014 3263 1166 3334 confortatu
1182 3274 1232 3331 est,
1241 3273 1265 3319 et
1280 3280 1334 3318 non
1348 3273 1440 3333 potero
1454 3268 1489 3319 od
1500 3278 1558 3318 cant
1575 3263 1751 3334 rapiendam

104 3368 169 3421 cor,
185 3354 213 3409 id
227 3365 270 3419 cst
284 3354 465 3426 cogitationes
487 3363 570 3421 tenet,
594 3356 642 3412 sed
657 3365 684 3412 et
707 3371 797 3424 renes,
821 3357 903 3414 idest
954 3356 1001 3412 sui
1019 3354 1143 3412 exclamo
1164 3370 1221 3426 prae
1247 3354 1452 3411 admiratione:
1472 3372 1483 3407 r
1501 3351 1524 3409 0
1544 3354 1660 3412 altitudo
1679 3355 1752 3412 diri·

105 3445 315 3514 delectationes,
332 3455 362 3502 ut
387 3460 442 3502 uon
469 3447 585 3503 delectet
599 3448 645 3503 lux
669 3451 764 3517 noctis,
791 3450 837 3504 sed
855 3449 902 3505 ior
955 3448 1054 3502 tiaram
1069 3445 1221 3518 sapientie,
1249 3454 1276 3502 et
1299 3445 1420 3502 scientie
1442 3444 1502 3513 Dei,
1528 3454 1581 3502 etc.
1606 3445 1697 3517 (Rom.
1718 3463 1752 3516 n,

105 3537 329 3608 supientiaesuae.
345 3537 488 3593 Reroin'nti
507 3538 540 3593 ad
561 3537 647 3595 Deum
668 3538 724 3595 lieo
739 3556 787 3596 cnr
800 3541 903 3597 iiirrmi-
954 3540 1034 3612 55).»
1053 3538 1127 3609 Non,
1154 3539 1278 3609 inquam,
1295 3548 1386 3609 potero
1409 3554 1443 3593 cs
1456 3553 1506 3602 me,
1527 3538 1752 3610 sedtaliqusntu·

104 3638 203 3696 nanu,
227 3644 308 3687 renes
327 3628 494 3700 possidente,
520 3639 620 3700 qttartta
644 3639 686 3687 est
709 3631 857 3687 exsultatio
877 3643 904 3688 et
954 3630 1010 3684 inm
1024 3640 1119 3701 putero
1129 3646 1163 3686 ex
1177 3638 1210 3685 te.
1225 3628 1304 3686 Unde
1317 3645 1434 3701 ueneror
1445 3630 1583 3684 mirabilia
1599 3647 1680 3701 opera
1691 3641 1750 3694 tna,

105 3722 301 3792 multiplicatio
324 3722 442 3779 dicentis
459 3741 465 3778 :
494 3722 556 3777 Noa
570 3722 734 3776 iilrmtinatio
756 3723 784 3777 in
798 3722 902 3777 deliciis
954 3723 1086 3791 etuninra
1103 3704 1162 3776 ur'eo
1173 3722 1307 3792 capnoscit
1325 3721 1403 3776 ruinis
1420 3735 1494 3776 rtutrc
1506 3736 1539 3775 en
1550 3731 1637 3792 parte,
1658 3732 1752 3793 postes

105 3815 175 3869 oreis
187 3812 197 3867 l
211 3814 251 3869 nu
277 3814 327 3869 bas
339 3813 449 3868 delicias
464 3813 597 3868 inritabat
624 3813 744 3869 incubus
760 3814 902 3884 apostolus
954 3830 1019 3868 reru
1031 3814 1103 3885 sjcot
1116 3821 1144 3869 et
1155 3813 1265 3884 cognita
1282 3820 1334 3868 est.
1349 3810 1429 3879 Quod
1445 3813 1581 3869 nescires
1594 3810 1748 3871 ierusalem

105 3904 227 3958 dicens:
250 3925 260 3955 ι
275 3902 363 3959 Omne
385 3903 515 3974 gaudium
529 3902 694 3970 existimate,
714 3903 823 3970 iratres,
838 3920 901 3959 cour
955 3906 989 3961 tle
1005 3903 1163 3975 captivitate
1190 3903 1299 3959 liberati
1315 3911 1507 3974 exspectantes
1519 3903 1643 3959 noudum
1659 3904 1752 3963 seettri

104 3997 138 4052 iu
151 3995 316 4051 tentationes
337 3996 429 4052 rarius
445 3994 608 4059 incideritis,
628 3996 747 4051 scientes
762 3995 835 4065 quud
851 3994 902 4049 1ιὶη
954 4012 1062 4061 surmus,
1076 3995 1207 4066 quoniam
1222 4010 1256 4050 eu
1284 3995 1354 4066 ipso,
1379 4010 1435 4064 quo
1462 4002 1489 4049 te
1510 3994 1655 4059 uriramur,
1671 3996 1748 4050 terri·

104 4088 215 4144 bubalio
235 4087 395 4159 patientiam
422 4096 562 4158 operator,
578 4097 631 4144 ete.
658 4086 734 4157 (lac.
750 4103 770 4155 r,
788 4087 814 4154 Ξ,
832 4088 871 4159 5).
889 4107 898 4136 ι
954 4088 1017 4144 bilis
1034 4104 1075 4157 es,
1090 4087 1190 4143 etideo
1205 4103 1268 4143 curn
1281 4097 1401 4143 tremere
1415 4088 1577 4160 gaudemus,
1590 4103 1624 4143 ue
1640 4088 1751 4158 superbi

105 4179 271 4235 iiisdrliciis
284 4188 338 4235 tam
351 4181 378 4235 in
391 4190 465 4234 nocte
479 4196 561 4251 quam
578 4180 604 4235 in
619 4180 662 4234 dfe
683 4179 825 4235 fruebatur
837 4194 904 4250 epu·
955 4180 1114 4252 perdamus,
1141 4178 1215 4248 nirod
1241 4178 1360 4233 bundles
1382 4178 1551 4247 accepimus.
1579 4176 1638 4232 lioc
1660 4177 1750 4247 ipsum

105 4272 208 4337 stolus,
227 4271 275 4342 triti
298 4272 368 4327 dixit
384 4291 390 4327 ι
409 4292 418 4325 a
434 4272 592 4328 Glorianrur
612 4273 639 4327 in
655 4287 703 4343 spe
727 4272 820 4344 gloriae
833 4273 903 4327 iiiio-
956 4269 1088 4341 cognoscit
1103 4267 1193 4323 anintu
1213 4284 1271 4322 meu
1285 4269 1375 4336 rrirrris,
1399 4268 1484 4323 idest
1508 4268 1595 4336 ualde,
1618 4268 1749 4338 quonlam

105 4379 172 4420 rum
186 4362 269 4427 liei»
287 4363 360 4435 qrrod
385 4370 445 4418 erat
459 4364 486 4418 in
511 4364 555 4419 die
580 4364 712 4420 deliciari.
728 4363 762 4420 Et
773 4364 878 4420 addidit
895 4383 901 4419 :
920 4365 1037 4418 liarrtca
1057 4369 1118 4417 erat
1143 4360 1213 4415 mira
1237 4359 1349 4415 scieritis
1371 4370 1419 4414 tnu
1441 4375 1474 4414 cs
1488 4376 1541 4427 nee,
1555 4363 1611 4414 'trec
1630 4368 1751 4430 poterant

108 4453 195 4509 «Nun
211 4454 300 4510 sulum
322 4464 424 4521 autern,
440 4454 486 4509 scd
501 4463 527 4510 ct
541 4455 691 4525 gloriantur
709 4455 736 4510 in
749 4456 903 4511 tribulatio·
955 4457 990 4510 ad
1015 4471 1074 4510 cum
1098 4453 1251 4524 uttingcrc3
1278 4452 1325 4508 sed
1352 4453 1433 4508 modu
1457 4468 1583 4524 pessum,
1603 4452 1668 4523 quia
1696 4468 1748 4507 no··

106 4546 191 4602 nibus
203 4545 322 4602 scientes
339 4546 411 4616 quoti
429 4545 742 4615 tribulatiopotientiam
760 4557 899 4617 operatur,

106 4639 240 4708 patientia
263 4638 465 4708 probationem,
485 4637 612 4710 probatio
635 4654 700 4693 reno
719 4655 816 4709 spcni;
839 4656 901 4710 spes
924 4622 926 4627 ⁴

105 4740 267 4795 autemnon
284 4729 440 4797 eorilnndit,
453 4730 517 4801 quia
539 4731 660 4787 ebaritas
683 4731 729 4787 [lei
746 4732 844 4789 diffusa
860 4742 902 4789 est

106 4823 134 4877 in
149 4823 282 4878 cordibus
293 4823 395 4877 nostris
408 4836 456 4890 per
468 4819 599 4891 Spiritum
616 4832 740 4877 sanctum
760 4824 807 4893 qui
822 4824 902 4879 datus

105 4923 150 4968 est
166 4913 246 4969 nobis
274 4912 362 4984 (ibana
378 4910 435 4975 r,2
454 4920 481 4965 et
500 4911 600 4982 sequ).
621 4931 630 4963 ι
649 4911 689 4967 ita
705 4912 835 4968 trimirum
849 4931 901 4968 naa

106 5005 263 5059 iiianrinutu
288 5020 337 5075 pcr
359 5004 524 5071 lucernam,
547 5020 600 5075 qua
625 5005 734 5060 lucente
764 5006 902 5061 inuenitur

105 5100 252 5166 draeisma,
265 5100 290 5153 in
304 5114 357 5169 qua
382 5096 497 5169 reiuiget
512 5097 602 5167 imago
620 5096 665 5153 Dei
680 5112 712 5153 co
727 5098 830 5154 elatius
845 5116 901 5170 qrro

107 5190 228 5259 arnpiius
243 5198 315 5244 tersa
344 5196 372 5243 ct
395 5189 478 5258 polita
502 5186 586 5244 luerit
606 5188 688 5243 uariis
707 5190 901 5245 tentationibus

108 5291 138 5336 ct
152 5282 381 5339 triinrlatiunibus.
406 5280 478 5347 nne,
494 5282 617 5351 intrusus,
643 5281 705 5337 tuiis
732 5282 820 5336 taliter
834 5283 899 5336 illn-

108 5370 216 5426 minatu
241 5372 340 5427 nouitas
355 5372 436 5426 babet
448 5370 568 5435 delicias,
586 5370 649 5441 qnia
662 5381 702 5437 tu,
717 5387 781 5427 teta
793 5372 902 5443 sapien·

109 5462 148 5517 tie
165 5461 259 5518 ittcens
274 5464 300 5518 in
315 5473 383 5519 testa
401 5463 492 5519 cantis
513 5472 671 5533 assumptae,
697 5463 837 5519 illuminas
861 5475 900 5518 te·

110 5555 217 5622 rubrus,
240 5556 306 5611 ditm
333 5555 448 5627 flagellis
463 5557 606 5612 nocturnis
620 5555 713 5610 crudis
728 5555 798 5611 iiiios
820 5556 899 5622 ineis,

109 5645 212 5716 ortibus
228 5649 341 5705 cruditis
356 5663 407 5701 nor
428 5656 455 5701 nt
468 5646 522 5703 dics
545 5647 755 5717 illmnt'aabitur,
769 5646 832 5718 qttia
846 5646 899 5704 illis

953 4558 1021 4602 ctern
1039 4544 1190 4609 illuminas,
1217 4560 1290 4598 ratres
1314 4543 1438 4615 possides
1468 4543 1540 4599 serii
1555 4543 1606 4611 tui,
1619 4557 1701 4613 quent
1718 4541 1751 4597 de

952 4651 1027 4696 utero
1043 4641 1136 4694 neutris
1146 4639 1300 4706 eutr-asisii,
1315 4646 1343 4694 ci
1355 4645 1509 4695 extractum
1526 4636 1673 4706 suscepisti.
1684 4632 1750 4690 iude

953 4732 1099 4804 scioquod

990 4823 1073 4880 i'uus.
1093 4823 1137 4879 lb.
1164 4820 1225 4876 Non
1234 4831 1273 4877 est
1286 4821 1449 4877 occultatum
1458 4838 1486 4877 os
1499 4838 1586 4877 meam
1599 4838 1615 4875 u
1627 4831 1663 4887 te,
1676 4820 1748 4891 qued

953 4916 1039 4987 fecisti
1052 4916 1080 4969 in
1092 4913 1194 4967 occultu
1209 4912 1235 4966 in
1252 4911 1345 4967 carnis
1358 4911 1496 4983 quondam
1510 4921 1616 4969 secreto
1626 4911 1746 4967 abscon-

953 5008 1052 5071 ditum,
1067 5011 1097 5058 ul
1114 5009 1249 5058 sustentet
1264 5001 1449 5057 intirnritatem
1465 5004 1601 5059 carnium.
1623 5001 1686 5056 ideo
1699 4999 1745 5054 oni

953 5098 1058 5152 ossium
1074 5104 1184 5150 tuornm
1200 5091 1314 5149 dixisti:
1330 5114 1339 5145 ι
1355 5093 1411 5166 ligo
1427 5110 1477 5166 pro
1493 5104 1517 5149 te
1533 5093 1638 5163 rogari,
1653 5091 1744 5154 Petro,

953 5196 1049 5241 utnon
1066 5183 1173 5240 deliciet
1187 5183 1253 5238 ildcs
1268 5193 1324 5250 tua,
1336 5193 1363 5239 ct
1378 5193 1405 5238 tu
1422 5183 1569 5254 aliqnando
1594 5194 1746 5236 corruersns

953 5276 1084 5333 ‹rotriirnta
1106 5273 1204 5329 iratres
1219 5282 1280 5329 leros
1298 5273 1375 5344 (Luc.
1390 5291 1458 5340 rsit,
1471 5274 1553 5343 51).»
1574 5270 1652 5338 Quod
1673 5269 1744 5325 idem

952 5377 1009 5421 crat
1022 5380 1057 5429 ae
1069 5364 1091 5419 si
1105 5363 1222 5418 dixisses
1238 5381 1244 5416 :
1262 5362 1302 5417 Tu
1318 5362 1407 5427 ionis,
1424 5372 1454 5418 ut
1466 5376 1562 5417 osseus
1579 5361 1614 5415 ab
1629 5375 1690 5416 osse
1700 5358 1744 5414 ‹ti-

953 5469 1025 5525 etus,
1039 5466 1069 5512 ut
1080 5456 1178 5510 Petrus
1194 5471 1210 5509 a
1225 5471 1268 5509 nte
1294 5465 1370 5525 petra
1389 5452 1593 5517 denominatus,
1611 5451 1743 5506 continua

954 5554 1052 5608 iratres
1070 5560 1131 5606 tuos
1144 5548 1234 5605 adbuc
1248 5548 1371 5603 infirmos
1386 5545 1531 5618 itugilitate
1542 5546 1634 5601 carrris
1647 5557 1744 5615 grara-
1787 5550 1791 5557 '

953 5658 1005 5716 tos,
1025 5661 1078 5716 qrta
1095 5653 1121 5701 et
1141 5654 1167 5699 tu
1183 5658 1214 5698 ea
1229 5650 1306 5714 parte
1329 5640 1461 5715 gnaruris,
1477 5638 1523 5711 qui
1547 5654 1590 5695 nte
1607 5649 1647 5695 ter
1660 5652 1744 5707 trega·
