3892 6067
110 234 183 294 901
432 234 709 292 COMMENTARlUM
728 233 762 289 ΙΝ
781 233 950 290 PSALMOS.
972 261 1004 273 «-
1014 228 1105 288 PARS
1120 234 1157 295 X,
1182 260 1211 272 -·
1228 230 1326 289 asab.
1346 231 1475 289 CXXXl.
1706 230 1765 293 adi

108 365 216 405 unum
227 350 309 404 tinem
325 348 359 405 de
377 349 458 406 laude
473 351 677 419 misericordiae,
704 352 768 424 quia
789 351 921 422 quidquid
935 358 959 415 Α
971 362 1015 409 est
1027 351 1159 417 Ecclesia,
1172 360 1199 406 et
1209 350 1315 406 drmata
1327 367 1375 422 per
1386 351 1436 407 lias
1448 350 1522 421 ipsas
1534 368 1627 423 ιιριιιιι,
1642 367 1676 408 ne
1686 354 1758 408 assi·

19 450 23 457 ’
107 440 240 504 dicitur,
265 438 298 495 ad
323 440 539 498 misericordiam
555 441 681 509 retertur,
703 443 763 498 sine
787 458 841 514 qua
862 457 916 497 nou
969 444 1080 500 mitetur
1097 443 1201 514 pulveri
1215 444 1295 514 aquis
1315 442 1419 497 carenti
1435 457 1466 497 ac
1478 442 1591 512 proinde
1607 444 1694 499 arenti
1709 459 1759 499 nea

107 531 299 595 subsistitur,
315 547 376 601 quae
389 532 548 602 principalis
562 541 698 588 causaest
709 532 918 588 miserationum
968 535 1068 591 valenti
1091 535 1216 590 resistere
1233 542 1314 589 rento
1341 532 1494 603 projicienti
1521 548 1550 588 se
1570 549 1586 588 a
1610 532 1681 589 iacie
1703 543 1759 589 ter·
1849 593 1853 602 ,

107 620 176 677 Dei
188 622 372 692 superomnia
385 638 467 693 opera
480 622 549 692 ejus.
968 642 1016 681 rae.

160 711 260 782 iiagua
276 713 363 767 virtus
385 712 467 782 hujus
488 713 585 782 psalmi
603 713 756 769 ostenditur
770 714 797 768 in
817 712 919 767 Parali-
1003 714 1087 770 Veus.
1106 714 1133 780 i,
1144 715 1171 781 8,
1189 713 1521 783 sedecennalem
1539 728 1635 781 mapsa
1652 710 1757 765 :eciem

108 816 275 871 pomenon,
290 802 336 856 uhi
351 801 448 871 legitur
462 821 469 857 ι
483 801 560 868 Quod
583 818 645 858 cum
670 804 816 873 coepissent
831 801 917 858 ileum
967 807 995 860 in
1006 816 1162 875 potestatem
1176 805 1241 868 diei,
1255 804 1345 858 tunam
1356 815 1380 860 et
1393 803 1484 858 stellas
1495 804 1757 872 inpotertatemrrac·

109 887 240 945 laudare
252 899 280 945 et
291 891 381 945 dicere
394 889 440 960 (li
456 890 553 945 Paret.
566 907 593 956 r,
606 891 650 957 li,
663 892 730 962 lii:
749 891 917 962 Cmfiterrini
967 898 1018 958 tis,
1035 896 1107 957 uuod
1132 895 1214 950 etiam
1235 895 1268 950 ad
1296 894 1412 948 litteram
1435 894 1601 948 intellectum
1626 894 1755 963 grandem

110 978 253 1057 Domino,
268 982 394 1052 quoniam
410 981 503 1045 barrus,
519 983 644 1053 quoniam
660 984 688 1035 in
702 982 800 1037 incula
811 983 917 1037 miscri-
968 985 1033 1040 lacit
1051 984 1259 1040 admirationem
1283 983 1469 1052 spectantibus
1485 984 1557 1037 bunc
1570 981 1651 1057 'solem
1667 982 1755 1036 salum

109 1072 218 1125 cordia
230 1072 301 1141 ejas,
312 1067 427 1142 implerit
440 1071 525 1142 pieria
535 1073 584 1126 lici
595 1072 702 1126 domnm
715 1073 772 1128 liei.
784 1073 835 1128 Per
844 1074 917 1144 quod
966 1092 1016 1146 prr
1032 1076 1090 1131 dies
1104 1076 1252 1138 lucentem,
1271 1084 1299 1129 et
1311 1073 1465 1145 splendoris
1478 1073 1601 1127 claritate
1622 1072 1714 1127 lunam
1729 1079 1757 1127 et

110 1161 281 1217 ostenditur
295 1160 367 1230 quod
391 1170 490 1226 praesm
513 1169 556 1216 est
568 1162 712 1232 praesentia
728 1161 786 1226 Dei,
808 1162 831 1217 si
850 1177 917 1233 pure
966 1167 1059 1223 stillas
1072 1167 1274 1222 obscurantem.
1293 1164 1357 1220 item
1374 1165 1439 1220 iuna
1458 1174 1484 1221 et
1498 1165 1583 1220 atrttoe
1596 1165 1710 1220 lucentcs
1727 1164 1756 1218 iu

110 1258 253 1303 cantetur
265 1250 310 1304 lile
329 1249 461 1317 psalmus,
480 1248 508 1303 in
533 1264 588 1319 (1¹10
604 1250 811 1305 commendatur
820 1260 847 1305 el
860 1250 917 1319 prl-
965 1258 1094 1313 noctibus
1107 1272 1236 1327 maguum
1249 1256 1369 1326 praebent
1383 1256 1568 1326 spectantibus
1581 1254 1754 1318 miraculum,

111 1338 279 1405 mordiciis,
289 1347 316 1394 et
328 1339 416 1394 tlualis
427 1353 511 1395 causa
523 1340 646 1394 omnium
658 1338 705 1394 ilci
715 1355 838 1409 operum.
847 1338 916 1394 Nam
964 1350 1101 1419 praecipue
1113 1347 1287 1418 computistis
1298 1363 1392 1403 earum
1404 1363 1503 1403 cursus
1518 1357 1545 1402 ep
1557 1362 1698 1415 recursus,
1710 1361 1756 1401 ορ.

111 1427 312 1495 primordialis
326 1444 408 1484 causa
424 1437 465 1483 est
494 1429 603 1485 bonitas
628 1429 687 1495 Ilei,
710 1441 915 1500 propterquam
966 1446 1010 1496 rus
1024 1450 1051 1494 01
1064 1454 1179 1494 occasus
1193 1438 1426 1508 computruimus,

113 1515 191 1571 lecit
204 1518 315 1586 ornuia;
336 1518 424 1575 dualis
436 1536 499 1575 uero
513 1521 695 1574 misericordia
716 1520 775 1590 ejus
795 1521 823 1575 in
837 1530 916 1576 aetcr·
1000 1528 1085 1600 lingis
1097 1539 1188 1583 autem
1201 1529 1283 1582 solem
1293 1527 1433 1581 Christum
1451 1527 1485 1581 de
1505 1527 1583 1582 stella
1598 1538 1701 1593 ortum,
1712 1527 1756 1581 la·

114 1622 193 1660 num
210 1608 354 1675 cantanda,
375 1609 417 1663 bis
441 1611 570 1675 maxime,
586 1611 633 1679 qui
653 1627 715 1666 cum
738 1611 834 1681 perditi
852 1611 916 1667 luis·
965 1637 1026 1674 rrum
1039 1617 1186 1674 Ecclesiam
1201 1618 1235 1673 de
1253 1618 1312 1687 ipso
1326 1616 1516 1684 illuminatam,
1529 1616 1621 1671 stetim
1632 1616 1763 1672 diversas·

113 1704 198 1762 ⁸0⁰²,
213 1697 338 1766 requisiti
352 1708 416 1752 ³¹¹¹st
430 1708 486 1752 ⁰¹³
505 1700 613 1755 miselli
626 1701 709 1769 elssdll
726 1701 783 1755 ⁵⁰¹³
803 1699 850 1755 ⁰⁰5
864 1702 914 1755 Μ’·
931 1693 950 1746 ¹3
966 1713 993 1766 in
1008 1727 1040 1766 ea
1056 1712 1171 1766 virtutes
1186 1709 1226 1764 rel
1247 1708 1357 1765 ordines
1379 1709 1581 1765 attendentibus
1599 1709 1670 1779 parit
1689 1723 1755 1763 con·

112 1786 270 1840 ⁸²ll'00ld5‘l
297 1788 462 1854 miserante,
484 1789 531 1858 qui
563 1798 591 1845 0¹
616 1789 710 1846 dicunt
736 1790 807 1846 Cilca
833 1793 913 1847 finem
965 1800 1093 1857 sessionis
1108 1808 1134 1855 ct
1157 1800 1246 1855 laudis
1269 1798 1410 1855 materiam
1428 1801 1490 1855 talis
1509 1800 1701 1856 consideratio.
1724 1797 1755 1854 st

113 1879 222 1949 Psalmi
242 1897 248 1934 :
264 1878 335 1943 Quia
359 1882 386 1934 5¹⁸
405 1880 555 1936 hnmilitate
569 1892 660 1937 ²¹⁰⁸lt'0
677 1899 776 1937 premor
789 1884 840 1954 [⁸¹⁸¹
854 1901 916 1938 ¹¹⁰³·
964 1894 1038 1946 enirn
1054 1892 1143 1947 solare
1158 1906 1259 1961 corpus
1270 1890 1452 1954 attendamus,
1467 1891 1655 1961 quidinrehus
1666 1890 1755 1944 brani-

115 1970 171 2035 ιη’,
186 1979 211 2022 ‘l
224 1969 332 2023 redemi!
343 1987 390 2024 ¹¹⁰⁸
402 1975 435 2025 ab
451 1972 567 2027 inimicia
580 1972 761 2038 tsstltt'tssQlffl
777 1975 913 2029 versiculo
965 1983 1047 2037 matis
1069 1982 1170 2037 Christi
1185 1983 1293 2052 corpori
1322 1980 1464 2036 similius?
1479 1978 1547 2034 Nam
1572 1981 1643 2036 sicut
1657 1981 1683 2034 iu
1706 1981 1753 2034 illo

114 2067 295 2114 monstratur
312 2061 357 2115 hic
379 2061 502 2131 psalmus
528 2064 561 2117 ad
584 2062 755 2120 Christianos
778 2065 914 2135 pertinere
964 2088 1079 2144 corpore
1091 2074 1150 2127 sons
1163 2073 1245 2128 torius
1257 2072 1366 2127 aetberei
1377 2080 1419 2126 est
1429 2071 1500 2141 ignis
1510 2079 1591 2143 atque
1604 2069 1666 2125 iude
1677 2059 1755 2140 spar-v

115 2150 216 2219 potius
239 2166 322 2220 quam
341 2151 375 2206 ad
398 2150 517 2219 indicos,
533 2155 596 2224 quia
617 2155 676 2210 illos
700 2155 804 2226 absque
827 2159 915 2226 pretio
964 2165 1037 2236 gitur
1052 2180 1099 2233 per
1113 2171 1200 2217 toturn
1230 2162 1374 2228 mnndum,
1387 2162 1427 2217 sic
1441 2170 1468 2216 et
1483 2161 1509 2214 iu
1523 2159 1624 2214 Christi
1639 2170 1754 2228 corpora

118 2241 225 2312 cripuit
239 2257 272 2298 ⁰¹
287 2240 415 2316 AEgppm,
431 2260 481 2299 nos
505 2257 595 2303 autem
612 2245 785 2303 Christianos
799 2249 915 2305 redemit
966 2276 977 2307 ι
996 2256 1129 2310 inhabitat
1139 2255 1228 2310 omnis
1242 2253 1385 2324 plenitudo
1399 2252 1555 2307 diuinitatis
1573 2250 1753 2321 corporaliter

120 2338 258 2404 sangnine
270 2352 322 2391 5¹¹⁰
336 2337 467 2406 pretioso.
484 2335 538 2393 Vos
550 2338 643 2409 igitur,
663 2341 710 2410 qui
726 2341 857 2413 redempti
870 2358 913 2398 es·
965 2348 1077 2422 (Colore.
1090 2364 1119 2415 ιι,
1135 2349 1173 2411 9),
1187 2368 1197 2400 ι
1211 2356 1292 2417 atque
1308 2347 1369 2401 inde
1384 2361 1431 2416 per
1444 2346 1557 2401 divisiva
1569 2343 1641 2401 dona
1658 2344 1754 2399 desur-

121 2429 171 2494 tis,
188 2444 222 2482 ἰθ
236 2428 297 2484 Silis
311 2429 409 2499 ingrati
424 2431 519 2501 dlillae
534 2428 593 2485 Del·
964 2457 1024 2496 sum
1038 2440 1143 2496 aPatre
1165 2440 1300 2494 luminum
1314 2436 1507 2493 descendentia
1520 2435 1656 2492 illuminat
1668 2443 1752 2491 totam

161 2517 244 2574 Vitas·
263 2521 291 2583 2,
311 2519 338 2573 5·
353 2516 521 2588 ῧθιιῑῐθιῑῑιῐ
537 2520 590 2574 ὒθθ
609 2521 726 2577 deornm.
744 2522 914 2594 Corrfircmini
963 2531 1124 2588 Ecclesiam.
1142 2530 1170 2586 Si
1185 2531 1257 2585 enim
1272 2528 1312 2583 aot
1327 2528 1378 2583 iste
1390 2528 1480 2582 adhuc
1498 2527 1550 2583 snh
1563 2527 1635 2582 nube
1648 2536 1753 2581 morta·

122 2607 240 2662 D⁰t²²t¹²⁰
251 2609 428 2673 milevitan,
444 2610 578 2680 siquidem
594 2630 604 2662 ι
628 2621 693 2666 ⁵¹¹¹¹l
707 2613 745 2668 dii
771 2615 861 2680 multi,
883 2623 910 2670 et
963 2620 1048 2675 litatis
1061 2618 1175 2684 celatus,
1192 2627 1282 2672 tamen
1297 2616 1441 2672 duodecim
1453 2615 1592 2685 apostolos
1609 2615 1687 2685 quasi
1703 2615 1754 2669 ho-

122 2699 229 2754 domini
243 2700 356 2771 maluti
370 2700 432 2756 Cor.
443 2716 503 2765 rur,
517 2703 555 2772 5),
566 2718 665 2772 »super
676 2719 745 2774 qnos
756 2720 851 2759 omncs
863 2706 913 2761 iste
962 2723 1009 2764 ras
1030 2706 1173 2762 duodecim
1197 2707 1236 2761 sic
1261 2706 1417 2769 illustrarit,
1443 2712 1474 2759 ut
1494 2705 1535 2759 eis
1552 2719 1615 2758 rere
1629 2703 1752 2761 diceret:

122 2792 322 2863 precellit,qiri
347 2793 428 2847 etiam
444 2794 505 2848 deos
529 2793 669 2862 dijudicat,
683 2795 716 2847 ad
730 2811 800 2864 quos
825 2793 912 2852 iactus
966 2797 1047 2853 «Vos
1070 2797 1137 2854 estis
1156 2797 1202 2852 lux
1228 2796 1323 2851 muudi
1349 2794 1460 2863 (dirutth.
1475 2811 1503 2860 r,
1520 2793 1589 2863 ill:
1614 2812 1624 2846 ι
1647 2803 1753 2864 quanto

121 2893 167 2939 est
180 2900 271 2940 sermo
285 2884 343 2952 Ilei,
365 2885 453 2956 major
475 2886 568 2956 ntique
581 2885 658 2956 ipsis,
670 2889 734 2957 quia
752 2887 841 2957 ipsum
855 2887 912 2942 Pa·
962 2891 1050 2960 nangis
1074 2905 1147 2944 nuuc
1162 2897 1265 2944 remota
1286 2886 1358 2941 nube
1382 2884 1556 2940 mortalitatis
1582 2882 1609 2938 in
1634 2893 1753 2954 paternae

122 2988 166 3035 ter
189 2976 367 3033 sanctificarit
386 2985 414 3032 et
428 2977 504 3032 misit
528 2977 554 3030 in
581 2979 724 3031 mundum.
753 2976 909 3034 Notandum
925 3017 945 3073 C
962 2980 1094 3035 claritatis
1104 2995 1217 3035 nranens
1229 2979 1314 3050 gloria
1328 2979 1447 3033 illustrat
1458 2976 1570 3031 oinntat
1583 2975 1641 3031 Lux
1652 2976 1753 3046 quippe

121 3084 201 3135 saue,
217 3069 289 3139 quod
302 3068 353 3123 istc
364 3083 396 3122 ac
406 3066 561 3137 precedens
573 3066 693 3137 psalmus
706 3069 824 3122 maxime
837 3084 912 3139 spec·
963 3072 1027 3126 sotir
1040 3072 1123 3143 hujus
1134 3071 1216 3126 etiam
1233 3072 1259 3124 in
1273 3070 1391 3125 tenebris
1402 3068 1484 3135 lucet,
1501 3066 1563 3123 licet
1590 3082 1650 3122 eam
1675 3078 1752 3121 terre·

121 3167 185 3213 tant
199 3160 231 3213 ad
244 3157 396 3223 Christum,
412 3157 457 3229 qui
473 3168 500 3213 ct
511 3159 689 3227 corporaliter
702 3158 776 3213 venit
788 3174 821 3213 ex
835 3157 911 3226 Sion,
962 3162 1019 3217 brm
1035 3179 1090 3218 non
1103 3161 1346 3233 comprehendant,
1362 3160 1432 3216 sicut
1443 3158 1516 3214 oculi
1530 3158 1593 3214 caeci
1610 3159 1700 3213 lumen
1712 3173 1753 3210 ιο-

121 3259 154 3305 ιιι
169 3250 195 3304 in
211 3248 372 3319 precedenti
391 3247 496 3318 psalmo
517 3248 643 3312 hahetur,
656 3257 684 3303 et
701 3258 789 3303 morte
804 3264 853 3304 sua
867 3265 912 3304 rc·
962 3251 996 3306 lia
1022 3268 1075 3308 non
1098 3253 1219 3323 capiunt,
1245 3252 1308 3306 lieet
1329 3251 1514 3306 clarissimum
1534 3250 1642 3318 sibique
1664 3247 1692 3302 in
1707 3247 1752 3314 die

121 3340 208 3393 demit
223 3354 273 3393 nos
285 3338 319 3391 ab
331 3337 449 3392 inimicis
460 3340 573 3403 nostris,
591 3348 620 3392 ut
635 3336 662 3391 in
678 3339 805 3408 presenti
817 3338 913 3394 subse-
961 3343 1215 3412 praesentissimum.
1229 3342 1316 3399 Porro
1331 3343 1411 3412 lippis
1424 3341 1512 3397 oculis
1532 3340 1628 3395 eadem
1649 3339 1696 3393 lux
1709 3336 1752 3393 la·

121 3443 232 3504 quetur.
250 3430 317 3487 linio
336 3447 384 3486 vos
410 3430 541 3500 redempti
568 3431 741 3500 confitemini,
756 3430 829 3502 quod
855 3431 912 3501 ipse
961 3436 1000 3491 cit
1017 3436 1179 3501 curcintum,
1191 3450 1252 3506 qne
1267 3450 1350 3490 sanos
1363 3443 1390 3489 et
1404 3435 1494 3491 claros
1515 3432 1630 3488 delectat
1645 3431 1750 3486 oculos.

122 3543 179 3581 non
199 3528 287 3582 solum
299 3532 408 3581 creatus
422 3531 464 3579 est
476 3522 624 3579 secundum
637 3539 757 3587 carnem,
771 3524 911 3579 sedetiam
961 3522 1095 3579 Nimirum
1108 3523 1197 3579 simile
1209 3532 1250 3581 est
1262 3525 1326 3579 huic
1339 3523 1414 3588 illud,
1429 3522 1502 3594 quod
1521 3521 1680 3578 clarilicatio
1691 3535 1752 3576 cor·

121 3617 237 3673 Creator
249 3627 291 3673 est
309 3617 459 3673 secuudum
481 3631 559 3671 suam
580 3615 764 3683 divinitatem,
785 3631 818 3670 ei
832 3616 912 3687 cujus
962 3617 1037 3684 poris
1056 3615 1157 3672 Christi
1177 3632 1227 3685 per
1247 3615 1402 3685 Scripturas
1417 3616 1578 3693 armuntiata
1599 3611 1752 3667 lidelesde-

122 3709 320 3778 omnipotentia
962 3704 1750 3777 lectnt,quandoaudiunt,quodomnislingnaconhtetur,

160 3796 243 3855 Vens.
254 3800 280 3853 l.
304 3796 383 3852 Facit
398 3796 531 3851 mirabilia
544 3812 640 3866 mapun
655 3796 737 3851 soler.
752 3794 820 3851 Cum
844 3796 912 3851 dici·
962 3797 1026 3866 quia
1038 3795 1117 3852 lesus
1132 3796 1258 3851 Christus
1271 3795 1350 3852 estin
1363 3794 1449 3864 gloria
1463 3792 1510 3848 Dei
1524 3792 1614 3847 Patris
1626 3810 1633 3860 ;
1646 3792 1743 3847 iuddc-

121 3900 169 3946 tur
181 3891 262 3958 solae,
277 3906 330 3946 non
345 3890 480 3961 excipitur
491 3888 570 3943 Pater
582 3888 642 3957 ejus
655 3895 703 3942 aut
718 3886 835 3957 Spiritus
848 3903 912 3943 san·
962 3886 1001 3942 los
1018 3894 1118 3953 autem,
1130 3885 1176 3956 qui
1189 3886 1231 3940 rel
1250 3886 1352 3941 nullius
1364 3884 1405 3940 rel
1420 3884 1526 3954 pusillae
1543 3890 1607 3938 sunt
1633 3881 1705 3948 lldcl,
1717 3895 1751 3936 ac

122 3990 197 4047 ctus,
210 3982 273 4052 quia
286 3980 313 4034 hi
327 3991 381 4036 tres
396 3996 480 4034 tinum
495 3986 568 4042 sunt,
581 3986 608 4032 et
621 3977 838 4046 inseparabiliter
851 3991 913 4047 ope·
962 3978 1077 4047 proinde
1089 3977 1153 4033 caeci
1176 3985 1225 4032 aut
1239 3978 1315 4047 lippi,
1335 3993 1388 4032 nnn
1401 3976 1568 4032 delectantur
1585 3974 1612 4027 in
1628 3974 1680 4028 ista
1694 3972 1751 4027 cla·

122 4079 230 4126 rentur.
251 4069 303 4126 Per
325 4070 447 4141 singulos
470 4084 566 4124 versus
590 4076 696 4139 oportet
714 4062 879 4137 subintelligi
903 4085 910 4121 :
961 4067 1043 4121 ritate
1063 4067 1161 4121 solaris
1175 4068 1298 4136 corporis
1322 4067 1434 4133 Christi,
1458 4080 1547 4134 neque
1571 4064 1623 4117 hoc
1652 4061 1750 4118 subicit

123 4161 295 4230 confitemini
309 4160 433 4225 Drmiam,
449 4160 521 4232 quod
537 4161 565 4214 in
579 4158 673 4214 Grmco
692 4158 779 4229 magis
790 4169 910 4229 apparet.
963 4157 1017 4212 illis
1032 4157 1066 4213 ad
1081 4173 1238 4212 mensuram
1251 4157 1370 4227 pertidiae
1385 4172 1441 4211 suae
1460 4154 1623 4210 addentibus
1635 4154 1668 4207 ad
1688 4152 1749 4220 eJus

121 4252 163 4307 Ac
177 4250 201 4305 si
214 4250 373 4306 diceretur:
396 4248 564 4319 confitemini
579 4249 691 4304 Domino
703 4249 813 4321 ιιιιιειιιι
827 4250 912 4304 mira·
963 4247 1114 4313 cumulum,
1138 4253 1168 4301 nt
1191 4253 1290 4317 negent
1316 4260 1418 4315 eorpus
1445 4241 1549 4297 Christi
1565 4238 1747 4306 adorandum,

122 4338 199 4404 titia,
210 4337 318 4407 pacienti
332 4336 408 4392 coeloa
430 4339 458 4392 in
477 4338 621 4406 intellectu,
640 4347 692 4394 etc.
715 4336 802 4395 Vultis
815 4354 906 4404 nosse,
923 4345 1063 4413 linusque
1083 4341 1149 4395 illud
1170 4338 1315 4392 adorantes
1326 4343 1452 4406 arguant,
1462 4333 1542 4404 quasi
1557 4341 1687 4387 creature⁸
1699 4344 1750 4400 po·

122 4429 248 4484 benevoli
261 4429 400 4484 auditores
415 4442 448 4483 ex
463 4436 548 4499 parte,
562 4445 622 4499 quae
638 4430 693 4485 sint
703 4429 750 4485 illa
766 4430 911 4498 mirabilia,
962 4435 1017 4489 tius
1032 4446 1114 4502 qnam
1129 4428 1253 4485 Creatori
1277 4426 1438 4488 servientes,
1450 4440 1483 4481 ac
1500 4422 1613 4494 proinde
1634 4419 1749 4476 idolola-

122 4535 185 4591 qttae
197 4519 259 4575 lecit
274 4529 322 4575 atil
337 4518 424 4574 lacit?
962 4533 1019 4579 tras
1033 4519 1192 4584 censendos,
1207 4517 1285 4591 quasi
1298 4531 1349 4572 nos
1363 4531 1463 4587 corpus
1475 4514 1582 4570 homini
1598 4528 1614 4567 a
1633 4512 1749 4566 Domino

163 4608 246 4666 Vsus.
262 4611 289 4666 5.
306 4608 382 4664 Fecit
401 4608 477 4664 cactos
491 4610 518 4662 in
529 4607 672 4678 intellectu,
692 4609 750 4666 sire
765 4611 912 4667 rationales
962 4627 1131 4685 separemus,
1149 4618 1231 4682 atque
1255 4608 1321 4665 illud
1337 4623 1462 4664 scorsum
1486 4607 1633 4662 adoremus
1649 4623 1657 4659 ι
1671 4612 1699 4659 et
1719 4613 1749 4659 ut

125 4702 211 4758 coelos
230 4702 258 4756 in
281 4700 415 4755 intellectu
442 4716 510 4755 sano
535 4709 694 4757 enarrantes
718 4702 831 4772 gloriam
852 4702 910 4771 liei,
960 4706 1105 4762 redeamus
1117 4704 1150 4759 ad
1167 4703 1365 4773 metaphoram,
1380 4700 1458 4771 quasi
1470 4698 1643 4769 corpusillud
1659 4697 1750 4753 solare

126 4793 184 4848 sire
200 4792 355 4863 corporales
368 4792 453 4848 coelos
467 4792 495 4843 in
513 4788 648 4844 intellecta
672 4806 723 4845 suo
743 4794 912 4861 preordina·
962 4812 1019 4853 suae
1033 4795 1187 4851 llirinitatis
1203 4794 1326 4847 claritate
1350 4793 1498 4862 spoliemus
1518 4789 1659 4846 adorando
1683 4789 1748 4846 illud

122 4891 177 4939 tos.
775 4926 779 4936 ‹
961 4887 1184 4960 seorsum,quod
1210 4884 1286 4942 nelas
1299 4894 1381 4951 esset,
1404 4900 1494 4956 ireque
1519 4887 1572 4940 boc
1594 4884 1748 4939 admitteret

160 4972 242 5030 Vens.
263 4973 290 5028 a.
314 4972 366 5039 Qui
387 4972 468 5027 etiam
483 4972 600 5041 firmarit
614 4979 711 5025 terram
729 4988 910 5044 superacutas,
960 4980 1027 5034 tides
1040 4977 1186 5043 catholica,
1196 4990 1250 5046 qrra
1265 4989 1331 5030 sane
1350 4976 1482 5040 creditur,
1495 4973 1614 5030 Verbum
1629 4989 1693 5032 caro
1708 4973 1748 5026 ia·
1820 5001 1825 5011 ·

122 5075 155 5122 ιιι
178 5080 233 5119 non
256 5064 355 5120 babeat
376 5064 448 5119 aliud
473 5070 721 5118 sustentamentum
749 5063 803 5120 nisi
827 5081 910 5136 aquas
961 5079 1034 5123 eturn
1058 5066 1205 5123 suaecami
1230 5066 1269 5122 sic
1283 5067 1402 5132 unitum,
1418 5075 1447 5121 ut
1467 5082 1521 5121 uon
1537 5066 1617 5122 liceat
1637 5076 1747 5119 minem

123 5158 210 5212 crassi
221 5170 249 5212 ec
260 5156 364 5211 humidi
378 5156 460 5227 hujus
471 5156 553 5221 aeris,
570 5154 598 5209 iu
611 5168 667 5226 quo
678 5154 791 5226 remigio
805 5155 910 5211 alamm
960 5156 1042 5212 Verbi
1058 5173 1074 5211 a
1088 5154 1178 5211 Verbo
1200 5170 1338 5226 separare,
1365 5157 1428 5226 quia
1452 5156 1514 5211 talis
1531 5170 1595 5210 caro
1612 5167 1665 5208 non
1684 5164 1747 5220 pro-

125 5257 221 5302 natant
243 5248 380 5303 uolucres.
404 5246 470 5313 Quae
491 5246 616 5302 videlicet
640 5262 717 5316 aquae
738 5247 912 5304 circumfussa
960 5249 1051 5304 desset
1064 5247 1261 5318 quidquamuel
1273 5248 1503 5303 manducantibus
1516 5240 1746 5312 reiadorautihus

125 5340 206 5410 globo
232 5349 309 5396 terrae
327 5342 415 5410 ipsum
437 5340 638 5410 quodammodo
654 5347 816 5407 sustentant,
837 5339 909 5410 quod
960 5354 1031 5393 eam.
1617 5410 1621 5414 ι

93 5468 95 5473 -
122 5442 168 5485 est
180 5431 302 5487 mirabile
315 5433 342 5487 in
356 5431 442 5486 oculis
459 5431 570 5486 nostris.
585 5430 670 5502 llagis
690 5445 754 5486 nero
766 5441 807 5487 est
826 5431 910 5485 mima
995 5430 1101 5501 Corpus
1117 5428 1200 5500 igitur
1210 5429 1318 5484 Domini
1326 5438 1455 5499 tanquam
1472 5428 1555 5482 solem
1566 5423 1745 5495 justitiaepie-

123 5521 188 5589 hile,
200 5522 335 5593 simulque
347 5523 416 5576 ultra
431 5522 543 5576 niodum
565 5521 729 5587 venerabile,
747 5521 820 5591 quod
834 5537 912 5590 saper
961 5537 1026 5576 num
1052 5520 1204 5577 divinitatis
1232 5520 1322 5576 calore
1343 5535 1375 5575 ac
1402 5518 1545 5590 splendore
1572 5528 1743 5580 renerarnur,

121 5628 207 5683 aquea
229 5613 356 5685 baptismi
380 5613 414 5668 de
427 5612 510 5666 latere
522 5610 624 5667 Christi
642 5621 784 5667 manantes
797 5609 910 5668 lundata
960 5613 1044 5684 qood,
1062 5613 1133 5669 sicot
1146 5612 1185 5669 ait
1203 5613 1299 5669 beatus
1312 5611 1490 5684 burgristmus,
1512 5620 1594 5667 uento
1614 5605 1745 5681 spiritua·
