3892 6067
107 244 164 302 525
269 231 548 297 coemuntur
568 239 601 295 ΙΝ
619 238 790 301 rsatttos.
809 274 845 285 -
862 242 953 301 PARS
966 240 1014 313 Π,
1032 241 1079 299 EX
1099 221 1262 300 abbbate.
1277 273 1314 286 -
1326 243 1424 301 esst.
1447 245 1589 303 taxati.
1695 249 1747 306 sat

108 374 164 412 non
176 364 369 427 proposuerunt
381 364 406 409 ts
418 348 673 426 inconspectum
687 358 734 413 sed
746 358 905 414 oeciderunt
918 363 942 419 Α
955 359 1089 426 evomuit,
1114 358 1152 414 lta
1168 360 1243 415 hunc
1260 369 1322 429 post
1336 360 1457 416 triduum
1475 361 1598 418 internus
1620 362 1747 420 reddidit.

108 465 156 504 tne
166 446 266 504 Filium
279 456 368 503 tuum.
382 445 416 503 Et
431 459 471 513 ta,
483 447 596 504 Domine
609 449 687 514 llere,
700 448 780 507 Pater
793 452 904 506 misero-
958 450 1104 520 imperium
1119 451 1143 504 ci
1160 451 1244 518 dedit,
1259 453 1325 523 quia
1341 467 1423 509 omne
1436 453 1572 523 judicium
1592 456 1617 510 ei
1633 458 1744 512 commi·

108 551 154 596 ter
165 550 190 596 et
212 539 373 606 misericors,
385 540 499 611 potiem,
515 550 540 595 et
554 541 645 595 multoe
665 543 866 608 misericordiae,
879 553 904 598 et
954 542 1002 608 sit,
1014 553 1042 598 ct
1057 544 1246 612 superomnia
1260 559 1322 599 eum
1338 546 1478 601 exaltarit.
1492 544 1571 602 Unde
1589 547 1649 618 ipse
1660 549 1747 607 dicit:

106 647 201 696 aeros,
217 632 317 703 respice
339 632 368 686 in
391 648 432 686 me
444 632 585 689 hominem
607 649 622 688 a
639 644 665 689 te
678 643 862 705 assumptum,
877 645 905 691 et
957 653 967 684 ι
987 632 1054 689 Data
1066 643 1108 690 est
1126 635 1193 689 mibi
1205 635 1298 691 omnis
1311 645 1432 706 potestas
1453 637 1480 692 in
1497 639 1569 693 coelo
1585 649 1613 693 et
1631 640 1658 694 in
1674 648 1749 696 terra

106 741 159 797 per
172 739 216 779 me
231 709 318 778 libera
335 720 476 777 bominem
492 722 640 794 perditum.
659 722 692 776 Et
707 724 831 778 miserere
853 725 904 778 mei
955 722 1065 795 (burro.
1079 740 1175 789 xrrrtt,
1191 723 1234 779 ts.
1250 723 1326 792 rQui
1338 725 1456 781 oderunt
1467 742 1543 794 cum,
1553 727 1660 785 confusi
1672 742 1749 796 sunt,

105 817 201 873 dando
211 813 317 870 bomini
328 812 561 870 immortalitatem
572 830 621 885 per
635 829 679 870 me
690 814 737 884 qui
751 813 841 870 subiri
853 829 904 886 pro
953 816 1018 886 qnia
1030 813 1116 872 ludaei
1131 811 1292 873 allemania
1306 817 1390 873 occisi
1405 826 1481 873 sunt.
1496 818 1590 874 Potest
1608 829 1633 875 ct
1650 820 1704 877 boo
1715 822 1750 877 de

105 922 142 963 eo
158 915 286 961 moment.
302 903 344 960 De
358 906 499 977 imperinm
512 917 585 960 turm
596 921 677 977 praere
694 914 750 971 tro,
762 904 789 959 id
802 913 854 969 est,
867 904 904 959 de
953 906 1076 964 Ecclesia
1092 908 1218 979 intelligi.
1233 906 1293 963 Vox
1308 919 1486 981 martyrum:

104 1008 271 1072 potestatem
296 999 396 1056 dilecto
421 1009 486 1064 tuo,
513 1009 543 1054 ut
569 999 709 1068 imperinm
732 997 835 1052 diaboli
856 997 905 1053 de·
992 998 1071 1064 Deus,
1088 998 1173 1069 iniqui
1190 999 1390 1053 insurrexerant
1406 1015 1486 1069 saper
1499 1016 1550 1066 nte,
1563 999 1589 1055 id
1611 1009 1663 1066 est,
1685 1016 1749 1072 per·

104 1102 225 1160 struant,
240 1093 347 1147 animas
358 1090 422 1148 inde
434 1103 540 1148 eruam.
556 1089 592 1144 Et
602 1090 704 1146 solcum
716 1091 759 1162 [ae
770 1091 803 1146 de
814 1098 904 1146 morte
952 1099 1093 1147 secutores
1118 1090 1273 1145 ablircrunt
1299 1105 1359 1153 me,
1374 1098 1400 1144 et
1428 1087 1564 1162 synopopo
1589 1090 1747 1147 ludaeorutn

105 1199 154 1239 me
167 1175 257 1253 ,iliam
270 1179 378 1236 ancillae
390 1190 444 1237 tnta
457 1179 560 1237 llariae.
573 1175 634 1236 Hoc
648 1181 731 1236 borno
743 1181 902 1237 adverbum
952 1181 1116 1254 quesierunt
1130 1182 1249 1236 nninrom
1264 1198 1361 1248 meunt,
1385 1183 1411 1237 id
1434 1194 1486 1246 εει,
1503 1184 1588 1238 vitam
1604 1199 1693 1238 meam
1713 1185 1748 1241 ad

104 1274 185 1331 dicit.
952 1272 1122 1343 perdendum
1144 1287 1215 1326 earn.
1234 1271 1268 1325 at
1284 1288 1336 1326 non
1350 1285 1542 1344 proposuerunt
1558 1283 1583 1329 te
1596 1277 1623 1329 in
1639 1292 1748 1345 conspe·

143 1357 229 1422 trus.
244 1364 289 1420 to.
305 1362 364 1419 For
378 1377 480 1419 mecum
493 1365 599 1436 sipnttnr
620 1363 740 1431 inbono,
761 1374 792 1421 ut
809 1380 902 1421 resur·
952 1369 996 1418 clu
1007 1379 1067 1427 otto,
1083 1363 1111 1417 id
1125 1373 1179 1428 est,
1193 1379 1247 1417 non
1262 1364 1437 1419 crediderunt
1447 1375 1473 1419 te
1484 1365 1581 1431 brom,
1595 1367 1643 1422 sed
1654 1368 1748 1438 potius

104 1475 182 1533 gam,
198 1474 254 1515 aon
275 1459 304 1546 in
319 1458 402 1524 malo,
424 1468 453 1514 ut
467 1459 501 1513 de
514 1474 596 1515 cruce
609 1458 785 1514 descendam.
806 1457 834 1514 ln
849 1460 903 1516 isto
952 1478 997 1518 me
1009 1463 1140 1535 populum
1156 1470 1234 1517 tuum
1254 1463 1280 1518 in
1306 1472 1331 1518 te
1353 1465 1509 1520 credentem
1525 1466 1672 1536 exquisitis
1687 1483 1747 1538 pce·

104 1549 211 1621 quippo
225 1558 268 1604 ⁸³¹
289 1547 403 1604 humani
426 1542 533 1619 denisi-‘³
549 1548 696 1618 wiliielmi
719 1548 747 1603 iss
771 1548 819 1604 5¹¹⁰
832 1564 901 1604 vana
952 1552 996 1613 nis
1011 1558 1181 1614 oeciderunt.
1194 1556 1227 1611 Et
1243 1565 1282 1623 tu,
1295 1555 1422 1621 Domine,
1435 1559 1535 1628 respice
1550 1559 1577 1613 in
1591 1576 1642 1626 nte,
1658 1561 1748 1631 quali·

103 1639 281 1698 acclamatio.
296 1637 362 1694 Tale
381 1640 490 1710 signum
507 1638 560 1706 lac,
574 1649 603 1694 ot
619 1638 722 1694 inimici
739 1639 792 1695 mei
814 1638 902 1695 Judaei
951 1656 994 1703 ter
1009 1648 1119 1703 crucior
1128 1662 1179 1719 pro
1193 1657 1236 1714 re3
1249 1649 1413 1702 semisermo
1426 1649 1479 1703 mci
1492 1649 1634 1705 liberando
1648 1665 1693 1705 me
1712 1650 1747 1705 ds

104 1734 225 1800 videam,
243 1732 289 1803 4¹⁴5
311 1748 352 1785 Μ
374 1730 498 1796 oderant,
521 1740 547 1785 εἴ
567 1730 776 1800 &illumillum
798 1730 825 1786 id
848 1740 900 1800 0⁵2,
916 1713 938 1769 B
953 1749 1055 1796 aetmno
1075 1741 1214 1802 cruciatu.
1227 1749 1255 1796 et
1274 1741 1426 1811 imperium,
1447 1740 1521 1813 quod
1547 1757 1622 1798 nunc
1644 1742 1748 1798 lrabeat

102 1823 288 1889 erubescant3
303 1821 428 1892 quoniam
452 1829 491 1887 tn,
511 1817 633 1914 bomine,
655 1821 783 1892 adjuvisti
801 1838 843 1877 me
856 1837 900 1878 re·
953 1827 1042 1901 impii,
1055 1830 1170 1903 quinos
1184 1831 1364 1895 discruciant,
1380 1832 1414 1886 do
1429 1849 1510 1903 patero
1523 1843 1578 1901 tao,
1591 1833 1681 1900 idest,
1694 1850 1746 1905 po·

106 1912 900 2003 suscitandoamorte,quemputaverunttedereliquisse,
952 1922 1018 1991 pulo
1042 1920 1212 1976 Christiano.
1229 1919 1265 1975 Et
1287 1921 1390 1976 ration
1414 1923 1459 1993 [oe
1484 1923 1531 1980 bic
1551 1932 1579 1980 et
1599 1925 1626 1980 io
1652 1926 1745 1982 loturo

102 2006 342 2063 esconiolotases
357 2020 398 2059 me
412 2004 441 2058 in
459 2004 580 2072 tristitia,
594 2005 658 2077 qrtia
673 2006 844 2078 arimasper
858 2009 910 2063 me'
952 2007 1041 2083 filiam
1055 2009 1167 2084 ancillor¹
1188 2021 1251 2079 tnoe,
1272 2010 1301 2067 id
1315 2022 1357 2070 est
1374 2014 1506 2084 populum
1529 2013 1744 2072 decimiana.

102 2099 229 2158 eduxisti
246 2099 280 2155 de
294 2095 403 2154 iulerno
419 2097 453 2153 ad
469 2098 579 2168 gaudia.
951 2095 1040 2173 Cujus
1055 2099 1186 2159 Ecclesia
1201 2118 1252 2159 ros
1271 2104 1396 2174 sequitur
1418 2123 1425 2158 ε
1450 2102 1508 2159 For
1523 2121 1625 2161 mecam
1638 2107 1746 2179 εἰρηκει

142 2189 300 2246 Notandum
314 2188 388 2261 quod
402 2187 510 2245 Patrem
523 2198 627 2262 septem
640 2191 798 2249 nominibus
809 2192 902 2264 appel·
950 2195 981 2249 in
997 2193 1075 2250 tono.
1092 2192 1204 2267 Siquam
1220 2193 1291 2252 Deus
1305 2210 1368 2252 com
1384 2194 1511 2252 Ecclesia
1526 2195 1601 2265 iecit,
1613 2198 1678 2269 quia
1690 2196 1748 2254 llo·

104 2286 156 2352 iat,
169 2295 197 2341 et
210 2300 260 2357 per
274 2285 382 2358 singula
395 2288 478 2343 rerba
492 2297 605 2359 paterna
618 2289 748 2361 majestas
757 2290 899 2347 diffinitur.
952 2302 1065 2343 manum
1081 2286 1240 2358 imperium,
1254 2287 1327 2360 quod
1343 2303 1404 2343 earn
1425 2291 1653 2361 persequebatur,
1667 2291 1747 2361 pcdi-

105 2379 155 2436 Est
167 2379 271 2453 quippe
283 2380 412 2436 [lominus
428 2382 564 2448 omnium,
577 2380 648 2436 beas
667 2390 777 2438 creator
791 2383 902 2440 unirer·
952 2376 1005 2433 bus
1030 2377 1091 2448 ejus
1115 2379 1234 2449 subegit.
1259 2375 1319 2434 lloe
1337 2378 1443 2449 sipnttm
1456 2379 1484 2433 in
1508 2377 1575 2433 botro
1598 2377 1662 2447 luit,
1680 2380 1747 2453 quia

105 2487 213 2539 sorum,
238 2472 389 2540 miserator,
414 2472 479 2543 quia
500 2473 615 2546 singulis
636 2472 719 2529 rebus
741 2473 901 2529 ntisericor-
951 2461 1064 2525 cbristo
1085 2483 1196 2525 summo
1215 2468 1375 2541 imperatori
1397 2468 1524 2526 credidit.
1539 2466 1598 2525 floe
1618 2469 1747 2526 uiderunt

9 2619 10 2624 ,
105 2563 180 2619 diam
196 2563 279 2631 laclt;
296 2565 458 2630 misericors,
477 2564 541 2635 quia
565 2579 672 2634 semper
685 2565 729 2636 pia
743 2573 786 2621 est
803 2574 901 2621 natura
950 2559 1048 2628 ludaei,
1063 2564 1111 2633 qui
1125 2577 1185 2618 eam
1203 2564 1331 2629 oderunt,
1355 2572 1383 2618 et
1405 2563 1515 2620 contusi
1539 2572 1615 2632 sunt,
1629 2564 1694 2635 quia
1710 2564 1746 2619 ab

106 2653 242 2723 Deitatis;
257 2655 371 2725 patiens,
387 2655 452 2726 quia
470 2664 629 2725 peccateres
651 2655 787 2721 sustinct;
809 2655 902 2711 multoe
952 2654 1068 2710 urbibus
1083 2655 1190 2725 expulsi
1217 2663 1300 2721 stratt3
1326 2654 1458 2725 quoniam
1486 2652 1621 2709 Dominus
1642 2652 1748 2722 adiurit

105 2748 309 2814 misericordior,
325 2747 793 2819 quiaadconversionenrinritat;
810 2762 900 2814 oecos,
952 2744 1104 2802 Ecclesiam
1132 2746 1160 2799 in
1188 2743 1439 2814 persecutionibus,
1462 2754 1490 2800 ct
1520 2744 1679 2800 consolatus
1704 2753 1747 2799 est

104 2842 171 2912 quia
200 2840 294 2896 omnia
316 2840 454 2912 promissa
470 2855 520 2896 sua
534 2840 668 2910 implebit.
688 2837 752 2895 llaec
778 2838 843 2894 licet
868 2838 902 2894 de
952 2852 1013 2892 enm
1028 2838 1120 2892 dando
1134 2852 1240 2907 pacem,
1260 2836 1288 2890 in
1305 2834 1398 2891 loturo
1412 2835 1596 2906 pront'ttcndo
1613 2835 1739 2907 gloriam.

105 2932 190 2988 Patre
213 2932 353 2998 dicantur,
367 2941 498 2988 tamenet
520 2930 591 2987 Filio
614 2942 641 2987 et
667 2929 782 3002 Spiritui
805 2938 902 3009 sancte
953 2928 1004 2985 llic
1019 2929 1142 2999 psalmus
1166 2928 1229 2983 idco
1250 2928 1277 2983 in
1299 2926 1452 2999 Epiphania
1476 2927 1585 2984 Domini
1607 2936 1744 2995 salutatur,

106 3024 236 3079 seniliter
247 3024 338 3080 inesse
353 3039 407 3079 uon
421 3024 597 3080 dubitantur.
613 3021 695 3079 Pater
705 3022 814 3092 signum
825 3019 937 3112 Jouaec⁴
953 3024 1019 3094 qu'a
1032 3021 1069 3077 ibi
1084 3018 1211 3076 cbristus
1225 3035 1240 3074 n
1259 3020 1386 3090 gentibus
1404 3019 1535 3074 atloratur
1551 3028 1581 3074 ut
1594 3018 1674 3073 [leus.

105 3132 171 3172 eum
199 3114 270 3171 Filio
296 3114 371 3185 lecit,
394 3118 459 3186 quia
481 3115 554 3171 sicud
574 3114 660 3186 piscis
675 3113 751 3169 illum
764 3112 844 3169 tertia
855 3112 901 3167 die

108 3277 1743 3310 ww·-

630 3463 897 3559 astutius
930 3458 1194 3555 LXXXVI.

147 3841 173 3899 F
176 3843 336 3898 nodamenta
351 3838 408 3909 ejus
419 3839 446 3893 in
461 3833 593 3891 montibus
612 3836 723 3902 certetis,
738 3844 792 3892 etc.
812 3833 901 3907 Supe-
954 3833 1064 3890 hortari
1083 3849 1132 3906 per
1150 3832 1231 3889 ‘ltdeut
1249 3842 1276 3889 et
1303 3829 1490 3905 operationem
1518 3834 1601 3904 hujus
1626 3835 1745 3900 diritatis

109 3933 180 3990 riori
194 3931 302 4005 psalmo
317 3931 388 3986 lacta
402 3939 444 3984 cst
464 3926 568 3982 mentio
583 3924 751 3980 tabernaculi
764 3935 791 3980 et
802 3926 902 3982 domus
952 3926 1026 3980 eires
1042 3924 1111 3980 lieri.

109 4026 158 4083 Dei
175 4045 182 4080 :
199 4025 228 4079 in
243 4026 295 4079 boc
310 4030 401 4077 autern
422 4020 528 4092 psalmo
549 4016 715 4073 describitur
732 4016 828 4071 ciritas
842 4016 900 4082 Dei,
990 4014 1041 4071 l’er
1059 4017 1115 4071 duo
1135 4017 1316 4087 diapsalmata
1331 4015 1358 4069 in
1374 4016 1426 4070 tria
1445 4016 1569 4070 membra
1597 4015 1746 4087 distingui-

109 4122 138 4177 in
153 4135 238 4193 quam
250 4117 463 4173 introducuntur
476 4113 565 4169 electi.
580 4110 630 4166 llio
642 4109 765 4181 psalmus
775 4117 817 4164 est
826 4117 902 4164 ceto-
956 4114 1012 4172 tur,
1026 4106 1090 4178 quia
1106 4106 1274 4162 habitatores
1289 4108 1372 4177 hujus
1386 4107 1502 4162 urbis'in
1518 4115 1573 4162 tres
1585 4107 1706 4173 ordines,
1718 4108 1745 4161 in

110 4212 235 4286 resimas
246 4218 353 4274 sextus,
367 4206 441 4278 quod
455 4212 521 4260 sunt
534 4200 682 4258 duodecies
696 4208 811 4270 septem,
825 4197 903 4253 insu·
954 4199 1094 4263 doctores,
1110 4197 1292 4264 continentes,
1320 4197 1482 4268 conjugatos
1503 4196 1674 4264 dividuntur,
1698 4200 1745 4267 rpri

111 4321 160 4377 per
171 4304 235 4359 tria.
250 4299 441 4356 Duorleaarius
450 4295 576 4368 designat
586 4292 727 4364 apostolos
738 4290 822 4361 buius
833 4289 901 4346 eiri-
955 4290 1015 4359 lege
1037 4286 1153 4360 gemina
1175 4285 1330 4341 dilectionis
1348 4293 1490 4357 reguntur.
1509 4283 1539 4340 ln
1565 4284 1654 4356 prima
1671 4295 1748 4355 parte

111 4397 177 4453 tatis
194 4395 354 4467 principes;
385 4387 556 4460 septenarius
584 4384 722 4457 sapientes
749 4380 901 4454 septiformi
917 4381 940 4436 ll
955 4384 1014 4454 ipsa
1029 4380 1128 4438 civitas
1143 4379 1288 4447 laudatur;
1305 4378 1332 4432 iu
1356 4376 1476 4433 secunda
1492 4378 1662 4433 habitatores
1687 4378 1749 4449 ejus

113 4485 218 4558 Spiritu
233 4483 340 4555 plenos,
353 4479 438 4549 hujus
459 4475 579 4533 civitatis
601 4476 744 4540 doctores;
766 4471 903 4528 ternarius
955 4473 1163 4538 beatillcantur;
1179 4465 1209 4526 in
1223 4470 1303 4527 tertia
1317 4468 1410 4525 laetitia
1431 4469 1532 4525 civium
1559 4469 1620 4541 ejus
1644 4487 1750 4528 memo·

112 4592 211 4633 ornnes
225 4573 319 4630 bdeles
331 4570 415 4642 buius
426 4566 545 4624 civitatis
559 4566 633 4622 circs
640 4555 800 4617 Trinitatem
813 4561 904 4616 colen·
956 4573 1043 4617 ratur.
1058 4559 1144 4617 Verba
1153 4567 1263 4632 accepta
1273 4567 1339 4615 sunt
1348 4558 1443 4615 desito
1454 4557 1605 4614 Jerusalem
1616 4559 1642 4615 in
1656 4571 1749 4617 monto

113 4677 176 4724 tes:
192 4663 291 4721 titulus
303 4661 401 4734 psalmi
417 4667 480 4714 est:
956 4654 1064 4724 positae,
1078 4653 1105 4708 in
1129 4668 1212 4724 quam
1232 4649 1386 4722 babylonii,
1402 4648 1476 4721 Tyrii
1502 4660 1530 4705 ct
1555 4648 1700 4721 AEtbiopcs
1722 4661 1750 4707 et

210 4755 297 4826 (Vens
311 4753 349 4823 l.)
364 4766 445 4807 rrttrs
457 4764 536 4815 cons,
552 4760 668 4801 maurus
687 4755 805 4799 casstel-
957 4747 1003 4802 aiii
1018 4746 1111 4818 populi
1136 4744 1338 4809 conbuserunt,
1357 4750 1384 4797 et
1399 4741 1520 4798 ltetitiam
1537 4742 1564 4798 in
1587 4758 1619 4799 ca
1643 4742 1748 4798 babuc-

148 4848 209 4906 iioc
221 4857 284 4905 est:
300 4845 354 4900 istc
369 4844 490 4916 bymuus
508 4837 677 4908 compositus
693 4844 735 4890 est
751 4834 786 4889 de
807 4847 905 4901 magna
957 4842 1032 4904 runt,
1042 4846 1071 4893 et
1084 4835 1222 4907 signifieat
1236 4832 1385 4889 Ecclesiam
1401 4831 1429 4886 in
1442 4841 1534 4889 monte
1547 4833 1658 4890 Christo
1672 4834 1748 4890 loca·

113 4941 296 5016 jucunditate,
311 4935 469 5008 propositus
482 4929 612 4988 ornuibus
625 4925 762 4983 bdelibus.
780 4923 905 4978 Psolmaa
956 4941 1024 4997 tarn,
1041 4927 1068 4982 in
1083 4942 1165 4999 quarn
1177 4923 1270 4996 populi
1283 4923 1407 4980 omnium
1419 4925 1539 4993 gentium
1549 4933 1747 4988 convenerunt,

115 5053 149 5091 er
163 5032 293 5107 psalterio
304 5031 420 5095 dicitur,
433 5026 568 5082 sonticum
579 5036 684 5079 reroex
697 5036 745 5075 ore
756 5013 906 5091 profertur,
958 5021 985 5073 itt
1010 5035 1064 5089 qua
1085 5029 1217 5074 aternam
1242 5016 1364 5072 letitiam
1384 5016 1534 5073 habebunt.
1549 5014 1608 5072 Vos
1630 5015 1749 5088 Spiritus

116 5127 243 5184 Psalmrs
268 5123 386 5181 relertur
410 5121 443 5175 ad
461 5132 571 5182 marrus,
587 5116 613 5172 id
629 5122 682 5179 est,
698 5113 732 5169 ad
750 5113 905 5179 actionem;
958 5111 1068 5168 sancti:
1110 5141 1119 5151 ι

115 5222 252 5275 combam
272 5217 308 5274 ad
320 5212 588 5285 conmmplalioncut.
610 5206 676 5262 Filii
691 5206 758 5263 Cone
772 5213 837 5260 sunt
858 5201 905 5258 dlii
995 5201 1182 5258 Fundamenta
1192 5204 1249 5275 ejus
1267 5205 1296 5258 in
1308 5205 1441 5259 nrotttiios
1460 5203 1569 5258 sanctis.
1593 5199 1666 5256 istud
1689 5199 1748 5269 citos

119 5308 340 5367 resurrectionis.
958 5312 1013 5351 oon
1026 5295 1201 5365 conjungitur
1218 5296 1262 5352 his
1277 5311 1340 5368 qrrae
1356 5296 1383 5349 in
1398 5295 1470 5350 libro
1484 5302 1559 5361 surtt,
1570 5291 1618 5348 sed
1630 5291 1673 5346 bis
1686 5305 1749 5362 quae

153 5402 267 5459 Materia
289 5399 386 5473 psalmi
410 5406 452 5456 est
475 5396 574 5452 civitas
600 5391 658 5448 Dei.
682 5390 809 5445 Psalmus
825 5389 906 5444 etiam
959 5388 1075 5459 scriptor
1089 5386 1150 5441 libri
1167 5387 1283 5441 interius
1297 5387 1325 5440 in
1341 5385 1438 5453 spiritu
1454 5384 1532 5438 ridit.
1553 5381 1658 5454 Raptus
1674 5382 1747 5436 culm

116 5513 230 5568 moqnm
249 5494 378 5549 Dominus
399 5492 432 5546 de
453 5490 566 5545 civitate
591 5484 637 5540 llei
663 5483 844 5548 describitur;
860 5480 907 5536 sed
958 5491 1035 5534 extra
1058 5495 1089 5535 se
1112 5479 1256 5549 conspexit
1270 5477 1296 5530 in
1312 5476 1410 5546 spirito
1426 5474 1563 5529 civitatem
1583 5472 1749 5541 Dei,etboe

117 5590 163 5643 illc
177 5587 334 5643 decivitate
345 5597 446 5655 magna
460 5579 623 5645 ierusalem,
637 5578 689 5632 iste
701 5574 781 5646 quasi
795 5574 828 5630 de
839 5571 906 5627 turri
958 5571 1041 5627 etiam
1053 5572 1114 5626 aliis
1126 5585 1239 5625 narrare
1252 5568 1388 5624 roienses
1404 5582 1502 5638 magna
1517 5567 1609 5622 letitia
1622 5563 1747 5637 prorupit

116 5678 186 5733 Sion
206 5678 234 5732 iu
254 5676 322 5732 urbe
341 5673 432 5746 posita
458 5673 558 5728 editur.
575 5669 696 5730 ,Intentio
715 5666 776 5736 ejus
794 5675 837 5724 est
856 5679 908 5721 nos
958 5666 1071 5721 diceus:
1087 5662 1272 5718 Fundamenta
1286 5661 1343 5730 ejas
1358 5661 1387 5714 in
1411 5659 1542 5714 montione
1565 5659 1674 5727 sanctis,
1693 5656 1746 5713 boe
