3892 6067
106 228 177 285 ttls
513 225 709 285 sandonus
730 254 766 270 -
782 224 900 283 SERHO
919 223 1015 282 ml.
1037 224 1071 281 ΙΝ
1092 226 1325 290 8ΕΧΑ6Ε81ΜΑ.
1666 233 1735 289 tllt

105 339 196 414 ipsum
215 336 298 397 ileum
323 342 350 398 in
373 357 403 398 se
417 348 442 397 cl
458 341 486 397 in
508 342 639 403 omnibus
653 340 811 414 investigem
829 358 891 398 eon·
910 342 1020 405 Arinde
1030 341 1184 400 tribuamus
1196 344 1387 401 necessilatem
1400 345 1531 415 patienti,
1547 346 1598 417 ipsi
1610 346 1737 404 uidelicet

104 431 286 503 cupiscibilis,
302 441 332 487 ut
343 432 432 488 solium
447 431 543 504 diligat
556 449 589 489 ae
599 432 752 499 desideret,
769 426 895 489 irascibi·
946 433 1054 503 corpori
1078 435 1168 491 adime
1183 436 1315 504 animali,
1339 452 1354 492 a
1378 437 1496 506 proximi
1524 438 1657 494 charitate
1680 456 1735 499 narr

104 521 151 591 lis,
172 533 202 579 ει
225 534 323 581 ειιιιειε
348 520 414 581 hnic
432 524 657 596 contemplationi
679 534 707 580 ει
721 525 894 581 delectationi
945 540 1143 596 usquequaque
1156 525 1276 583 alienum
1291 527 1449 598 opinamur.
1462 527 1533 595 Quid
1554 528 1628 584 enim
1644 531 1738 600 prosi·

104 615 278 671 adversantia
302 617 440 687 reprobet,
459 622 531 673 sicut
554 619 687 687 scripturn
704 624 757 684 εει,
771 627 800 671 ει
814 619 893 683 sciat,
946 615 1019 670 mius
1040 614 1134 670 animo
1160 631 1212 672 suo
1229 616 1317 688 ipsius
1330 632 1463 689 corpore,
1477 619 1550 689 quod
1569 634 1624 674 uon
1647 620 1736 675 solum

104 702 230 763 videlicet
246 723 295 778 per
310 709 534 775 rationalitatem,
552 708 692 778 reprobare
706 707 894 779 perirascibi·
946 705 1059 777 diligere
1084 705 1174 771 debet,
1199 707 1245 763 sed
1269 708 1346 763 odire
1369 725 1424 764 non
1442 709 1529 765 raletl
1555 708 1645 781 ipsum
1671 726 1737 782 ergo

104 796 208 853 litatem
231 798 332 854 naulum
355 810 380 856 ct
404 800 499 872 elipere
526 815 575 870 per
602 799 894 870 concupiscibilitatem
946 796 1077 867 quoniam
1095 796 1187 852 anima
1209 797 1301 854 adhuc
1315 800 1427 867 virens,
1442 809 1470 856 ει
1485 801 1601 856 necdum
1623 800 1738 872 spiritus

105 887 367 961 denuntiarint).
945 891 1099 957 ririlleans,
1119 891 1154 946 de
1174 906 1203 947 se
1224 892 1283 948 solo
1298 892 1435 948 riridcare
1453 909 1506 947 nou
1523 892 1632 959 sufficit,
1643 893 1737 964 prori-

69 1045 77 1056 ·
142 980 237 1036 Solum
253 990 355 1052 ergoet
368 997 508 1037 summurn
522 982 636 1053 spiritus
649 982 733 1038 creati
753 984 896 1041 rationalis
946 986 1012 1043 dere
1034 986 1085 1042 sibi
1112 984 1269 1041 rationabili
1295 983 1393 1040 ordine
1409 985 1507 1049 habet,
1532 986 1604 1041 unde
1626 986 1738 1056 juretur

104 1075 208 1132 bonum
220 1084 273 1141 εει,
288 1084 317 1131 ει
334 1076 398 1132 ιιιιὶε
421 1077 566 1144 εειειειίε,
578 1077 725 1133 rationalis
742 1088 769 1134 et
782 1079 896 1135 moralis
945 1078 1128 1145 extrinsecus,
1144 1076 1178 1132 ad
1200 1075 1227 1130 id
1243 1074 1316 1146 quod
1338 1089 1386 1145 per
1403 1090 1433 1131 se
1453 1076 1546 1131 minus
1568 1076 1647 1148 plene
1666 1078 1739 1133 ralct

105 1165 207 1234 studii,
227 1166 285 1222 sire
310 1166 445 1235 exercitii,
469 1167 496 1222 id
514 1168 713 1239 propterquod
729 1166 818 1225 iactus
836 1176 905 1237 εει,
946 1168 1123 1226 ἰειείεεεεεε.
1143 1167 1255 1224 Debitor
1266 1168 1340 1223 eninr
1354 1168 1429 1225 carni
1443 1169 1622 1239 est-spiritus,
1635 1179 1736 1225 uteam

38 1290 43 1297 -
104 1260 284 1329 contemplari
305 1259 435 1316 uidelicet
455 1267 483 1314 ει
505 1258 634 1314 delectari
654 1260 681 1314 in
697 1258 764 1314 [leo.
781 1258 831 1314 Via
846 1275 897 1315 au·
945 1262 1074 1328 uiuidcet,
1093 1276 1149 1316 nou
1164 1270 1194 1315 ut
1212 1258 1364 1317 secundum
1380 1276 1440 1315 eam
1459 1262 1544 1316 uiuat.
1559 1258 1656 1316 Omnis
1671 1274 1737 1332 crgo

104 1362 159 1407 tem
174 1352 207 1407 ad
221 1351 294 1408 banc
308 1351 492 1415 mansionem,
508 1346 674 1421 investigare
688 1359 715 1406 ct
726 1348 839 1418 imitari,
854 1350 894 1406 in·
945 1370 1023 1421 eura,
1038 1361 1085 1409 aut
1096 1351 1253 1420 delectatio,
1270 1352 1370 1423 quaein
1382 1352 1442 1407 solo
1454 1350 1511 1408 Deo
1525 1369 1579 1408 non
1594 1358 1645 1416 εει,
1657 1367 1739 1408 ειεε-

102 1443 224 1514 quirere,
242 1453 270 1499 ει
290 1442 469 1510 desiderare,
493 1441 658 1512 inquirendo
681 1432 854 1510 desiderare,
869 1450 897 1497 et
944 1455 1003 1520 pta,
1017 1455 1048 1502 ει
1057 1445 1162 1502 dictum
1176 1455 1228 1513 est,
1240 1443 1375 1501 charitate
1385 1444 1505 1515 proximi
1516 1452 1628 1515 propter
1638 1442 1736 1511 Deum,

102 1536 285 1593 desiderando
300 1535 450 1608 inquirere.
473 1533 568 1592 Solum
592 1549 658 1591 uero
672 1534 733 1607 ejus
752 1542 894 1605 peccatum
945 1539 1084 1611 superdea
1098 1550 1151 1606 est,
1166 1548 1193 1595 ει
1212 1537 1381 1606 adulterina;
1394 1547 1421 1594 ει
1435 1554 1451 1594 ε
1467 1554 1569 1606 εεεεε,
1583 1553 1669 1609 quare
1682 1537 1738 1594 ιω.

103 1638 131 1685 el
150 1629 265 1695 malum,
291 1629 326 1684 ab
350 1634 401 1683 ΜΟ
415 1624 596 1684 θθῐιιθιδῑῡῐιθ
612 1625 648 1682 ³¹¹
665 1625 762 1693 Deum,
777 1632 805 1681 el
819 1626 894 1681 inre-
945 1630 1036 1688 mines
1057 1647 1171 1698 somus,
1190 1630 1279 1686 aliena
1296 1648 1304 1686 a
1321 1644 1417 1685 auersa
1433 1646 1448 1686 a
1466 1631 1607 1702 proposito
1631 1628 1679 1685 bei
1702 1628 1738 1685 ad

103 1719 268 1793 stipatione,
291 1728 319 1776 ει
341 1719 479 1775 desiderio
502 1719 629 1785 arcrsio,
647 1725 677 1774 ει
700 1733 733 1773 eo
759 1725 893 1788 concepto
910 1688 931 1747 Β
947 1736 1009 1787 uos,
1028 1729 1057 1777 et
1071 1721 1152 1777 oilleii
1166 1720 1255 1776 nostri
1269 1722 1302 1777 ad
1318 1721 1418 1793 ipsum.

103 1815 179 1871 aliud
196 1822 336 1886 qnaeratur
360 1821 388 1870 et
410 1822 528 1870 ametur.
547 1810 612 1879 Eia,
635 1811 745 1880 iratres,
759 1812 824 1882 quid
848 1828 896 1882 per
982 1809 1076 1867 Videte
1089 1811 1192 1882 itaque,
1208 1811 1319 1880 iratres,
1332 1821 1437 1883 quanto
1449 1811 1555 1868 ierrore
1573 1812 1697 1882 spiritus,
1709 1822 1738 1869 ct
1755 1860 1759 1869 .

103 1909 190 1964 multa
207 1908 364 1974 currimus,
379 1914 407 1962 et
417 1906 497 1961 anxie
513 1906 678 1976 quaerimus,
694 1904 768 1975 quod
787 1904 895 1960 didicile
946 1904 1109 1974 iulatigabili
1127 1906 1190 1961 nisu
1203 1919 1272 1976 opus
1292 1913 1344 1971 est,
1360 1919 1422 1972 nos,
1440 1903 1568 1975 relegatis
1591 1904 1736 1976 cogitatio·

103 1998 279 2056 invenimus?
291 1997 376 2054 Breve
396 1997 528 2068 estquod
542 1996 612 2053 satis
633 2005 694 2052 cst:
711 2010 805 2066 prope,
821 1995 894 2066 quod
945 1997 1038 2063 uibus,
1050 2013 1112 2069 quae
1128 2005 1193 2053 sunt
1206 1997 1266 2052 sine
1281 1996 1438 2063 intellectu,
1454 2011 1471 2051 a
1490 1995 1618 2066 qualibus
1634 1997 1738 2053 recedit

102 2087 265 2159 perlectum.
279 2086 416 2143 Gaudium
430 2095 483 2153 εει,
499 2101 577 2142 annor
591 2095 643 2150 cst,
659 2085 814 2148 delectatio,
831 2101 896 2140 sua·
947 2077 1066 2159 Spiritus
1084 2098 1197 2145 sanctus
1217 2089 1389 2160 disciplinae,
1404 2087 1538 2160 edugiens
1549 2088 1641 2144 lictum
1658 2087 1734 2161 (Sap.

101 2179 277 2248 uitas,risio,
289 2179 348 2247 lut,
364 2177 486 2234 claritas.
501 2178 579 2247 Quod
591 2177 675 2249 exigit
691 2193 706 2231 a
721 2178 800 2232 nobis
812 2175 894 2241 Deus,
946 2182 978 2247 r),
1001 2180 1142 2237 intendere
1168 2180 1195 2235 ln
1225 2179 1292 2236 illud
1316 2179 1447 2238 betleem
1471 2179 1581 2248 lumen,
1603 2181 1677 2252 quod
1702 2182 1738 2238 ad

101 2271 137 2327 ad
150 2271 225 2341 quod
247 2270 312 2328 iecit
329 2287 380 2329 nos
393 2270 475 2327 Deus.
491 2270 565 2327 Ordo
585 2280 612 2327 ει
628 2270 724 2342 religio
737 2279 779 2326 εει
790 2284 855 2324 rara
869 2271 894 2324 id
946 2272 1088 2327 ueritatem
1112 2272 1249 2338 illustrat,
1273 2280 1302 2327 ει
1325 2272 1359 2327 εει
1381 2270 1542 2328 charitatem
1562 2269 1736 2331 inflammat:

101 2361 194 2420 tacere
212 2365 410 2435 propterquod
427 2363 492 2420 iacti
506 2379 614 2420 sumus.
627 2361 852 2434 Contemplemur
869 2363 894 2417 id
945 2361 994 2432 qui
1010 2371 1040 2416 ut
1057 2361 1084 2417 id
1098 2361 1224 2428 liberius,
1240 2361 1424 2434 licentiusque
1438 2362 1561 2433 possitis,
1576 2363 1658 2419 etiam
1675 2363 1739 2419 ani-

102 2472 160 2528 quo
185 2458 253 2513 nibil
276 2457 430 2530 pulchrius,
444 2458 612 2514 delectemur
631 2457 659 2511 in
682 2471 716 2512 eo
730 2455 805 2526 quod
827 2455 895 2509 nibil
946 2453 1026 2509 malis
1047 2454 1174 2523 corporis
1191 2453 1392 2510 sollicitudines
1411 2452 1491 2509 alteri
1510 2456 1737 2524 superposuistis.

101 2549 234 2617 dulcius;
260 2551 417 2606 irascamur
447 2548 561 2604 omnino
587 2549 638 2603 ista
668 2548 894 2618 impedientibus.
945 2542 1054 2610 Quibus
1080 2545 1104 2600 si
1127 2544 1205 2600 labor
1231 2544 1422 2610 interdicitur,
1444 2542 1602 2599 'sollicitudo
1622 2544 1738 2613 tollitur,

101 2639 190 2701 Omne
218 2641 377 2697 exercitium
401 2650 525 2696 nostrum
540 2639 802 2710 tanslaborisquarn
818 2638 895 2708 quie-
945 2648 1013 2688 eura
1041 2633 1226 2689 interdicitur.
1254 2633 1416 2690 Sollicitudo
1446 2636 1548 2692 etenim
1581 2637 1738 2693 necessario

100 2733 150 2799 tis,
171 2740 227 2787 tam
249 2733 385 2788 sermonis
404 2747 488 2802 quam
512 2730 631 2794 silentii,
651 2729 706 2785 inre
731 2728 894 2785 reseramus.
945 2725 1048 2792 turbat,
1068 2726 1141 2782 sieut
1154 2725 1288 2797 seriptum
1304 2735 1368 2783 est:
1384 2724 1510 2783 Sollicito
1524 2745 1562 2797 ca,
1582 2738 1608 2784 et
1622 2729 1739 2786 turbarit

100 2823 180 2892 Quod
196 2825 269 2879 enim
286 2825 341 2878 boc
356 2837 410 2879 uon
429 2810 557 2889 retertur,
572 2836 662 2892 neque
682 2829 791 2893 propter
802 2819 854 2876 boe
865 2819 895 2875 dt
944 2834 1008 2889 erqo
1026 2817 1144 2888 plurime
1163 2817 1241 2889 (Luc.
1257 2820 1287 2891 a)
1302 2835 1310 2872 t
1324 2834 1392 2876 eura
1407 2833 1473 2876 uero
1486 2830 1591 2890 marat.
1607 2820 1684 2878 Unde
1696 2830 1740 2880 εει

102 2931 119 2974 a
135 2916 226 2983 nobis,
240 2924 352 2986 propter
371 2914 444 2985 quod
460 2912 523 2969 iacti
539 2930 636 2971 sumus
649 2930 664 2970 a
679 2913 745 2982 Deo,
757 2922 786 2969 ut
798 2913 894 2970 eadern
948 2908 1016 2964 tttud
1029 2907 1138 2964 Domini
1151 2927 1158 2965 ε
1173 2908 1216 2965 Ne
1235 2920 1378 2982 praemitur
1390 2911 1473 2965 cordo
1486 2920 1573 2967 aestro
1587 2913 1699 2983 crepulo
1713 2926 1739 2970 et

102 3008 140 3064 sit
152 3006 244 3077 operis
255 3005 329 3060 illius
347 3014 375 3061 ει
390 3004 477 3061 εοειιι
494 3019 577 3060 εεεεε
591 3012 674 3075 atque
695 3002 827 3071 intentio;
843 3019 894 3060 nee
907 3033 929 3091 c
944 3002 1082 3071 ebrietate,
1093 3011 1118 3057 et
1128 3002 1200 3058 curia
1210 3003 1290 3074 liujus
1302 3004 1395 3059 aoecali
1406 3004 1483 3078 (lue.
1494 3006 1564 3077 ur).
1578 3005 1739 3065 Sollicitudo

100 3097 193 3155 uirtus
205 3106 257 3164 est,
278 3113 329 3153 nee
351 3096 555 3152 remunerabile
569 3103 621 3152 εει.
637 3093 677 3152 lbi
693 3096 765 3152 enim
778 3104 807 3152 ει
820 3095 892 3163 inde,
945 3093 1018 3149 male
1037 3093 1167 3161 sustollit,
1180 3108 1246 3150 cura
1263 3095 1343 3166 peius
1356 3095 1496 3166 deprimit,
1511 3098 1606 3154 acedia
1620 3099 1739 3170 pessime

100 3197 129 3246 ει
141 3188 168 3244 id
181 3189 234 3244 erit
254 3186 388 3244 tactorum
405 3194 565 3243 nostrorum
582 3187 778 3255 remuneratio,
794 3187 853 3255 ubi,
867 3198 895 3246 et
944 3184 1080 3242 dissoluit.
1109 3185 1187 3243 Meus
1215 3187 1289 3243 enim
1330 3187 1359 3246 iu
1384 3188 1442 3244 otio
1468 3189 1595 3247 acediosa
1616 3189 1738 3248 iruetum

101 3282 185 3348 unde,
197 3296 224 3338 ει
234 3280 320 3354 quod,
333 3289 361 3335 ut
375 3280 515 3343 fieremus.
530 3278 754 3336 fuitmuneratio.
770 3278 798 3336 id
814 3280 895 3337 uobis
944 3277 1063 3360 actiorris
1080 3278 1187 3349 perdit,
1203 3289 1230 3337 et
1247 3280 1489 3351 contemplationis
1514 3283 1605 3340 lucem
1625 3283 1740 3342 minime

100 3374 266 3447 principium
282 3388 315 3429 ac
338 3373 402 3428 dois
418 3391 425 3427 :
444 3371 526 3429 doale
544 3371 729 3444 principium,
743 3381 771 3428 et
790 3372 894 3445 princi·
946 3369 1061 3427 invenit.
1077 3370 1165 3427 Porro
1177 3372 1306 3444 depressa
1320 3374 1406 3440 curis,
1431 3374 1458 3429 in
1481 3375 1567 3431 altum
1587 3391 1617 3432 se
1636 3391 1741 3448 nequa·

99 3465 172 3535 palis
194 3465 267 3520 linis.
284 3462 455 3536 Principium
477 3464 647 3533 perlectum,
667 3474 779 3536 propter
793 3465 892 3532 linern;
945 3475 1030 3534 quam
1044 3461 1135 3533 erigit,
1158 3445 1268 3519 irrrbara
1289 3478 1387 3519 serena
1400 3479 1463 3520 esse
1477 3465 1583 3536 nequit.
1598 3465 1652 3523 Cor
1665 3470 1739 3522 cuim

100 3555 164 3611 linis
181 3553 317 3619 irrlluitus,
332 3563 444 3624 propter
454 3552 520 3622 juge
536 3554 713 3624 principium.
725 3553 803 3621 Quod
818 3556 893 3610 enirn
944 3552 1020 3621 quod
1031 3553 1210 3622 tranquillum
1222 3568 1278 3608 non
1292 3561 1345 3622 est,
1358 3568 1487 3610 serenum
1501 3570 1563 3611 esse
1578 3557 1738 3615 nullatenus

101 3645 149 3702 ubi
165 3643 272 3715 incipit,
289 3657 398 3712 semper
411 3641 489 3705 tinnit,
503 3641 550 3696 ubi
565 3642 635 3706 linit,
651 3655 760 3710 semper
771 3642 867 3712 incipit
885 3661 891 3696 :
945 3652 1051 3713 potest;
1068 3644 1110 3700 sin
1131 3653 1224 3701 autem
1247 3661 1396 3711 serenum,
1415 3662 1466 3702 nee
1489 3649 1670 3721 perlucidum.
1686 3651 1740 3708 Cor

100 3752 153 3795 uec
164 3733 290 3808 proiectu
305 3749 409 3800 carere,
425 3748 476 3789 nec
488 3730 624 3788 deiectum
637 3741 727 3802 potest
740 3732 892 3787 incurrere.
945 3748 1011 3788 uero
1023 3737 1234 3805 contemplantis
1244 3738 1386 3806 perlucere
1398 3746 1516 3809 oportet,
1531 3748 1662 3812 tanquam
1676 3758 1740 3815 spe-

100 3828 130 3885 ln
152 3829 228 3886 omni
242 3827 348 3894 babitu,
363 3826 390 3881 in
414 3825 490 3881 omni
512 3825 585 3892 loco,
609 3824 638 3880 in
663 3823 739 3881 omni
764 3838 893 3893 persona,
945 3827 1050 3894 culum,
1063 3836 1111 3883 εει
1124 3844 1224 3900 aquam
1239 3830 1463 3899 limpidissimam
1478 3838 1506 3886 ει
1517 3832 1648 3903 quietam,
1664 3844 1693 3890 ut
1709 3836 1738 3891 in

100 3921 194 3994 sclipio
209 3919 308 3975 munda
318 3928 343 3973 ct
361 3916 535 3972 immaculata
547 3916 618 3987 opud
630 3915 715 3971 ileum
729 3925 754 3971 ct
768 3915 893 3983 Putrem,
945 3918 1017 3989 ipso,
1036 3934 1069 3975 ao
1085 3933 1134 3989 per
1146 3921 1248 3991 ipsum,
1260 3920 1332 3977 sieut
1347 3922 1374 3977 iu
1387 3922 1510 3994 speculo,
1520 3939 1570 3994 per
1584 3925 1738 3995 speculum,

101 4020 157 4074 ιιεε
171 4025 220 4078 εει,
233 4013 290 4070 sola
304 4012 362 4067 lraee
373 4011 513 4078 sectanda,
529 4017 556 4066 et
569 4017 681 4080 propter
695 4008 752 4065 baec
764 4009 895 4063 immacu·
944 4010 1037 4067 rideat
1055 4027 1134 4069 meus
1155 4026 1234 4068 suum
1250 4014 1284 4069 ad
1299 4013 1446 4087 imaginem
1462 4015 1509 4071 Dei
1528 4017 1686 4088 imaginem.
1696 4019 1739 4076 nrt

18 4096 19 4123 t
100 4110 186 4163 larana
202 4123 229 4161 re
241 4105 373 4160 custodire
394 4102 426 4157 al
442 4102 491 4155 doe
505 4098 603 4156 seculo
615 4096 687 4169 (loc.
705 4100 737 4170 ι).
754 4097 807 4154 Sed
823 4112 892 4169 quo·
945 4102 999 4158 hoc
1010 4116 1076 4173 ergo
1097 4118 1146 4158 cor
1167 4104 1356 4160 mundandum
1370 4114 1414 4162 est
1428 4105 1514 4162 Deum
1538 4109 1674 4179 speculari
1690 4126 1739 4166 eu·

101 4202 176 4259 niam
194 4208 257 4256 actu
273 4197 383 4254 difficile
395 4207 438 4252 est
453 4194 482 4250 in
505 4191 607 4249 seculo
627 4190 799 4258 conuersari,
815 4199 843 4245 et
860 4190 894 4246 ab
934 4192 1057 4263 picatis,
1072 4207 1126 4249 non
1141 4193 1231 4249 solum
1246 4193 1366 4251 a‘noaiis
1378 4209 1412 4250 ac
1426 4194 1582 4267 superfluis,
1594 4197 1642 4254 sed
1654 4199 1737 4253 etiam

100 4304 135 4344 co
150 4302 205 4343 non
221 4286 414 4349 contaminari,
428 4283 511 4338 etiam
525 4289 639 4354 propter
658 4281 711 4336 boc
732 4278 893 4351 fugiendum
945 4284 1110 4341 necessariis
1130 4284 1223 4351 euris,
1238 4292 1267 4340 et
1284 4284 1460 4341 excitandum
1481 4286 1607 4354 lectione,
1624 4286 1754 4346 medita,

100 4378 241 4436 asaeculo.
257 4374 452 4433 Verumtamen
484 4374 518 4431 ab
540 4375 594 4430 hoc
608 4383 663 4429 tam
677 4371 756 4428 suari
770 4383 798 4428 et
817 4386 893 4427 ama·
909 4379 931 4436 1)
946 4376 1032 4442 ιίοεε,
1048 4375 1184 4431 εεειὶεεε.
1198 4373 1275 4432 Beati
1289 4377 1363 4433 enirn
1385 4377 1590 4446 mundicordes,
1604 4379 1737 4450 quoniam

100 4472 150 4529 bili
163 4469 405 4541 contemplationis
419 4467 494 4535 otio,
509 4481 565 4538 quo
582 4465 734 4523 exercenda
748 4474 790 4521 est
801 4465 893 4522 omnis
944 4467 997 4538 ipsi
1018 4466 1106 4523 lleurn
1122 4467 1254 4524 ridebunt
1269 4466 1387 4540 (Μειιι.
1404 4468 1438 4541 u)
1454 4485 1461 4523 ι
1479 4470 1553 4542 quod
1577 4471 1635 4541 ipse
1657 4469 1737 4528 uobrs

100 4564 144 4621 ris
157 4563 284 4631 rationis,
297 4577 352 4633 quo
364 4560 516 4631 infigendus
529 4557 620 4613 omnis
636 4556 714 4614 nisus
728 4556 891 4626 affectionis,
943 4566 1074 4630 praestare
1090 4557 1229 4629 dignetur.
1246 4558 1344 4621 Amen.

101 4657 232 4729 quoniam
252 4654 310 4709 sola
326 4652 540 4724 inculpabiliter,
556 4648 599 4705 rel
615 4649 699 4706 etiarn
718 4649 893 4706 laudabiliter
1224 4643 1342 4706 SERMO
1361 4647 1455 4707 xxti.

101 4745 224 4803 retardat
236 4743 407 4799 rationabilis
419 4740 531 4797 dilectio
546 4754 579 4795 ac
589 4738 746 4809 prospectio
760 4739 891 4809 proximi,
1193 4756 1219 4795 ru
1238 4757 1327 4797 uouere
1346 4756 1431 4798 rssro
1450 4758 1487 4797 rr.

20 4846 21 4851 ’
101 4838 301 4910 interposuisse
313 4836 436 4893 creditur
450 4832 593 4905 apostolus
608 4832 762 4904 superioris
783 4841 893 4888 senten-
980 4828 1104 4887 Naturali
1121 4829 1195 4887 dono
1209 4830 1452 4887 communicabilis
1469 4832 1561 4903 gaudii
1578 4832 1621 4888 sui
1636 4830 1707 4888 iacta
1721 4849 1737 4889 a

101 4935 147 4990 tiae
160 4932 259 4998 tenori,
272 4931 383 4988 uisitare
395 4928 514 5000 pupillos
524 4938 553 4982 ει
564 4925 662 4982 viduas
674 4924 701 4981 in
717 4926 893 4981 tribulatione
944 4923 1001 4981 uec
1014 4938 1092 4978 mens
1105 4922 1259 4990 rationalis,
1276 4922 1348 4979 sieut
1362 4923 1451 4994 prima
1465 4933 1491 4981 ει
1503 4925 1561 4981 εοΙε
1576 4925 1636 4997 ejus
1649 4925 1738 4981 sosei-

101 5040 153 5083 sua
173 5023 274 5096 (itta).
290 5020 384 5092 ltaque
399 5019 491 5075 omnis
505 5028 609 5086 nostra,
621 5017 645 5073 si
664 5032 730 5072 rera
745 5026 798 5085 est,
809 5016 893 5072 disci·
944 5014 986 5085 pit
1006 5012 1172 5084 imaginem,
1189 5013 1226 5067 ita
1240 5021 1331 5084 potest
1345 5014 1531 5085 cognitionem
1552 5024 1580 5071 ει
1602 5030 1735 5070 amorem.

21 5146 22 5149 =
101 5116 187 5187 plina,
200 5111 424 5184 contemplationi
436 5126 469 5166 ac
483 5108 669 5176 delectationi,
685 5109 743 5165 sire
753 5108 893 5165 dilectioni
944 5100 1172 5159 Factaestenim
1191 5115 1277 5172 capas
1296 5101 1431 5172 capabilis
1454 5101 1613 5158 divinitatis
1628 5118 1676 5173 per
1689 5117 1737 5158 ra·

102 5222 212 5278 semper
225 5205 345 5271 insudet,
362 5212 410 5259 aut
420 5203 508 5259 solius
519 5200 567 5257 bet
581 5202 668 5258 libero
682 5201 752 5269 otio,
770 5209 818 5257 εει
829 5214 893 5273 pro-
944 5198 1048 5252 tioncm
1064 5200 1094 5250 ει
1105 5194 1287 5261 voluntatem,
1300 5193 1328 5249 id
1345 5203 1387 5249 est
1403 5192 1571 5265 intelligendi
1585 5201 1615 5249 ει
1627 5193 1739 5250 uorandi

21 5308 22 5315 ’
101 5297 170 5353 xirni
185 5296 313 5353 ordinato
327 5295 446 5367 negotio.
459 5293 523 5350 Sola
542 5293 615 5348 euim
629 5292 750 5364 proximi
769 5291 893 5347 ordinata
944 5286 1260 5356 facultatemtanquarn
1280 5301 1329 5356 per
1347 5299 1413 5341 uasa
1428 5285 1570 5356 quaedam,
1586 5285 1738 5341 aeinstru·

102 5389 235 5448 charitate
255 5397 381 5459 suscepta
404 5386 572 5454 sollicitudo,
596 5384 632 5440 ab
655 5382 709 5441 bac
726 5382 894 5453 contempla·
944 5389 1037 5436 menta
1065 5377 1201 5435 naturalis
1224 5376 1405 5443 conditionis,
1432 5391 1494 5447 quae
1521 5376 1593 5433 sicut
1617 5376 1739 5447 primum

101 5482 316 5555 tionisq'ugitate
337 5491 365 5538 et
388 5479 529 5553 vigilantia
550 5476 755 5546 excusabiliter,
769 5473 892 5548 quande·
945 5472 1042 5545 gratim
1053 5471 1157 5527 donum
1174 5477 1262 5537 creat,
1279 5478 1309 5524 ut
1324 5468 1396 5535 sint;
1414 5467 1456 5525 sie
1470 5467 1621 5532 secundum
1639 5466 1737 5536 replet,

102 5590 157 5651 que
170 5587 198 5636 ct
215 5578 318 5634 utiliter
334 5575 457 5633 animum
475 5572 600 5631 inclinat.
617 5568 686 5626 liam
700 5567 776 5642 quod
796 5580 893 5640 corpo·
944 5579 981 5622 ne
995 5576 1081 5620 uacua
1103 5561 1177 5631 siut,
1194 5569 1243 5617 aut
1265 5559 1338 5616 male
1359 5559 1450 5632 plena.
1466 5558 1536 5616 llale
1550 5570 1641 5614 arrtem
1655 5558 1738 5628 plena

104 5670 172 5729 ralis
185 5668 389 5730 exercitationis
402 5656 488 5724 labori
500 5662 685 5739 indulgemus,
698 5670 730 5719 rit
740 5671 795 5720 non
810 5662 893 5729 desit,
945 5665 1020 5724 sont,
1034 5660 1081 5711 tut
1094 5660 1211 5711 erroneo
1227 5660 1325 5720 sensu,
1344 5661 1391 5708 aut
1412 5652 1540 5723 pstremo
1563 5652 1656 5707 autore
1671 5652 1734 5722 par·
