3892 6067
106 261 152 318 lot
398 259 677 319 conuenturum!
697 260 730 319 lli
749 261 919 319 ranutius.
939 292 974 302 -
993 260 1084 316 ntus
1103 259 1158 317 t'll.
1177 292 1210 304 -
1227 261 1326 319 esst.
1345 264 1450 321 txtut.
1677 266 1729 323 iii

106 377 179 434 filio
191 376 279 433 vultui
289 387 403 449 interno
417 382 498 437 uoltis
515 382 650 451 adoptivis
667 382 811 452 impresso.
827 381 891 436 Glo-
906 385 930 443 Α
943 381 1037 447 nostri,
1055 391 1079 435 et
1102 380 1237 435 benedicat
1257 383 1354 438 notis:
1374 382 1505 437 illuminet
1531 383 1632 439 uultum
1652 402 1730 441 suurn

105 472 146 525 rie
160 468 278 541 Spirinu
300 481 395 526 saneto
417 473 612 529 misericordiae
634 471 724 529 Patris
745 489 778 529 ae
796 474 892 529 lumini
943 489 1023 543 snper
1039 489 1096 539 nos,
1119 482 1145 528 ct
1171 473 1325 529 irrisereotnr
1344 478 1440 530 nostri.
1467 475 1604 533 Glorielur
1623 476 1681 549 ipse
1700 479 1729 534 io

104 563 196 619 tultus
219 563 291 633 ejus,
313 562 347 619 de
361 579 417 634 quo
436 565 505 642 alins
524 565 646 621 dicitur:
664 585 674 619 t
689 565 831 638 Signatum
850 572 893 620 est
943 565 1024 619 uoltis
1036 569 1165 635 tanquam
1184 565 1211 618 in
1226 564 1289 620 tiliis
1302 565 1451 622 benedictis
1465 576 1492 622 et
1506 565 1667 624 illuminatis
1681 582 1731 639 per

103 668 249 724 supernos
261 654 353 709 lumen
363 655 455 713 tultus
470 658 519 722 tui,
536 656 652 712 Domine
665 656 751 728 (Psoi.
769 673 804 723 rr,
823 657 861 726 l).
878 674 888 708 i
942 656 1160 711 misericordiam
1172 671 1262 711 suani.
1277 657 1431 713 Gloriemur
1447 673 1498 712 nos
1515 658 1543 712 in
1553 674 1587 714 eo
1599 668 1730 729 tarrquam

103 742 198 800 Gloria
221 744 268 798 uui
289 759 322 800 ao
350 753 422 800 turtio
438 745 493 801 Deo
511 747 671 811 miseratori,
690 747 848 800 benedicturi
864 755 890 800 et
943 747 970 802 iu
989 747 1246 804 misericordissimo
1260 748 1434 804 benedicturo
1447 759 1474 804 ot
1486 749 1669 806 illuminatore
1680 766 1731 806 no-

103 835 280 891 illsurinotari
309 847 414 903 nostro,
437 837 632 894 edidicimus:
651 837 721 892 Deris
732 838 888 892 uiderentur
942 847 1009 895 stro.
1026 837 1096 906 Fiat,
1112 838 1169 905 liat,
1183 837 1239 894 liat.
1255 839 1556 905 durerr,arnen,arncn.

665 1197 926 1289 psallitis
962 1201 1155 1292 txvlt.

132 1560 271 1636 Euripos
284 1559 366 1627 Dotis.
386 1570 412 1617 et
426 1559 588 1633 dissipentur
606 1563 709 1619 inimici
723 1564 791 1633 ejus,
805 1574 829 1618 et
844 1564 888 1633 su·
903 1569 924 1625 Β
938 1560 1014 1632 cipes
1026 1556 1210 1630 Nephtitnlim,
1226 1560 1273 1632 qrri
1288 1570 1352 1616 sunt
1367 1560 1420 1615 fide
1444 1561 1560 1631 pulchri,
1575 1579 1622 1634 spe
1641 1561 1725 1619 iortes

97 1659 184 1728 pient,
196 1658 244 1728 ptri
256 1654 635 1725 comprimendaque.
650 1655 843 1727 scriptumest
858 1656 886 1712 in
937 1659 966 1706 et
979 1649 1111 1705 charitate
1125 1651 1240 1717 dilatati,
1257 1652 1302 1705 ulti
1316 1658 1358 1707 est
1371 1661 1398 1705 et
1410 1651 1551 1722 Denjarnin
1565 1654 1725 1710 adolescen-

96 1746 384 1806 liltroNumerorum:
402 1765 412 1799 c
430 1745 715 1816 Cumquecleraretur
727 1764 801 1813 arca,
814 1749 888 1804 dice·
938 1742 1013 1797 tulus
1027 1741 1054 1795 in
1074 1740 1173 1796 meritis
1196 1755 1323 1809 excessu,
1340 1741 1443 1797 scilicet
1464 1741 1566 1798 Paulus
1588 1744 1726 1814 apostolo-

96 1838 397 1914 menopeemsnrpe,
409 1837 535 1906 Domine,
552 1847 579 1896 et
602 1839 771 1912 dissipentur
783 1840 886 1895 inimici
937 1849 998 1888 rum
1024 1833 1156 1889 minimus
1187 1847 1275 1903 usque
1301 1833 1335 1889 ad
1361 1836 1470 1889 tertium
1495 1838 1594 1892 coeluum
1619 1847 1723 1909 raptus,

94 1936 145 2000 rui,
160 1943 193 1991 et
215 1933 331 2003 fugiant,
344 1933 394 2002 qui
416 1930 534 1988 Moruni
548 1941 584 2000 re,
604 1948 620 1987 a
642 1932 712 1989 facio
736 1943 792 1988 rua,
817 1933 886 1988 (lum
937 1925 1100 1994 dissipentur
1111 1925 1212 1979 inimici
1224 1925 1292 1994 ejus,
1307 1935 1332 1979 ct
1345 1925 1460 1997 frement,
1472 1928 1518 1998 pai
1531 1929 1641 1984 oderunt
1653 1948 1723 1999 uria,

95 2024 294 2096 deponeretur,
308 2020 419 2078 aiebat:
434 2019 589 2087 Repetam,
605 2020 730 2088 Domine,
743 2023 776 2077 pd
792 2023 887 2077 multi.
937 2032 954 2069 a
966 2016 1114 2087 [dcieejttm
1130 2015 1204 2087 qdod
1229 2014 1373 2071 etinctum
1397 2026 1449 2083 esi,
1473 2019 1544 2075 etdt
1561 2028 1587 2075 ei
1602 2021 1627 2076 in
1643 2021 1726 2077 [illem

95 2116 221 2172 tudinem
236 2114 375 2170 exereitus
391 2111 475 2169 lsrael
491 2110 586 2184 (Nem.
600 2128 627 2180 x,
641 2113 686 2180 55,
701 2114 773 2186 56).»
787 2113 886 2169 Levata
936 2106 1029 2162 saeculi
1041 2122 1128 2177 unpue
1140 2107 1174 2162 ad
1187 2117 1405 2163 consummatam
1417 2109 1559 2166 uictoriam
1573 2111 1643 2167 dett
1655 2112 1724 2168 Cum

93 2206 181 2273 nube,
195 2203 369 2261 moventibus
389 2212 479 2261 eastra
497 2203 678 2275 principibus,
703 2202 810 2276 Moyses
829 2220 887 2275 per-
936 2207 1038 2285 argtum,
1054 2218 1065 2253 r
1083 2201 1180 2271 iuquit,
1197 2202 1402 2273 «deponeretur
1414 2219 1488 2270 area,
1499 2205 1722 2280 aiebatlloyses:

94 2295 202 2352 sistens
224 2295 255 2351 in
278 2294 510 2365 contemplatione
532 2294 696 2365 exemplaris
716 2293 787 2364 ejus,
813 2294 887 2364 quod
937 2290 1477 2363 Reuertere,Domine,admultitudinem
1493 2299 1628 2356 exercitus
1643 2299 1725 2357 lsrael

92 2388 131 2443 illi
144 2387 309 2444 ostenderat
319 2386 464 2456 Dominus,
476 2396 507 2445 ut
518 2403 589 2459 saepe
602 2398 728 2459 repetens
741 2388 798 2444 hoec
809 2387 886 2442 Scri·
935 2381 1032 2454 (Num.
1052 2400 1079 2451 x,
1092 2383 1148 2454 56).
1167 2405 1176 2437 i
1195 2384 1228 2441 lit
1251 2386 1304 2444 hoc
1319 2388 1412 2459 utique
1427 2388 1482 2453 liet,
1500 2405 1563 2444 cum
1585 2391 1725 2461 plenitudo

92 2489 176 2552 ptura
193 2488 322 2550 testatur,
336 2497 426 2551 surpe,
438 2480 536 2552 lnquit,
550 2480 767 2547 Domine,·sire:
783 2479 886 2535 linsnr·
936 2478 1057 2548 pontium
1071 2477 1273 2535 srrliintrarerit.
1301 2478 1378 2535 Tune
1395 2482 1467 2536 euim
1486 2480 1619 2540 Dominus
1643 2483 1677 2539 ad
1692 2485 1726 2540 il·

92 2582 136 2639 pes
152 2568 241 2637 Deris,
266 2579 292 2624 et
316 2569 481 2640 dissipentur
503 2569 606 2624 inimici
631 2569 701 2640 ejus.
726 2566 794 2624 Nam
822 2571 886 2626 lrino
936 2570 993 2626 lum
1015 2572 1152 2627 carnalem
1173 2570 1256 2628 lsrael
1275 2583 1434 2641 retentetur,
1450 2583 1481 2630 ut
1494 2590 1528 2630 er
1543 2575 1584 2632 eis
1603 2576 1726 2648 reliquie

91 2659 274 2730 principium,
288 2659 354 2716 ltine
367 2660 506 2718 eoelmteto
522 2659 604 2715 habet
621 2676 734 2717 causam
754 2661 811 2716 sire
828 2677 886 2716 nra·
936 2661 1085 2717 salnentnr.

92 2750 195 2806 uriam
214 2750 337 2822 psalmus
352 2751 415 2818 iste,
441 2751 521 2821 cnjus
544 2751 653 2807 initium
666 2765 725 2808 est:
751 2751 885 2824 Eesurput
939 2759 948 2778 ·
971 2753 1126 2809 Notandum
1147 2768 1210 2808 roro
1225 2753 1298 2823 quod
1314 2754 1341 2809 in
1357 2754 1409 2810 hoc
1429 2755 1535 2823 psalmo
1555 2756 1640 2811 multa
1655 2772 1727 2827 sape

92 2839 176 2909 Deus,
203 2851 230 2897 et
254 2842 416 2912 dissipentur
440 2841 543 2896 inimici
564 2841 633 2911 ejus,
657 2850 683 2896 et
710 2842 825 2913 sapiunt,
839 2842 885 2913 pai
937 2845 1028 2901 dictus
1041 2845 1177 2916 preliator
1188 2845 1259 2898 inter
1271 2859 1346 2915 spent
1360 2855 1387 2899 et
1398 2857 1499 2901 tttdluttl
1511 2856 1619 2902 certans
1630 2858 1726 2903 consa

93 2934 209 2990 merent
234 2950 306 3001 eoin,
332 2949 349 2988 a
374 2933 443 3004 {acie
467 2933 535 3003 eius.
560 2932 622 3001 Quo
645 2931 717 2989 Deus
738 2904 920 3004 exsurgatlc
938 2937 1025 3009 legem
1050 2937 1235 2991 merulrrorum
1258 2936 1482 3006 inveniendum
1501 2948 1612 3008 pugnet,
1626 2939 1728 3009 quilius

93 3022 158 3082 llluc
169 3025 280 3096 utique,
292 3041 348 3097 quo
359 3033 582 3081 exsurrecturum
596 3025 672 3080 illum
684 3025 772 3080 nubes
782 3026 885 3081 elevata
938 3029 1047 3084 hostem
1063 3028 1153 3094 teniat,
1170 3027 1296 3099 llagellet,
1317 3028 1408 3088 eli'at.
1427 3028 1563 3084 incendat.
1579 3029 1727 3103 Emerpot,

91 3119 207 3190 figunt.
220 3117 280 3175 lioo
295 3133 393 3190 nempe
408 3118 435 3173 in
456 3116 602 3174 Psalmista
617 3118 792 3190 propheticus
805 3134 885 3174 seru·
938 3120 1037 3190 inquit,
1056 3119 1138 3185 Deus,
1158 3129 1183 3174 et
1197 3120 1359 3187 dissipentur
1373 3121 1474 3175 inimici
1486 3122 1554 3191 ejus,
1570 3132 1595 3177 et
1609 3123 1726 3194 stipent,

92 3218 167 3268 tatus
195 3207 317 3282 Spiritus
330 3211 397 3282 quid
418 3211 473 3268 silti
495 3212 570 3278 uelit,
592 3212 666 3283 quod
685 3213 789 3267 eleuata
814 3211 886 3267 nulre
935 3212 981 3283 qui
992 3212 1103 3267 odereent
1115 3228 1186 3277 cunr,
1198 3228 1214 3266 e
1225 3212 1293 3283 [urie
1304 3213 1373 3283 ejus.
1388 3211 1464 3268 Sicut
1478 3214 1567 3284 deficit
1578 3214 1666 3284 [umus
1680 3216 1728 3271 de·

91 3301 334 3373 principiorum
346 3309 486 3358 mouentes
497 3302 723 3373 prulleiueontur:
738 3301 886 3358 decendisti
935 3305 1050 3376 ficiunt:
1073 3306 1142 3359 sient
1162 3306 1222 3375 duit
1243 3322 1303 3361 cero
1328 3306 1428 3377 eserie
1449 3307 1535 3378 ipris,
1560 3307 1600 3362 sic
1619 3316 1727 3378 percutit

92 3395 233 3460 insitum,
245 3395 345 3465 iuquit,
358 3396 451 3465 cepisti
466 3395 657 3466 captivitatem,
676 3395 800 3465 occepisti
816 3394 886 3448 dono
935 3406 1084 3466 peccatores
1108 3414 1125 3450 u
1149 3397 1217 3468 socie
1236 3396 1297 3466 Dei,
1316 3407 1369 3454 etc.
1390 3397 1452 3455 llaec
1477 3414 1595 3469 namque
1612 3399 1729 3456 fideliter

94 3486 304 3541 intensioribus.
322 3487 363 3543 de
377 3486 506 3558 deinceps
523 3487 551 3542 in
573 3487 715 3558 presencie
732 3487 784 3542 loci
803 3501 886 3543 seusu
936 3483 1009 3541 dieta
1030 3486 1108 3540 velot
1134 3487 1280 3541 comitatur
1293 3486 1414 3552 effeetus,
1435 3496 1463 3543 et
1478 3488 1551 3544 velut
1562 3499 1728 3558 exsurgente

94 3581 213 3651 mystico
227 3578 388 3649 persistens,
406 3579 537 3643 uiderunt,
553 3578 651 3648 inquit,
669 3580 800 3650 inpressis
815 3587 884 3645 tuor,
936 3574 992 3631 Deo
1005 3575 1179 3647 fugientum
1194 3577 1311 3632 oderunt
1322 3592 1396 3641 eum,
1406 3576 1517 3647 ntnligui
1534 3578 1647 3647 spiritus
1662 3593 1725 3633 eum

94 3669 176 3739 Deus,
191 3671 327 3742 inpressos
338 3671 388 3726 Dei
400 3672 460 3737 urei,
472 3671 539 3742 repis
554 3672 615 3738 mci,
630 3672 724 3742 puiset
735 3674 762 3726 in
782 3681 884 3726 sancto.
936 3666 995 3723 suis
1009 3667 1231 3737 suggestionibus
1246 3677 1276 3723 ut
1293 3666 1386 3723 luimus
1406 3668 1573 3733 stolidorum,
1590 3680 1618 3725 ut
1633 3686 1694 3725 cera
1709 3686 1726 3726 a

93 3761 286 3818 Praetereunt
303 3764 438 3834 principes
449 3763 583 3833 conjuncti
601 3763 777 3835 psallentibus
792 3765 820 3818 in
833 3780 887 3819 nie·
936 3756 1007 3814 socie
1035 3758 1107 3830 ignis
1132 3759 1292 3816 defluentes.
1317 3759 1351 3815 Et
1376 3776 1410 3816 ue
1434 3760 1504 3816 torre
1528 3762 1654 3832 desperet
1676 3760 1726 3816 Dei

92 3855 136 3908 dio
156 3853 365 3922 inarticulatum
389 3856 647 3924 rpmpurduriurum.
679 3854 722 3909 iii
746 3855 886 3925 Deujurnin
936 3850 1026 3918 miles,
1041 3851 1065 3906 si
1089 3851 1154 3921 quid
1178 3852 1315 3908 incautius
1340 3852 1445 3923 agendo
1463 3869 1610 3924 perpessus
1630 3863 1684 3917 est,
1702 3853 1727 3909 sl

92 3947 310 4004 ementulari
329 3946 356 4001 in
379 3947 473 4001 uterttis
493 3963 610 4002 excessu.
635 3945 774 4015 Principes
800 3947 885 4013 iudo,
936 3942 1029 4012 aliquo
1041 3953 1152 4013 peceato
1163 3944 1322 4000 uulneratus
1333 3955 1385 4011 est,
1397 3946 1472 4000 audit
1483 3945 1535 4001 sibi
1550 3946 1726 4016 postmodum

92 4043 171 4097 c'sces
183 4041 437 4111 comprincipes
455 4038 586 4104 Zoiteion,
604 4040 736 4109 principes
751 4037 887 4110 liepirtlrn·
936 4038 1070 4093 dicentem
1086 4036 1218 4108 Spiritum
1234 4047 1383 4095 sanetum:
1408 4039 1478 4093 Deus
1501 4042 1529 4094 in
1546 4044 1602 4095 toro
1622 4050 1726 4107 sancto,

91 4133 148 4187 iim.
160 4131 277 4188 Tertius
288 4133 393 4188 aceedit
408 4131 564 4202 Apostolus,
581 4140 693 4204 totoque
707 4140 799 4186 amoto
812 4132 887 4187 tela·
937 4129 1019 4196 Deua,
1037 4130 1082 4200 piei
1096 4129 1244 4183 iniuriiture
1257 4130 1322 4200 [orit
1341 4130 1419 4183 arrius
1432 4131 1514 4184 morie
1524 4131 1551 4183 in
1565 4130 1652 4184 doure.
1673 4130 1727 4196 Qui

93 4224 166 4280 mitae
180 4238 300 4279 sermm
320 4223 466 4278 anitiorum
486 4222 603 4278 revelata
625 4222 695 4279 incie
712 4222 885 4279 manifestius
936 4221 1025 4275 educit
1046 4221 1146 4274 uinctos
1159 4221 1188 4273 in
1209 4218 1377 4288 fortitudine,
1393 4214 1518 4273 similiter
1535 4235 1589 4284 eos,
1604 4219 1649 4289 qni
1663 4236 1729 4274 cao-

92 4317 248 4387 eloquitur,
271 4331 333 4385 quae
349 4314 474 4370 uidelicet
496 4314 532 4370 sit
553 4315 669 4371 elevatio
692 4313 782 4380 uultis,
797 4322 824 4369 et
838 4315 885 4385 qui
900 4284 923 4339 ⁰
939 4318 1057 4380 sperant,
1080 4309 1125 4378 prii
1138 4307 1260 4360 lectitent
1279 4308 1307 4359 in
1326 4306 1465 4376 sepulcris.
1489 4304 1546 4362 lloe
1568 4322 1666 4378 nempe
1687 4308 1728 4363 sio

92 4416 252 4462 saeuorum
273 4405 454 4475 principatus,
470 4419 531 4475 quae
547 4403 674 4461 ascensio
697 4403 723 4459 iu
744 4405 840 4471 altum,
859 4413 887 4459 et
940 4400 1101 4457 factumest
1125 4398 1153 4454 in
1175 4396 1312 4453 uniuersis
1326 4396 1463 4468 gentibus,
1481 4408 1511 4454 ut
1535 4413 1589 4453 oon
1609 4399 1655 4467 sit,
1677 4413 1729 4454 eur

94 4515 155 4571 qua
182 4497 261 4554 dona
287 4499 316 4554 ie
339 4496 509 4553 homiuibus.
533 4516 543 4548 r
566 4495 759 4567 Unicuique»
788 4496 886 4567 iniquit,
937 4497 1148 4567 desperetuuus
1170 4496 1296 4560 t·inetus;
1322 4495 1534 4565 unusquamtis
1551 4494 1580 4549 in
1602 4495 1729 4565 sepulcro

97 4603 256 4648 «nostruin
280 4589 345 4646 data
374 4599 418 4647 est
442 4588 531 4662 gratis
553 4590 704 4645 secuudum
729 4603 886 4645 mensuram
937 4589 1218 4658 liabitans,quamtis
1243 4587 1348 4643 Lazaro
1370 4586 1474 4644 loetenti
1496 4594 1523 4641 et
1544 4587 1728 4656 quatriduano

93 4683 256 4740 muttonis
270 4682 382 4756 Clrripti.
392 4681 518 4753 pPropter
536 4682 609 4753 quod
626 4682 713 4737 dicit:
730 4681 887 4736 dependens
937 4680 1037 4736 merito
1053 4681 1266 4751 comparandus.
1281 4678 1389 4735 Titulus
1409 4687 1501 4733 auteur
1525 4677 1622 4747 psalmi
1646 4678 1729 4748 hujus

94 4776 120 4830 io
135 4777 227 4831 altum
253 4775 390 4846 captiuam
413 4774 493 4832 duxit
511 4773 710 4846 captivitatem,
727 4772 802 4829 dedit
814 4772 887 4827 dona
937 4781 999 4829 est:

93 4867 268 4923 hominibus.
280 4866 315 4922 tr
327 4867 386 4939 ipae
405 4866 481 4922 dedit
492 4867 626 4937 quosdam
638 4865 749 4937 quidem
768 4864 887 4935 dposto-
977 4856 1057 4914 iens.
1073 4858 1099 4913 l.
1114 4857 1142 4914 ln
1154 4873 1234 4913 runnu
1248 4856 1371 4913 Pentros
1385 4858 1484 4913 cantici
1498 4856 1596 4912 Dauid.

93 4957 144 5024 los.
163 4958 305 5029 quosdam
329 4958 487 5029 prophetas,
512 4957 582 5014 alios
606 4970 672 5013 tero
695 4955 885 5027 etarrpelistas,
975 4949 1072 5019 ligitur
1087 4949 1132 5003 lrie
1154 4948 1189 5004 de
1203 4948 1367 5004 exaltatione
1383 4949 1479 5019 eapitis
1495 4948 1599 5005 Christi
1617 4948 1660 5005 nel
1675 4948 1730 5005 Ec·

91 5046 162 5104 aiios
181 5057 279 5102 autern
294 5056 420 5119 pastores
432 5057 460 5103 et
475 5048 604 5104 doctores
616 5047 651 5101 ad
671 5048 887 5102 consummatio·
938 5041 1029 5098 elesius
1040 5049 1068 5096 et
1078 5040 1276 5106 membrorum,
1293 5048 1320 5095 et
1331 5039 1505 5096 inimieorum
1521 5040 1672 5110 dejectione
1685 5038 1730 5092 hio

93 5156 153 5196 uem
166 5140 371 5196 sanctorumin
382 5155 451 5211 opus
465 5139 621 5206 ministerii,
638 5139 665 5194 in
680 5139 887 5195 aedificationem
938 5142 966 5189 ct
980 5134 1009 5188 iu
1037 5131 1140 5199 futoro,
1167 5133 1219 5188 bno
1241 5133 1402 5197 intentione,
1425 5142 1455 5187 ut
1476 5132 1564 5187 malos
1583 5138 1684 5184 terreat
1697 5142 1730 5184 ao

92 5233 223 5304 corporis
244 5230 349 5289 Christi
370 5230 478 5304 (Epiros.
494 5248 531 5297 rt,
551 5231 641 5303 idi).
657 5250 666 5283 t
687 5229 821 5302 Desarpot
835 5231 887 5301 igi·
938 5226 1027 5281 bonos
1042 5224 1169 5279 lotilcet.
1186 5222 1264 5280 Unde
1276 5235 1304 5280 et
1317 5225 1344 5279 in
1361 5225 1440 5279 titillo
1451 5234 1478 5278 ct
1492 5223 1520 5278 in
1535 5221 1642 5293 psalmo
1657 5220 1743 5278 mul·x

90 5333 137 5380 aar
149 5325 237 5392 Dm,
250 5325 277 5382 id
290 5335 342 5394 ost,
356 5325 486 5382 ascendat
499 5324 526 5380 in
541 5325 628 5380 alium
646 5323 784 5392 christus,
801 5333 829 5380 er
841 5341 888 5394 per
938 5318 1067 5389 tiplieiter
1085 5325 1178 5371 ruouet
1189 5327 1217 5371 et
1231 5326 1322 5372 mente
1333 5316 1471 5371 exsultare
1485 5324 1512 5370 et
1526 5328 1620 5383 opere,
1639 5311 1731 5382 primo

90 5414 163 5471 istos
180 5414 408 5486 principea,·oui
432 5415 536 5470 elevata
557 5413 631 5468 nulle
654 5413 747 5468 carnis
769 5414 830 5483 eius
853 5413 886 5468 ad
939 5408 1059 5464 breviter
1071 5416 1195 5476 tangens,
1210 5422 1272 5476 quta
1292 5413 1354 5476 post
1367 5406 1451 5460 iatius
1473 5404 1601 5473 explicat,
1624 5402 1731 5458 seilioet

90 5522 144 5566 nos
165 5506 250 5564 missi
274 5507 498 5578 prolloiscuutur,
518 5521 569 5576 per
588 5503 737 5575 apostolos,
752 5506 888 5575 onningeli-
939 5504 1132 5562 exaltationem
1153 5497 1267 5565 Christi,
1290 5507 1318 5554 ii
1340 5497 1519 5569 deitiiiffliffl
1541 5495 1729 5561 inimieorum,

90 5606 161 5666 uss,
177 5597 340 5670 prophetas,
352 5597 487 5665 doctores,
503 5604 585 5668 atque
596 5605 735 5667 pastorem
748 5609 796 5665 per
808 5594 886 5661 istos,
939 5595 1075 5651 botrorum
1087 5593 1202 5665 gratiam
1218 5599 1246 5646 et
1268 5590 1387 5646 laetitiam
1410 5589 1455 5645 lrie
1468 5598 1495 5644 et
1508 5588 1536 5643 in
1559 5586 1662 5645 loturo.
1680 5585 1731 5642 Sc-

90 5687 225 5761 ioquam,
238 5689 378 5761 principes
394 5687 474 5760 iuda,
498 5669 635 5759 principes
659 5684 793 5753 Zabulon,
811 5687 887 5757 prin·
940 5685 1031 5742 eundo
1044 5685 1078 5741 de
1090 5685 1173 5740 uerbo
1195 5682 1333 5753 Er'anpelii
1351 5682 1387 5738 ilii
1401 5702 1408 5738 ε
1424 5681 1506 5748 Deus,
1526 5697 1584 5737 rum
1595 5680 1730 5754 epredere·
