3892 6067
203 289 257 346 aas
683 261 835 343 osonum
854 264 1050 341 nnmnosni
1070 257 1345 344 nururtsnsrsno.
1772 255 1832 342 tro

203 398 424 469 pulchritudinem
434 411 524 452 eorum
533 395 599 451 dicit
608 409 699 451 aream
714 394 836 463 tader-ts,
842 410 891 467 per
905 409 988 466 quam
1003 396 1026 452 Α
1039 392 1158 465 uirgines
1182 394 1402 451 lamentabantur
1426 409 1508 465 snper
1534 392 1672 449 occisione
1688 381 1830 461 sitorum,

202 488 364 545 uldebantur
378 485 582 551 inuicti,etsibi
604 486 747 557 placebant
756 486 843 555 stulti,
858 496 885 543 et
898 486 925 542 in
938 486 991 542 hoe
1041 498 1091 540 neo
1112 499 1194 556 super
1208 485 1274 556 ipsis
1285 486 1383 556 prredae
1402 484 1522 542 hostium
1542 482 1675 555 expositis
1698 483 1834 540 launoma-

203 576 317 647 droepti,
332 574 403 647 quod
417 575 548 646 putabant
566 576 660 633 sedere
677 574 762 633 boum
782 591 863 648 super
885 575 991 632 Cheru·
1040 574 1141 630 bantur
1154 575 1205 630 uiri
1220 576 1340 647 undique
1351 585 1468 632 terrente
1479 575 1540 632 illos
1552 583 1625 631 ruetu
1638 574 1740 630 hostili.

203 670 259 724 birn
281 667 315 724 de
328 682 396 723 auro
412 666 568 725 conflatoet
595 682 783 739 superaream
811 666 912 737 posito,
926 681 989 723 eum
1075 662 1158 723 Varis.
1178 665 1224 722 64,
1243 666 1398 724 Sacerdotes
1423 666 1605 723 otiameorum
1622 662 1832 737 OphnietPhi·

203 760 294 816 throni
318 760 375 817 sire
385 759 545 828 Cherubim,
562 760 589 816 in
609 759 710 832 quibus
733 758 806 816 beus
827 758 933 815 habitat
957 772 991 813 ae
1045 772 1114 816 noes
1134 757 1161 830 (l
1179 758 1244 831 lleq.
1263 775 1300 826 rr,
1313 759 1358 830 19)
1369 760 1398 814 irr
1420 758 1510 831 plodio
1526 758 1687 824 oeciderunt,
1702 765 1729 812 et
1743 756 1833 812 aiduoe

203 850 369 919 sedetjmta
390 847 483 905 illud:
508 857 535 902 'r'
549 848 603 916 Qui
629 850 708 906 sedes
718 863 801 920 super
829 846 989 915 Cherubim,
1039 866 1129 905 eorum
1147 866 1198 906 non
1209 849 1393 922 plorabantur,
1415 850 1481 922 quia
1499 864 1554 906 non
1568 848 1682 906 vacabat
1696 848 1723 903 in
1755 856 1832 904 tanta

203 936 379 995 manifestare
393 954 487 996 eoram
501 937 630 1011 Ephraim
643 938 731 1010 (Paul.
745 954 838 1005 trata,
851 939 909 996 iet
918 938 957 1011 5),
977 956 988 992 r
1040 943 1243 1014 perturbatione
1263 957 1312 1013 per
1325 950 1471 998 consuetos
1496 941 1622 1012 planetus
1634 941 1768 995 honorem
1789 937 1834 994 lu-

204 1027 317 1099 spfrttar
330 1030 446 1101 angelici
460 1029 525 1098 sint,
537 1029 631 1087 obbae
647 1029 739 1086 throni
755 1030 798 1086 rel
808 1030 888 1088 sedes
900 1029 991 1086 nomi·
1041 1033 1153 1090 neribus
1170 1032 1308 1090 exhihere.
1324 1033 1371 1099 Sic
1382 1042 1410 1089 et
1428 1031 1502 1099 mali,
1516 1031 1632 1089 rebelles
1657 1028 1725 1101 ileo,
1737 1031 1832 1088 traditi

100 1185 107 1194 ‘
203 1119 271 1183 nati,
287 1120 360 1191 quod
382 1121 411 1176 in
429 1121 470 1177 eis
482 1121 599 1192 quiescit
622 1129 724 1178 :eterna
747 1122 879 1193 sapientia
897 1120 991 1193 dispo-
1040 1124 1184 1195 aliquoties
1196 1123 1223 1179 in
1238 1139 1337 1181 manus
1359 1124 1462 1181 diaboli
1477 1123 1598 1196 undique
1627 1122 1834 1195 insurgentibus

204 1225 274 1266 uerus
287 1209 380 1267 omnia
408 1211 528 1267 suaviter
541 1220 569 1268 et
579 1211 707 1281 iudicans
734 1210 989 1268 tonsuratorum
1041 1218 1236 1275 tentahonibus
1247 1227 1376 1288 tanquam
1392 1216 1536 1289 allophylis
1559 1199 1725 1272 clauduntur
1739 1214 1766 1270 in
1782 1230 1833 1272 oe-

203 1300 306 1369 grands
320 1297 491 1358 luitlsraelis
519 1301 706 1373 opprobrium,
717 1302 791 1374 quod
817 1301 863 1358 illu
873 1302 991 1359 visibilis
1041 1312 1172 1370 cisiqncm
1193 1309 1301 1365 animae,
1314 1308 1381 1364 Nam
1404 1309 1473 1379 iqrrr's
1493 1305 1721 1384 concupiscentiae
1750 1306 1836 1361 male

203 1396 283 1462 Area,
297 1397 450 1453 licetmanu
465 1396 546 1465 laeta,
560 1398 587 1453 in
599 1414 697 1456 manus
707 1398 879 1456 inimieorum
892 1398 991 1457 tradita
1041 1401 1154 1459 eomedit
1160 1401 1268 1472 juvenes
1282 1408 1310 1456 et
1331 1397 1425 1456 lortes.
1449 1396 1610 1455 Sacerdotes
1623 1396 1705 1452 etiam
1734 1410 1834 1451 saeer-

203 1485 255 1540 lnit
268 1496 378 1555 propter
391 1495 502 1556 peecata
526 1487 669 1559 populi,et
684 1489 804 1544 maxime
818 1489 990 1546 saoerdotum
1040 1494 1151 1551 dotibus
1161 1490 1297 1562 praedietis
1308 1488 1466 1547 consimiles
1490 1486 1518 1542 in
1545 1483 1636 1558 gladio
1663 1483 1762 1541 cadunt
1786 1483 1833 1538 sui

203 1576 255 1631 sub
268 1586 399 1647 pretenta
414 1577 498 1636 diuini
512 1580 637 1651 obsequii
651 1596 709 1639 sue
732 1582 863 1653 auaritia,
878 1600 940 1657 que
949 1594 993 1643 est
1041 1581 1098 1638 oris
1111 1581 1195 1638 uerbo
1207 1579 1417 1646 condemnandi,
1441 1577 1498 1633 sire
1512 1574 1576 1648 quia
1600 1575 1671 1634 malo
1692 1574 1837 1630 doeentut

203 1668 337 1725 idolorum
360 1670 488 1739 servitus,
514 1671 718 1743 famulantium,
739 1673 883 1731 etlamam
911 1692 991 1734 suam
1044 1672 1245 1740 haeretiei,siue
1269 1671 1333 1742 qnia
1356 1671 1424 1728 hene
1448 1670 1577 1726 dooerrtes
1599 1665 1669 1720 rnalo
1683 1664 1776 1719 uiuunt
1798 1670 1838 1717 ut

202 1761 369 1832 usqueadeo
384 1763 588 1834 negligentium,
603 1773 634 1822 ut
653 1775 764 1837 proptor
778 1782 873 1824 eorum
886 1777 991 1841 turpem
1045 1764 1287 1838 pseudopropheta
1301 1778 1334 1819 ao
1361 1759 1592 1833 pseudoapostoli,
1622 1773 1670 1814 sou
1692 1754 1774 1811 etiam
1799 1763 1838 1808 ut

202 1852 438 1909 conversationem
461 1854 637 1912 detraherent
649 1859 774 1916 nomines
785 1861 920 1918 sacrilleio
933 1861 991 1919 bei.
1044 1855 1148 1914 Scribe
1161 1870 1193 1911 aa
1207 1852 1350 1922 Pharisaei,
1363 1853 1463 1925 quihus
1481 1850 1611 1907 Dominus
1622 1847 1706 1905 dicit:
1725 1865 1736 1899 r
1753 1843 1836 1912 ero-

202 1942 277 2010 Quos
288 1944 351 2015 quia
376 1955 452 2015 pater
476 1945 600 2018 ipsorum
624 1950 752 2007 sacerdos
765 1948 825 2006 lleli
840 1967 895 2008 non
910 1952 992 2025 digno
1042 1948 1125 2005 modo
1138 1946 1250 2018 potestis
1264 1945 1334 2001 hona
1349 1944 1435 2016 loqui,
1450 1958 1513 1999 eum
1528 1941 1588 1999 sitis
1599 1940 1682 1996 mali?
1695 1957 1705 1991 r
1719 1936 1835 2008 (batth.

202 2051 225 2089 or
237 2051 258 2090 r.
266 2035 345 2105 ipuit,
355 2046 383 2092 et
391 2037 459 2106 ipse,
468 2036 566 2092 tlliisin
574 2037 833 2112 bellointeremptis,
845 2041 991 2099 rindietanr
1043 2056 1092 2107 sn,
1117 2038 1176 2109 δι.)
1202 2036 1289 2093 i'ultis
1303 2036 1408 2104 audire,
1430 2049 1485 2107 quo
1510 2033 1600 2106 gladio
1614 2030 1687 2087 rerbi
1707 2037 1848 2098 suntor:-¹

204 2124 252 2181 tut
265 2143 319 2184 non
333 2127 429 2183 malr.
444 2127 567 2202 Namque
591 2130 686 2187 audito
700 2132 798 2189 nuntio
809 2131 842 2190 de
857 2143 944 2190 morte
957 2136 991 2191 ll-
1042 2130 1092 2187 oisi
1104 2129 1146 2185 rol
1156 2128 1296 2186 occidendi
1318 2127 1407 2184 tales?
1433 2145 1442 2178 r
1465 2124 1549 2190 Bone,
1561 2122 1661 2196 iuquit,
1686 2120 1838 2193 propheta-

202 2219 301 2277 liorum
314 2230 341 2277 et
352 2221 386 2277 de
395 2222 551 2294 captivitate
574 2225 689 2282 aream
706 2227 773 2283 solta
786 2235 936 2285 retrorsum
947 2244 993 2285 cr.
1043 2220 1081 2276 uit
1093 2220 1127 2277 de
1138 2219 1219 2276 vobis
1233 2218 1318 2275 lsaias
1345 2217 1477 2290 propheta
1504 2214 1598 2272 dicens
1615 2231 1623 2271 ι
1638 2211 1758 2284 Populus
1786 2210 1838 2266 hie

202 2309 270 2366 dens
289 2310 550 2376 lraotisrerrioibus
573 2325 761 2375 mortuusest.
788 2317 862 2375 Uxor
883 2337 993 2393 quoque
1042 2311 1122 2368 labii!
1138 2325 1182 2367 ¹¹10
1201 2311 1328 2378 Ιιθιιθῐιῑ,
1349 2325 1397 2366 00?
1410 2318 1502 2366 aulem
1526 2323 1620 2365 eorum
1642 2306 1722 2377 ¹0¹¹l⁰
1743 2312 1789 2360 ⁰⁵¹
1817 2320 1836 2360 ²

202 2400 320 2458 Phinees
334 2406 458 2475 proxima
471 2406 574 2478 partui,
591 2409 695 2478 audito,
708 2409 781 2482 quod
790 2420 994 2470 mortuusesset
1043 2417 1087 2458 ¹⁰0
1112 2400 1221 2475 (Hllllh
1236 2416 1284 2467 xl,
1296 2400 1323 2469 ⁷2
1343 2400 1382 2472 8)·
1399 2419 1409 2453 ⁸
1434 2398 1502 2468 0⁰5⁸
1517 2400 1570 2454 ¹¹⁰0
1583 2396 1668 2454 dicii?
1682 2393 1789 2451 verilis
1802 2405 1838 2449 ²³

202 2489 246 2547 uir
269 2494 340 2564 ejus.
356 2494 593 2556 inoumauitsein
603 2499 698 2557 dolore
711 2516 744 2559 ac
757 2503 871 2574 peperit,
891 2518 924 2561 ac
952 2504 993 2562 sic
1042 2494 1108 2561 nita,
1127 2505 1158 2549 ut
1189 2492 1262 2549 scias
1292 2491 1327 2547 ab
1350 2490 1403 2547 hao
1426 2505 1490 2545 uera
1515 2488 1571 2544 uita
1601 2487 1725 2558 elonqata
1748 2484 1837 2541 corda

202 2595 363 2644 mortuaest
377 2587 405 2659 (l
418 2587 481 2661 liep.
494 2605 531 2658 nr,
548 2592 605 2665 lb).
1044 2602 1103 2646 esse
1117 2592 1235 2651 mortua,
1249 2582 1397 2641 seeundum
1409 2579 1482 2654 quod
1498 2579 1556 2652 ipsa
1570 2579 1626 2635 rita
1650 2578 1717 2635 dieit
1729 2595 1736 2633 :
1750 2596 1759 2629 a
1775 2574 1839 2632 Cor

239 2675 327 2750 Super
341 2679 414 2737 hunc
434 2680 524 2737 loonm
542 2681 609 2740 dicit
632 2684 729 2742 marus
743 2685 890 2760 Gregorius
905 2690 962 2762 (3¹1)
982 2709 991 2749 ς
1042 2687 1240 2739 automeorum
1253 2676 1389 2747 longeest
1405 2687 1487 2728 ame.
1510 2689 1520 2724 r
1540 2668 1659 2742 Virpiuer
1673 2668 1754 2725 etiarn
1766 2682 1837 2724 eor-

204 2765 236 2821 ln
254 2767 435 2838 eaptr'riroteru
453 2771 537 2827 uirtus
546 2780 572 2827 et
590 2764 759 2843 pulchritudo
781 2778 810 2832 irr
822 2795 915 2836 masur
937 2782 992 2836 ini·
1042 2789 1118 2847 poro,
1133 2788 1188 2827 non
1204 2768 1311 2841 spiritu,
1323 2764 1493 2838 corruptioni
1516 2762 1648 2835 expositae
1674 2777 1730 2817 non
1749 2769 1838 2815 eruut

203 2856 402 2929 mioltruditur,
418 2877 477 2915 curn
492 2862 606 2934 decepte
620 2866 701 2922 ruenti
720 2870 937 2941 antiquuslrom'r
960 2887 995 2928 ea
1043 2863 1224 2921 lamentandae
1241 2860 1269 2916 in
1284 2869 1360 2916 tenu
1380 2857 1533 2929 iniquitatis
1559 2854 1736 2923 abundantia,
1765 2853 1837 2925 quia

204 2946 265 3002 lorri
279 2963 365 3019 operrr
375 2951 490 3008 eloliorre
513 2955 675 3014 dominatur.
693 2955 759 3025 Qua
784 2971 871 3017 tamen
886 2964 993 3021 uirtutis
1044 2954 1212 3021 tolerabilius
1232 2962 1274 3009 est
1297 2950 1361 3020 illis,
1376 2966 1437 3007 esse
1449 2958 1592 3020 corruptas
1605 2963 1637 3004 ea
1653 2946 1835 3018 turpitudine,

202 3033 294 3105 elatio,
319 3041 437 3110 quamne
458 3042 534 3113 plene
547 3061 600 3099 nou
623 3055 741 3118 ruperat,
756 3058 887 3122 utrunque
907 3062 994 3109 tornea
1007 3055 1029 3114 c
1045 3061 1127 3121 quam
1144 3058 1215 3116 serpe
1228 3042 1351 3114 sequitur
1364 3040 1490 3098 conlusio
1520 3039 1724 3111 poenitonlialis,
1746 3053 1836 3110 quam

202 3134 228 3180 et
240 3126 382 3184 auroram
395 3146 463 3203 repe
469 3135 588 3191 animum
603 3140 818 3208 rontonnacum
829 3142 994 3214 destituitur,
1046 3149 1206 3210 permanere
1219 3134 1247 3189 in
1259 3148 1291 3189 ea
1303 3131 1426 3189 latuitate
1448 3131 1522 3188 salua
1530 3132 1653 3202 eorporis
1666 3129 1840 3201 nirqinitste,
1860 3151 1863 3158 ¹

203 3214 347 3273 dutltutur
361 3221 397 3274 orl
405 3222 572 3289 formidinem
586 3239 732 3287 reuocetur.
749 3230 819 3287 Iliae
829 3234 898 3289 errius
908 3235 996 3292 Ilooid
1045 3243 1095 3298 pro
1113 3242 1167 3298 qua
1180 3223 1384 3281 damnabunlur
1411 3222 1492 3280 latuae
1506 3222 1624 3295 uirgines
1637 3222 1727 3279 oleum
1740 3221 1769 3278 itt
1783 3236 1838 3279 ra-

204 3307 381 3366 iterurrr‘rliait
398 3328 408 3367 .·
424 3312 506 3389 «Ego
519 3316 575 3374 diri
595 3319 624 3374 ia
641 3336 701 3377 rnea
726 3323 893 3383 abundantia
912 3325 995 3384 :Non
1045 3319 1084 3375 sis
1109 3331 1164 3373 noo
1188 3317 1329 3374 hahentes.
1358 3313 1445 3373 Etiam
1463 3313 1504 3370 sie
1524 3315 1637 3386 rirqiner
1661 3329 1712 3368 nou
1730 3311 1838 3372 laurera·

205 3397 333 3454 monebor
346 3399 375 3455 in
389 3411 520 3464 aeternum
535 3405 621 3478 (sart.
638 3425 714 3478 narr,
727 3411 764 3484 l).
779 3433 788 3467 r
814 3412 866 3470 Sed
882 3417 945 3487 quia
960 3419 994 3475 dr
1046 3419 1146 3477 rantur,
1161 3417 1186 3464 et
1206 3407 1293 3464 uidua
1305 3405 1514 3477 annularentur,
1529 3413 1559 3461 nt
1586 3404 1721 3460 interdum
1732 3402 1838 3459 eaden-

204 3487 363 3559 confidentia
372 3493 476 3549 uirtutis
487 3497 620 3567 irrtumait,
633 3500 713 3569 paulo
724 3513 793 3575 post,
803 3506 866 3576 quid
875 3510 995 3578 pertulit,
1045 3502 1119 3559 tibus
1137 3500 1172 3557 de
1187 3509 1241 3557 tam
1265 3499 1320 3555 alto
1339 3497 1479 3569 proposito
1499 3496 1605 3555 aecidat
1625 3494 1724 3552 montis
1746 3493 1838 3553 obsti-

206 3578 612 3650 adp'rrrar'tnhrorlistilaeiem
623 3600 720 3651 turma
731 3611 786 3664 me,
796 3597 919 3657 ollactus
934 3616 995 3656 sum
1045 3598 1131 3665 natio,
1146 3612 1201 3668 qua
1227 3592 1418 3668 prepeditaeot
1430 3592 1563 3648 huluratae
1573 3599 1678 3647 mentes
1688 3605 1739 3650 nee
1749 3603 1837 3648 suurn

205 3675 383 3732 ⁰⁰¹¹¹¹li¹⁸i¹⁸¹⁸
392 3677 480 3748 (md-2
489 3680 527 3753 8).
540 3701 550 3735 r
563 3685 946 3758 rerumquererumque
955 3710 996 3748 me
1044 3690 1175 3746 damnum
1194 3687 1316 3760 lugeant,
1330 3700 1380 3741 neo
1392 3684 1454 3741 aliis
1466 3684 1499 3742 de
1514 3698 1544 3740 se
1557 3682 1683 3739 fiduciam
1694 3680 1836 3752 prebeant

205 3765 273 3820 inter
284 3768 394 3825 virtuter
405 3771 515 3841 credidi,
530 3775 689 3848 mequomo
700 3781 865 3851 infirmitatis
879 3783 940 3851 sim,
949 3785 996 3839 ‹le-
1046 3782 1184 3838 iruetuose
1196 3794 1246 3853 pro
1256 3778 1323 3850 ipsis
1335 3792 1416 3850 posse
1440 3777 1577 3849 lacrymas
1594 3773 1683 3841 laudi,
1696 3789 1757 3830 enus
1776 3788 1836 3830 nort

205 3854 313 3913 relictus
327 3861 430 3930 aquosi.
450 3861 519 3919 llius
531 3882 636 3923 morum
647 3870 734 3926 dicit:
749 3890 759 3924 r
774 3870 866 3928 iurari
874 3881 901 3931 ιι
912 3877 996 3933 statui
1045 3874 1112 3942 sint,
1127 3881 1158 3928 ut
1179 3871 1310 3937 Lazarus,
1332 3867 1458 3926 veritatis
1474 3867 1555 3923 antici
1586 3864 1628 3922 vel
1643 3864 1737 3924 amiam
1752 3863 1835 3934 taleS,

205 3950 343 4008 custodire
356 3952 458 4024 iudicia
472 3956 585 4028 justitie
597 3969 651 4019 ιιι
671 3963 757 4033 (Prol.
778 3981 873 4032 curin,
889 3968 962 4039 tuo).
983 3989 993 4023 r
1045 3979 1096 4020 nea
1111 3962 1228 4019 habeant
1238 3976 1347 4019 sorores
1357 3969 1403 4016 aut
1418 3958 1489 4013 ullos
1508 3957 1645 4013 debitores
1659 3969 1748 4026 prose
1762 3953 1835 4009 den·

206 4035 259 4093 Sed
279 4043 342 4113 quia
364 4046 422 4115 ejus
433 4049 529 4103 ιίνίιηι
548 4068 600 4107 noa
613 4062 672 4108 erat
689 4070 795 4110 munere
806 4058 833 4112 in
860 4060 994 4126 custodia,
1046 4066 1086 4113 tes
1100 4066 1127 4112 et
1141 4049 1351 4119 luleruedentes,
1381 4050 1437 4105 imo
1451 4057 1516 4103 sunt
1531 4048 1564 4104 de
1579 4060 1694 4103 numero
1710 4045 1833 4111 illorum,

205 4146 286 4200 qaam
302 4132 424 4204 jurabat,
456 4139 619 4199 aetttttarru
634 4159 710 4200 suam
733 4149 854 4217 protinus
873 4150 995 4207 turbatus
1044 4147 1079 4203 de
1100 4146 1200 4217 quibus
1222 4141 1329 4199 Veritas
1342 4142 1428 4198 dioit:
1447 4162 1457 4194 r
1477 4140 1542 4197 Sine
1568 4146 1692 4195 mortuos
1717 4137 1836 4209 sepellre

207 4220 313 4278 irruerit.
337 4223 412 4283 Unde
425 4229 559 4300 adprecor
584 4246 727 4305 reperiere
749 4239 863 4294 eontulit
879 4240 969 4296 dicens
985 4257 994 4297 .·
1044 4249 1167 4295 mortuos
1182 4235 1291 4306 (llatth.
1306 4251 1366 4301 unr,
1386 4234 1443 4305 22).
1461 4254 1471 4288 r

210 4308 400 4373 rllumiliatns
415 4332 477 4374 sum
494 4336 699 4394 usquequaque,
714 4326 818 4384 uivilloa
841 4346 884 4385 me
895 4346 995 4387 secun¹⁴
1082 4328 1165 4384 Vens.
1185 4328 1230 4383 65.
1251 4325 1479 4381 Eteacitatussrt
1498 4321 1765 4396 tarrquomrlorrniens
1777 4319 1835 4375 llo·

207 4400 273 4456 ¹¹¹¹¹¹¹
286 4405 399 4461 'elbum
415 4415 491 4462 ‘llum
504 4411 592 4481 (ilia,
605 4412 678 4482 ¹⁰7l·
702 4431 712 4466 ι
1011 4388 1033 4443 D
1049 4418 1144 4473 nrirrar.
1157 4414 1208 4470 llio
1224 4413 1343 4472 ostendit
1360 4397 1468 4485 poerram
1489 4413 1517 4469 in
1531 4410 1702 4468 aduersarios
1712 4425 1773 4466 esse
1786 4425 1834 4464 re-

243 4491 325 4552 tras.
341 4497 385 4552 62.
401 4497 436 4552 Et
452 4499 579 4555 corrrlusit
596 4502 622 4555 iu
641 4501 730 4572 qladio
752 4504 877 4575 populum
907 4524 995 4574 suum,
1046 4519 1156 4575 tortam,
1175 4522 1238 4563 cum
1251 4506 1317 4562 dicit
1328 4507 1418 4577 Asaplr
1434 4506 1594 4572 :Dominae
1617 4503 1665 4575 qut
1691 4502 1835 4558 ridebatur

205 4585 269 4654 qnia
284 4602 338 4642 una
349 4588 394 4644 die
408 4589 566 4646 ceciderunt
578 4591 611 4647 do
624 4593 724 4663 populo
740 4595 849 4665 triginta
862 4595 956 4663 millia,
967 4606 996 4653 et
1045 4611 1170 4673 tauquam
1181 4599 1324 4665 dormiens,
1349 4598 1414 4654 dum
1429 4599 1465 4655 ila
1478 4597 1648 4669 permitteret
1667 4609 1715 4651 eos
1738 4592 1833 4664 afiligi,

206 4674 388 4731 mmmm
406 4695 482 4733 *Μ
496 4681 603 4751 ‘lim‘-
627 4680 827 4750 floelssdl‘lsslemr
845 4699 927 4756 quarn
942 4686 994 4742 sibi
1045 4692 1116 4748 siout
1127 4700 1154 4747 et
1168 4705 1242 4746 nuno
1261 4687 1383 4747 dormire
1408 4688 1528 4755 uidetur,
1539 4688 1605 4743 dum
1617 4686 1700 4742 tradit
1712 4700 1778 4742 suos
1802 4685 1832 4740 in

205 4778 239 4818 ⁶¹
256 4766 384 4824 omnibus
395 4770 521 4839 gentihus
537 4772 652 4843 elegeras
667 4772 694 4829 in
716 4775 847 4844 populum
872 4777 994 4846 peculia·
1045 4780 1299 4838 manusodientium
1312 4780 1370 4837 sire
1387 4780 1555 4851 purgandos,
1566 4779 1624 4835 sire
1637 4775 1807 4834 damnandos
1823 4793 1832 4830 r

207 4867 275 4920 lem.
288 4855 465 4914 wieldlcll:
484 4859 633 4918 Hereditas
656 4881 713 4919 meo
732 4862 826 4919 lsrael.
836 4864 912 4923 liano
922 4883 996 4938 rpre-
1046 4873 1185 4942 Dominus,
1214 4873 1338 4944 inquam,
1362 4872 1514 4939 dominans,
1538 4872 1620 4927 etiam
1634 4871 1663 4925 irr
1675 4868 1760 4923 medio
1782 4868 1834 4922 irri-

207 4950 244 5005 rit
271 4961 327 5002 nou
351 4963 452 5004 curans
476 4967 537 5008 eam
563 4953 707 5012 defendere
730 4957 765 5013 ab
774 4957 894 5015 hostiurn
909 4957 994 5017 caede.
1045 4966 1173 5021 micorum
1182 4980 1300 5029 suorum,
1316 4963 1424 5019 tandem
1438 4963 1569 5018 saltarus
1598 4958 1832 5033 ertqemiuoola·

206 5036 274 5092 Nem
1047 5069 1132 5122 rnore,
1145 5054 1269 5110 uidelicet
1283 5051 1428 5118 Samuelis,
1443 5052 1615 5122 aliorumque
1638 5050 1711 5106 illius
1724 5057 1832 5120 tempo·

242 5127 324 5187 vm·
342 5130 386 5186 ⁰3·
400 5128 509 5188 '‘m“
520 5149 612 5187 ‘mm
630 5137 741 5191 “llll‘dl'l
753 5136 832 5209 iddio
846 5137 873 5195 Μ
887 5148 930 5196 esi
943 5138 998 5195 sor·
1047 5144 1086 5200 tis
1097 5143 1228 5211 bdelium,
1246 5144 1310 5201 licet
1336 5158 1499 5216 paucorum,
1513 5152 1540 5201 et
1559 5142 1679 5199 hostium
1696 5152 1791 5199 eontra
1802 5158 1834 5197 so

206 5220 329 5278 tissimus
350 5238 447 5279 eorum
468 5225 639 5295 consumpsit
669 5227 709 5282 ira
723 5239 750 5283 et
773 5228 850 5285 luror
872 5230 993 5287 bostium
1046 5250 1165 5307 suosque
1174 5236 1347 5308 gloriantium
1360 5244 1387 5292 ιι
1395 5235 1629 5303 cachinnantium,
1642 5249 1776 5308 suamquc
1785 5248 1833 5289 rr.

205 5309 299 5369 lurore
312 5312 371 5385 ipso
387 5314 460 5371 uolut
474 5316 536 5389 igne
548 5317 712 5375 ardentium.
725 5318 829 5379 Tantus
841 5331 931 5378 autern
943 5322 995 5378 lnit
1047 5342 1107 5383 eam
1123 5343 1178 5382 non
1194 5328 1262 5384 bene
1274 5328 1449 5384 tractantium
1472 5327 1536 5398 quia
1548 5341 1610 5382 eam
1631 5334 1781 5398 posuerunt
1802 5324 1833 5384 in

205 5411 295 5460 ΜΒ
314 5404 432 5474 ΙὶθὸῑῑΙῑῦ,
444 5408 516 5479 (1¹¹⁰tl
532 5408 644 5481 ιῐῐιὺῑθι
658 5428 747 5466 eorum
757 5429 807 5466 noa
822 5424 881 5468 tum
893 5413 996 5468 lamen·
1045 5419 1147 5491 templo
1161 5418 1253 5493 llaqon
1268 5420 1310 5477 dei
1322 5419 1393 5476 salsi.
1408 5418 1513 5487 Quibus
1526 5419 1619 5491 ntique
1637 5419 1833 5483 assimilantur,

206 5502 270 5550 tote
282 5495 360 5567 juxta
374 5499 598 5558 consuetudinem
617 5502 769 5571 funebrem,
781 5504 846 5575 quia
860 5520 911 5563 noc
928 5505 995 5579 ipsas
1046 5508 1094 5581 qni
1110 5524 1203 5567 arosm
1216 5510 1336 5579 loerloris,
1348 5510 1451 5570 seilicet
1473 5524 1573 5588 eorpus
1586 5509 1689 5568 Christi
1700 5510 1751 5568 deo
1761 5507 1838 5570 lalsu

241 5669 300 5740 (37)
313 5672 390 5728 Cura
403 5673 535 5732 Pastornl.
551 5686 622 5754 part.
639 5692 674 5732 rr.
