3892 6067
60 261 130 319 1353

350 370 466 430 corut
485 369 554 428 tlt.

57 530 184 604 Eriloprts
207 537 232 585 et
252 531 387 600 peroratio
398 528 513 585 Gerlrobi
533 529 567 584 od
579 529 731 587 chunonem
744 530 847 601 episco-

302 599 599 670 pumilotirbooenscnr.

92 778 124 836 Ut
137 781 220 839 etiarn
236 789 273 849 te,
289 783 474 838 oreneramle
489 783 589 854 presul
608 783 717 851 Clinno,
731 800 775 840 cur
794 785 847 841 boc

55 873 218 942 opusculum
243 871 300 928 lleo
324 873 461 929 tribuente
485 875 669 945 compositum
693 875 845 940 offerimus,

54 963 127 1020 circa
142 965 222 1020 linem
236 963 392 1035 specialiter
402 967 544 1034 alloquar3
560 982 651 1023 nonne
664 967 739 1024 luisti
753 979 846 1039 pastor

54 1060 156 1125 ovium,
174 1067 306 1115 strenuus
316 1058 421 1117 seilicet
436 1070 526 1116 rector
538 1062 759 1117 monachorum?
774 1078 845 1118 non-

53 1165 88 1205 ne
99 1151 126 1206 in
141 1150 300 1221 episcopum
314 1152 418 1207 electus
434 1161 461 1207 et
471 1152 551 1223 quasi
565 1169 615 1225 pro
630 1154 778 1210 multorum
801 1170 846 1210 sa·

54 1242 109 1299 lnte
134 1243 168 1298 ad
190 1259 310 1315 pugnam
332 1244 504 1311 destinatus,
531 1248 693 1304 vestimenta
715 1257 743 1303 ct
769 1262 845 1303 arma

53 1332 146 1390 Saulis
167 1334 292 1402 induisti,
316 1337 427 1407 quando
440 1337 518 1407 iuxta
534 1354 639 1395 morem
660 1340 846 1410 predecesso-

51 1440 112 1479 rum
133 1434 254 1491 tuorum,
273 1441 327 1480 nou
344 1426 519 1496 antiquorum
536 1429 584 1484 sed
605 1429 800 1485 modernorum
817 1439 846 1486 et

51 1514 252 1584 proximorum,
266 1516 366 1572 milites
378 1533 411 1573 ac
423 1517 560 1588 principes
573 1519 600 1573 in
617 1519 768 1576 hominium
783 1537 845 1579 sus·

49 1608 157 1677 cepisti,
176 1607 256 1678 quasi
280 1623 327 1680 per
349 1609 416 1667 tales
438 1620 533 1667 contra
549 1610 683 1667 mundum
705 1622 844 1686 pugnatu-

48 1712 100 1753 rus
121 1714 154 1754 ac
178 1700 398 1771 triumphaturus
420 1704 514 1760 esses?
528 1702 634 1770 Quibus
651 1712 881 1778 tanquamar-13

48 1791 104 1846 nris
126 1791 174 1846 tibl
194 1808 279 1863 parvo
299 1803 327 1849 et
340 1795 367 1849 in
382 1795 442 1851 solo
460 1793 516 1851 [leo
528 1797 675 1853 conlldenti
688 1813 743 1854 non
769 1814 843 1856 com·

47 1884 205 1953 petentibus
220 1886 328 1957 gravari
342 1895 369 1941 et
385 1888 511 1959 impediri
525 1898 552 1945 te
566 1890 662 1957 sentis,
675 1902 702 1948 et
715 1892 839 1949 senties:

46 1974 73 2030 si
99 1990 155 2030 non
177 1975 231 2031 illis
253 1977 385 2048 depositis
402 1989 429 2035 ιι
442 1981 533 2036 etatis
557 1983 706 2052 pastoralia
733 1992 841 2042 tantum

45 2067 234 2124 instrumenta
258 2085 401 2139 resumes;
425 2088 486 2143 quae
499 2082 533 2137 ,et
546 2082 626 2132 antea
642 2085 752 2148 portare
774 2095 842 2137 eoo·

44 2175 190 2222 sueveras.
205 2164 316 2232 quando
327 2165 402 2220 nullo
413 2166 547 2236 principe,
561 2169 637 2225 nullo
651 2171 737 2230 milite
757 2174 842 2245 stipa-

43 2260 95 2306 tus
107 2254 281 2323 pastoraliter
295 2256 451 2314 incedebas.

83 2343 210 2400 Attamen
226 2362 280 2401 non
293 2349 400 2404 modica
414 2349 566 2408 differentia
591 2352 663 2409 inter
677 2353 754 2409 illum
775 2363 842 2413 tunc

42 2439 270 2494 monasterialem
295 2450 323 2496 ιι
347 2458 421 2498 nunc
436 2443 618 2514 episcopalem
636 2454 737 2502 statum
762 2456 840 2503 taum

41 2538 91 2586 est
115 2531 295 2588 observanda.
317 2532 394 2591 Tune
408 2535 481 2591 enirn
506 2537 614 2593 suffecit
629 2539 656 2593 iu
672 2542 839 2608 pastoralem

41 2635 143 2690 peram
160 2622 194 2677 de
209 2623 279 2679 lacte
291 2625 436 2695 coagulato
449 2627 517 2683 tales
530 2628 607 2684 cibos
624 2630 762 2701 colligere,
778 2633 841 2702 oui-

42 2711 101 2767 bus
124 2711 284 2769 innocentes
308 2724 336 2768 et
351 2714 490 2785 simplices
511 2716 654 2783 indicabas
676 2723 839 2791 pascendos,

40 2813 73 2861 et
89 2804 117 2858 in
129 2805 214 2859 robur
232 2805 312 2860 virile
325 2807 484 2863 nutriendos
495 2824 567 2866 esse.
584 2808 663 2866 Nunc
677 2826 753 2878 vcro,
775 2814 840 2882 qtria

40 2905 142 2953 eontra
157 2897 251 2951 mundi
264 2898 419 2966 superbiam
436 2909 610 2971 pugnaturus
625 2902 740 2968 incedis,
757 2903 840 2959 etiam

40 2991 153 3062 lapides
176 2991 386 3061 limpidissimos
405 2993 439 3048 dc
463 3009 534 3065 aqua
550 2996 700 3066 Scripturas
712 2996 840 3070 colligere

667 257 769 312 ttlltu
789 255 835 311 DE
855 254 1018 313 AEbtttcto
1037 255 1102 311 bel.

864 371 946 443 Aius
968 371 1082 425 introitu
1097 369 1163 440 quia
1183 378 1294 440 propter
1309 377 1420 439 peecata
1443 383 1503 423 mea
1527 365 1692 440 longorum

1621 250 1690 309 lost

898 461 1082 533 repellendus,
1098 462 1154 517 tuis
1174 468 1202 516 ιι
1215 461 1350 529 omilium,
1367 460 1415 532 qui
1430 461 1482 517 boc
1502 475 1574 531 opus
1594 457 1692 516 lecturi

898 563 973 621 sunt,
987 569 1055 623 rogo
1072 553 1196 624 adjurari
1218 553 1356 624 precibus,
1371 562 1401 609 ιιι
1415 552 1481 609 mibi
1503 568 1557 608 non
1573 554 1691 624 impote·

898 656 943 703 tur
956 656 1110 718 peccatum,
1125 645 1199 717 quod
1213 644 1302 701 loedns
1314 647 1470 716 pulcbruru,
1488 646 1692 700 contaminatus

898 737 1043 803 mttudum,
1066 747 1192 808 exparte
1217 738 1264 793 Dei
1291 737 1442 794 monstravi
1467 737 1623 794 aediticium.
1652 735 1691 791 lle

897 844 952 899 quo
971 829 1062 884 adbuc
1077 829 1155 900 plora
1169 840 1281 899 possent
1295 830 1454 895 monstrari,
1468 829 1491 885 si
1508 827 1615 899 alippis
1628 842 1691 882 cor-

896 920 939 977 dis
953 920 1008 976 mei
1030 922 1119 979 oculis
1140 931 1233 979 tantus
1259 922 1349 995 fulgor
1370 932 1463 994 posset
1488 923 1609 979 tolerari.
1636 919 1690 976 Sed

896 1023 973 1085 puto,
991 1029 1046 1069 oon
1061 1015 1181 1087 expedit,
1199 1023 1229 1070 ut
1246 1032 1262 1071 a
1281 1015 1362 1071 nobis
1382 1015 1496 1071 ulterius
1515 1014 1688 1085 procedatur,

896 1107 1028 1176 quoniam
1043 1123 1092 1178 per
1115 1116 1226 1165 sanctos
1246 1106 1343 1166 Patres
1367 1110 1555 1180 multipliciter
1576 1110 1611 1165 de
1637 1109 1689 1163 boc

895 1198 1011 1255 aetlillcio
1037 1209 1171 1256 tractatur
1188 1221 1195 1255 z
1211 1201 1258 1273 qui
1280 1201 1381 1257 docent
1405 1217 1546 1272 expresse,
1571 1201 1637 1273 quid
1661 1202 1689 1256 in

895 1307 929 1348 ιο
953 1294 990 1349 sit
1006 1293 1090 1350 turris
1114 1294 1198 1350 David
1220 1294 1351 1350 aedificata
1373 1311 1437 1351 cum
1459 1295 1687 1366 propugnaculis;

895 1386 961 1457 quid
992 1386 1076 1441 turris
1102 1385 1209 1454 Libani,
1238 1402 1301 1457 qua}
1326 1387 1438 1458 respicit
1463 1394 1559 1443 cotrtra
1590 1387 1689 1442 Dama·

895 1494 972 1535 scuto
986 1496 994 1544 ;
1011 1477 1077 1546 quid
1090 1487 1195 1534 caetcrte
1208 1488 1298 1533 turres
1318 1478 1481 1542 Jerusalem,
1497 1493 1559 1549 que
1572 1478 1689 1549 gemmis

894 1572 1082 1631 endilleautur:
1100 1570 1165 1640 quid
1187 1570 1306 1642 denique
1320 1570 1425 1638 omnia,
1444 1585 1506 1641 quas
1520 1570 1562 1625 vel
1577 1569 1604 1625 in
1619 1577 1688 1625 tem·

893 1663 940 1734 plo
964 1662 1007 1717 rel
1033 1662 1060 1716 in
1086 1660 1263 1717 tabernaculo
1291 1662 1441 1733 figuraliter
1466 1675 1688 1719 commemoran-

896 1765 951 1810 tur.

895 1899 902 1905 .
930 1847 1001 1904 Cum
1024 1861 1090 1920 erpo
1113 1847 1149 1904 de
1171 1846 1301 1902 omnibus
1323 1846 1384 1902 istis
1407 1844 1516 1903 abunde
1542 1860 1557 1900 a
1583 1843 1687 1900 sanetis

895 1951 1024 2006 Petrinus
1040 1957 1183 2016 tractetur,
1200 1948 1279 2014 mibi,
1293 1963 1387 2019 qrraeso
1409 1964 1425 2004 a
1445 1957 1482 2015 te,
1496 1945 1588 2011 Pater,
1613 1953 1642 2001 et
1652 1947 1688 2002 ab

894 2054 1023 2111 carnibus
1039 2056 1092 2109 boc
1105 2051 1268 2124 opusculum
1285 2052 1400 2108 lecturis
1412 2050 1493 2107 nenia
1514 2050 1686 2116 impetretur,

894 2157 979 2229 quod,
1005 2157 1069 2212 licet
1080 2155 1176 2227 jussus
1201 2164 1228 2211 et
1253 2154 1308 2210 tuis
1329 2156 1457 2225 precibus
1481 2162 1603 2222 coaetus,
1617 2169 1688 2226 prae·

894 2260 1000 2330 sumpsi
1029 2259 1126 2316 oculos
1151 2258 1240 2315 loedos
1265 2259 1292 2313 in
1322 2268 1426 2315 tantam
1454 2258 1685 2331 pulchritudinem

894 2359 1030 2427 attollere,
1042 2369 1124 2431 atque
1143 2360 1213 2417 banc
1232 2361 1294 2417 aliis
1314 2362 1401 2417 multo
1415 2376 1458 2417 me
1473 2360 1687 2432 sapientioribus

892 2468 921 2515 ιι
931 2459 1092 2515 melioribus
1109 2458 1310 2527 demonstrare,
1325 2477 1408 2531 quam
1423 2475 1474 2530 ego
1489 2460 1547 2531 ipso
1559 2461 1594 2517 de
1608 2460 1688 2531 longe

893 2575 1017 2630 aspicere
1028 2574 1082 2615 non
1098 2575 1159 2614 sum
1177 2558 1287 2631 dignus.
1301 2559 1355 2616 Nec
1369 2562 1403 2617 ad
1424 2576 1484 2616 earn
1498 2561 1686 2630 aspiciendam

893 2658 1067 2728 aliquatenus
1081 2657 1195 2714 inissem
1209 2658 1358 2725 admissus,
1374 2660 1427 2714 nisi
1442 2670 1516 2730 quou
1529 2675 1600 2730 sape
1612 2659 1686 2715 ludi-

893 2771 964 2827 gnus
982 2771 1015 2812 ac
1029 2757 1148 2828 degener
1168 2773 1275 2825 servus,
1292 2774 1345 2814 non
1368 2759 1543 2814 dominorum
1562 2773 1685 2814 mensam

894 2865 1074 2923 tractaturus,
1096 2857 1145 2914 sed
1158 2859 1292 2915 ministris
1308 2859 1398 2932 dignis
1421 2861 1456 2917 ad
1469 2877 1592 2917 mensam
1607 2877 1686 2919 scee-

892 2959 1022 3015 dentibus
1045 2959 1148 3031 aliquid
1170 2969 1233 3031 post
1259 2970 1366 3033 tergum
1391 2962 1634 3025 administraturus
1655 2964 1687 3019 iu

40 3081 235 3138 necessarium
251 3079 364 3138 babebis
383 3101 390 3138 :
415 3091 454 3152 ut,
469 3085 516 3155 qui
539 3085 573 3142 de
597 3087 772 3144 sanctissimo
793 3065 875 3160 pe-C
892 3071 1071 3131 c⁰¹¹⁵p⁹⁰¹¹¹¹¹¹
1087 3061 1263 3118 d⁰min⁰f¹¹¹¹¹
1279 3063 1441 3120 ²d¹¹¹³¹¹i¹¹¹¹'·
1458 3064 1510 3133 0¹¹³
1524 3074 1616 3122 “men
1632 3082 1684 3122 ⁸¹¹⁰

40 3174 134 3231 ctoris
149 3174 189 3228 tui
206 3177 378 3244 receptaculo
389 3177 525 3233 ‘doctriua
552 3180 638 3235 lactea
660 3197 715 3237 non
730 3193 841 3254 vegeta·
891 3162 1046 3218 mmmm
1065 3163 1201 3233 ⁰⁰¹¹¹P¹⁰¹⁰
1216 3180 1313 3221 ”⁸⁸⁰³
1329 3165 1363 3220 “d
1386 3176 1492 3223 mus
1506 3168 1684 3238 Wllndllfflr

43 3276 105 3333 tur,
118 3265 176 3330 sed,
195 3266 268 3337 quod
284 3266 362 3337 pejus
382 3277 435 3333 est,
451 3279 546 3325 contra
562 3270 744 3328 bumilitatem
764 3282 840 3330 tuam
891 3265 933 3320 tel
948 3264 1023 3320 aliod
1034 3264 1101 3320 utile
1118 3264 1237 3319 odicium
1254 3264 1321 3320 loris
1338 3268 1543 3338 exsequendum
1561 3267 1684 3325 destina·

44 3358 185 3428 eriptam
211 3359 285 3413 trono
300 3360 435 3414 sententio
447 3349 616 3431 juridicialiter
636 3362 738 3420 uictam
759 3367 839 3437 quast
892 3367 938 3414 tor
953 3379 960 3414 τ
976 3376 1027 3416 nec
1040 3369 1084 3416 cst
1099 3360 1136 3416 illi
1154 3361 1231 3417 locus
1246 3361 1274 3415 lu
1288 3361 1425 3424 convitio.
1442 3362 1489 3433 oui
1510 3363 1554 3418 vir
1574 3379 1626 3433 pro
1639 3363 1682 3419 sui

46 3450 134 3504 totvm
148 3450 217 3505 trono
239 3451 337 3506 ltbrma
350 3452 439 3522 raptae
454 3456 637 3512 arratbemaris
653 3457 799 3527 peresum,
813 3467 842 3515 et
892 3450 1015 3508 foeditate
1026 3454 1060 3508 ud
1076 3453 1171 3509 boram
1186 3469 1201 3507 a
1216 3452 1425 3509 convivantibus
1445 3455 1578 3511 asotorum
1599 3455 1682 3511 etiam

46 3542 84 3598 ad
105 3551 205 3597 terram
222 3559 309 3613 risque
330 3554 495 3615 prosternat,
514 3549 624 3618 proprio
645 3549 735 3619 gladio
757 3551 841 3622 jugu-
892 3546 919 3600 ln
934 3555 1060 3601 extremo
1076 3545 1241 3602 ininisletio·

45 3632 172 3700 laudum,
195 3644 223 3690 et
247 3635 295 3690 illo
315 3637 404 3706 capite
417 3637 591 3707 privandum,
606 3640 686 3710 cirins
714 3643 838 3699 membra
927 3633 1029 3690 Verum
1041 3636 1064 3692 Si
1078 3636 1203 3690 minislef
1218 3634 1554 3705 dii⁰⁰⁵01d220l⁰8‚cul
1578 3637 1683 3700 submi,

44 3724 190 3781 Christum
220 3725 427 3791 oruellixerunt,
444 3739 471 3783 ct
500 3744 589 3800 usqtte
614 3731 696 3787 hodie
725 3732 752 3787 in
782 3734 841 3790 suis
891 3725 1134 3796 bislllllffllissfflls
1155 3726 1531 3794 elindecorus,divertetab
1551 3730 1682 3784 &delibus

45 3816 182 3873 membris
196 3819 368 3890 crucifigunt.
388 3817 465 3875 Tunc
481 3819 575 3877 libide
596 3821 667 3878 bello
682 3824 838 3891 revertenti,
891 3818 1004 3873 d⁰r⁸u¹n
1017 3818 1087 3888 eius,
1103 3832 1138 3872 lle
1157 3833 1255 3873 manus
1270 3818 1330 3888 eius
1345 3820 1372 3873 i¹¹
1386 3819 1514 3888 clephim,
1529 3834 1593 3876 lise
1607 3821 1682 3877 Scill-

45 3914 75 3962 et
88 3921 199 3962 omnem
213 3907 356 3964 victoriam
373 3908 457 3964 verbo
472 3899 607 3975 veritatis,
628 3926 682 3966 non
707 3912 765 3980 tibi,
791 3914 840 3970 tri·
890 3917 934 3964 ιιι
947 3909 1124 3975 stercorario,
1140 3910 1282 3965 serviant:
1305 3911 1352 3966 sed
1368 3911 1573 3968 honestioribus
1595 3914 1680 3968 actio-

44 3999 144 4054 bucnti
158 3999 264 4055 dicetur
285 4000 349 4055 illurl
372 4000 509 4056 carrticum
535 4001 655 4057 atarbis
670 4004 839 4059 obviantium
891 4001 972 4055 nibus
994 4009 1133 4071 occupate
1148 4001 1297 4057 loeditatem
1320 4001 1354 4057 de
1375 4012 1495 4059 stercore
1510 4012 1679 4060 contractam

45 4092 268 4162 tuisquestudiis
288 4092 334 4163 pio
352 4091 840 4167 lavoreastipulantium:Sortlper·
891 4093 1063 4163 aliquatenus
1102 4093 1226 4149 exuendo
1261 4094 1491 4163 pulchritudinem
1527 4107 1678 4164 aestimant,

45 4182 135 4237 cussit
156 4182 238 4249 utillo,
259 4194 283 4237 et
309 4183 395 4238 Dorici
407 4184 494 4238 decem
508 4185 593 4240 millio
609 4186 635 4240 in
652 4183 769 4241 millibus
784 4189 840 4242 ertia
891 4186 948 4241 lleri
960 4195 1060 4257 potest,
1071 4194 1101 4242 ut
1114 4187 1141 4241 iu
1158 4202 1257 4254 magno
1272 4187 1476 4244 convivantium
1497 4205 1613 4246 numero
1625 4191 1679 4248 sal·

47 4273 76 4344 (l
90 4273 153 4344 llep.
170 4290 248 4340 rvrn,
263 4275 300 4344 7).
312 4273 382 4330 Cum
397 4276 470 4331 enim
493 4279 561 4333 satis
580 4278 723 4334 timeretur
736 4280 840 4349 prede·
891 4288 945 4333 tem
969 4279 1149 4334 novissimum
1169 4278 1260 4334 locunt
1287 4289 1378 4336 teneat
1397 4300 1404 4335 :
1424 4297 1506 4351 quem
1529 4282 1606 4351 prius
1625 4280 1679 4339 lte-

46 4381 147 4421 eessor
161 4375 235 4430 tuos,
259 4376 351 4438 utpote
374 4366 450 4423 Sauli
471 4369 674 4440 qrmdamnrodo
697 4387 841 4443 compara·
855 4395 877 4449 Ι)
891 4369 963 4425 ditas
983 4370 1132 4425 excludens
1155 4369 1201 4425 vix
1222 4380 1285 4440 post
1308 4380 1414 4443 tergum
1437 4373 1618 4430 ministrantis
1633 4390 1680 4432 us·

49 4471 111 4525 tos;
128 4460 192 4530 quia
209 4462 428 4530 supereminebat
452 4472 538 4519 totum
566 4465 697 4536 populum
726 4466 761 4521 ab
787 4466 841 4521 bu·
891 4476 944 4532 truc
972 4460 1113 4528 adlimcn,
1131 4460 1174 4516 rel
1200 4476 1297 4531 parum
1314 4463 1386 4518 ultra
1408 4462 1490 4519 limen
1506 4463 1620 4520 introire
1645 4458 1681 4521 si»

47 4567 128 4606 mero
142 4559 170 4606 et
195 4568 304 4608 sursum
324 4569 379 4623 prae
403 4554 578 4611 mtrltitudioe
592 4555 748 4625 principum
775 4570 840 4611 suo·
890 4553 982 4609 nebat.

47 4661 112 4699 rum
140 4656 318 4716 cognatorum
346 4665 352 4701 :
385 4656 412 4702 tu
441 4648 474 4702 de
501 4647 573 4702 tribu
599 4647 668 4703 Jtrda
694 4657 786 4715 natus,
811 4657 839 4703 tu

48 4753 100 4807 por
123 4737 245 4793 veritatis
259 4738 459 4794 consessionem
480 4739 651 4806 nobilitatus,
675 4740 763 4810 magis
783 4740 840 4796 ior·

47 4828 191 4885 midabills
225 4830 280 4886 eris
308 4830 401 4885 rrruudi
428 4829 619 4900 principibus,
646 4844 730 4900 quarn
760 4830 783 4883 si
811 4842 840 4885 tu

45 4924 148 4975 contra
174 4918 312 4988 principes
341 4925 512 4988 puguaturus
546 4917 669 4974 conlldas
702 4918 729 4972 in
765 4919 841 4988 prin·

44 5009 175 5081 cipibus,
203 5012 231 5067 iu
256 5011 318 5066 blils
350 5011 509 5079 bominum,
534 5012 562 5066 in
587 5011 689 5083 quibus
715 5027 770 5068 non
798 5021 841 5069 est

44 5103 139 5161 salus.

86 5192 128 5247 [le
138 5201 165 5248 te
182 5204 272 5249 autem
288 5193 377 5249 taliter
390 5200 538 5264 pugnante,
554 5193 633 5263 quasi
646 5194 680 5251 de
694 5195 754 5250 viro
767 5195 840 5250 desi-

43 5284 168 5347 derabili
188 5295 216 5340 et
238 5285 413 5351 manuforti,
440 5294 569 5342 nascetur
594 5285 723 5342 Salomou
749 5286 841 5357 pucill-

43 5395 118 5446 cus;
131 5376 196 5448 quio
214 5386 273 5447 post
289 5378 456 5448 aliquantam
470 5392 589 5449 pugnant
611 5393 677 5448 pace
693 5393 776 5448 supcr
792 5394 841 5448 pa-

43 5486 111 5529 cem
136 5468 193 5525 eris
215 5469 412 5536 munerandus,
427 5477 467 5536 ut,
483 5478 510 5525 tc
524 5477 689 5539 cooperante
703 5469 730 5523 in
747 5467 840 5524 Domi-

926 4642 966 4698 Tu
982 4644 1084 4716 itaque,
1099 4662 1116 4701 o
1134 4645 1224 4712 Pater,
1240 4663 1302 4704 enm
1317 4647 1355 4704 sis
1368 4647 1415 4703 Dei
1432 4648 1557 4704 minister
1579 4656 1607 4703 et
1629 4649 1678 4705 dc»

891 4751 984 4804 conis,
1001 4737 1046 4792 eal
1066 4738 1168 4807 placuit
1189 4738 1216 4794 in
1231 4755 1275 4794 me
1298 4740 1399 4794 misero
1416 4739 1518 4795 babere
1541 4740 1678 4796 submini-

891 4836 1047 4894 stratorem,
1074 4829 1122 4899 qui
1148 4844 1199 4885 nec
1224 4828 1324 4901 dignus
1341 4837 1383 4884 est
1407 4844 1457 4885 nec
1474 4830 1610 4898 decorus;
1628 4846 1678 4902 age

890 4917 1006 4981 orando,
1018 4933 1068 4988 ape
1090 4918 1238 4986 operando,
1254 4918 1353 4989 diguus
1367 4934 1418 4989 pro
1441 4919 1563 4989 indigno,
1580 4922 1679 4977 sancti·

891 5006 988 5064 beatus
1001 5023 1050 5078 pro
1064 5010 1168 5078 polluto
1182 5025 1189 5061 :
1203 5024 1237 5063 nc
1251 5008 1285 5064 dc
1298 5010 1346 5066 illo
1359 5010 1486 5076 aedificio,
1500 5012 1533 5066 dc
1544 5011 1590 5065 illo
1605 5010 1677 5067 inlra

890 5097 1036 5153 aediticium
1064 5099 1116 5154 boc
1139 5099 1342 5155 convivantium
1368 5117 1486 5158 nunrero,
1509 5104 1601 5171 (ouem
1628 5101 1682 5164 abt

890 5187 1105 5243 subministrans
1117 5188 1301 5259 aliquatenus,
1319 5201 1451 5261 quantum
1468 5191 1601 5260 lippitudo
1617 5205 1677 5245 mea

890 5278 1055 5349 patiebatur,
1070 5280 1136 5351 vidi)
1152 5281 1260 5351 penitus
1276 5283 1421 5349 excludam
1445 5291 1527 5350 atque
1550 5280 1577 5334 in
1595 5295 1678 5350 opere

891 5374 1031 5440 stercoris,
1049 5373 1077 5427 in
1092 5373 1185 5429 labore
1202 5374 1251 5429 loti
1266 5382 1293 5429 et
1307 5374 1411 5437 lateris,
1424 5380 1506 5443 prout
1527 5371 1636 5428 ioeditas
1650 5380 1678 5430 et

890 5465 1052 5537 improbitas
1065 5480 1126 5520 mea
1140 5465 1234 5536 erigit,
1253 5464 1394 5534 relinquar
1410 5482 1416 5517 ε
1444 5463 1491 5518 sed
1508 5462 1637 5518 srlnrittor
1649 5471 1678 5518 et

44 5576 100 5626 no,
113 5553 245 5634 ¹glorieris
257 5562 387 5632 templum
402 5559 576 5629 aedillcatum,
590 5560 673 5633 quod,
689 5559 745 5618 Deo
759 5562 839 5632 primi
890 5558 1033 5629 permittar
1058 5557 1154 5614 saltem
1183 5556 1209 5613 in
1235 5555 1387 5612 novissimo
1408 5555 1469 5610 loeo
1495 5553 1676 5614 novissimum

46 5655 174 5715 bominis
196 5664 302 5712 costam
318 5653 480 5723 adillcaotc,
497 5653 547 5709 luit
565 5654 733 5712 inchoatum.
755 5655 839 5712 deu·
890 5653 962 5711 diem
984 5650 1368 5711 exsecramentorum
1392 5650 1563 5724 saltandum,
1577 5665 1631 5706 rtttn
1647 5649 1677 5708 in
