3892 6067
193 254 247 313 tto
680 254 833 315 uoutlotlt
852 251 1048 314 Psebtomit
1067 257 1338 317 ttstcttsttsrttlo.
1767 256 1822 316 {Sil

193 366 399 425 ιιιιτιιιιιιιιιι
418 367 454 423 ad
476 354 607 438 urniorum
631 369 772 437 inuidiam,
797 387 860 429 eum
883 372 980 429 uiderit
994 380 1017 434 A
1031 384 1105 430 retro
1116 375 1258 446 aspiciam,
1272 377 1314 430 vel
1324 374 1407 432 eorde
1421 372 1581 430 revertaris
1594 371 1762 445 Egyptum
1777 373 1820 429 si—

192 458 284 513 omaia
299 471 349 512 sua
364 456 582 515 macbimmenta
602 457 669 514 milri
683 461 717 515 ad
734 462 834 517 malum
848 462 980 519 intentam
1032 467 1107 524 milis
1125 468 1191 534 illis,
1212 468 1260 539 qui
1283 466 1387 538 latigsti
1409 465 1494 522 nlmio
1506 464 1587 520 taedio
1606 464 1822 523 mevvdaomun

192 565 240 618 per
255 548 557 618 adjutoriomdiuinum
581 550 683 623 jurgiter
704 552 870 622 invocatum,
883 569 981 625 prore-
1031 560 1148 616 ollarum
1169 571 1197 616 et
1218 559 1343 617 earnium
1369 557 1602 630 Egyptiecarum,
1629 558 1821 630 petieruntque

191 639 265 705 uisse
277 639 343 695 mibi
357 640 427 695 bona
441 639 482 697 sie
496 656 606 710 magua,
618 642 659 699 sie
672 642 805 701 euidentia
821 653 861 710 nt,
874 644 913 700 eis
924 645 981 702 clu-
1031 651 1144 708 delieias
1157 653 1184 706 in
1200 652 1253 718 rin,
1272 666 1343 723 quas
1362 650 1497 721 patienter
1513 658 1541 706 et
1562 651 1755 722 longanimiter
1772 666 1821 706 es·

191 729 360 794 noscentibus
383 728 524 801 Deumque
543 731 570 790 la
585 731 752 801 adiutorium
777 749 869 790 mount
895 734 982 790 loton·
1031 750 1155 812 spectare
1168 742 1320 798 debuerant
1338 740 1391 798 silvi
1410 739 1604 811 promissuset
1619 751 1773 799 reservatas
1791 743 1819 797 in

190 816 274 885 disse,
299 829 381 890 atoue
395 819 429 875 ad
444 819 628 890 adjumentum
644 838 687 878 me
702 821 846 880 festinasse
866 824 981 881 demon·
1031 833 1129 903 muris,
1145 830 1273 888 Exaudiet
1296 841 1361 888 euru
1386 840 1488 898 umen,
1511 831 1561 886 sed
1584 830 1733 896 maioma,
1746 845 1819 901 quo·

189 910 341 966 strantilrns
353 912 561 982 confundamur,
571 922 596 968 et
608 924 763 971 avertamur
775 916 980 987 retrorsumque
1031 924 1104 981 niam
1117 940 1180 981 cum
1195 924 1285 983 adhuc
1305 940 1376 980 ιιοιι
1394 923 1421 979 iu
1445 939 1494 980 ore
1508 923 1630 993 ipsorum
1651 931 1754 988 esseut,
1777 922 1818 979 ira

189 999 279 1055 colunt
299 1001 364 1056 rrrilti
390 1001 472 1071 arula,
494 1012 519 1059 et
542 1013 697 1061 avertamur
718 1008 809 1063 statim
825 1008 870 1083 qui
888 1008 981 1063 dieunt
1032 1013 1215 1071 [teiaseerrdit
1229 1030 1313 1086 super
1330 1029 1389 1079 eos,
1403 1023 1432 1068 et
1450 1013 1551 1069 oceidit
1573 1013 1691 1083 pingues
1709 1026 1816 1067 corum.

188 1091 255 1145 milri
265 1104 276 1144 .·
293 1089 375 1161 Eupo,
391 1109 463 1163 eope.
484 1095 653 1162 Avertantur,
666 1095 789 1167 ittonam,
803 1098 980 1154 erubescentes
1030 1103 1114 1161 iiulta
1125 1105 1235 1177 quidem
1252 1114 1280 1160 et
1300 1105 1353 1161 alia
1374 1105 1445 1160 mala
1468 1112 1619 1160 evenerum
1633 1103 1688 1160 illis
1707 1111 1819 1174 propter

189 1184 298 1250 statim,
324 1184 389 1254 qtria
420 1185 479 1240 suis
506 1185 710 1244 adulationibus
739 1188 860 1244 diceutes
889 1189 979 1245 milri:
1031 1194 1229 1266 impatientiam
1251 1210 1420 1266 suamque
1437 1210 1491 1249 oon
1514 1202 1621 1264 opertet
1641 1194 1818 1249 rentemorarl

188 1270 274 1348 Euge,
287 1293 366 1350 enge,
377 1280 522 1336 coluerunt
535 1283 561 1337 in
582 1298 626 1338 me
639 1284 774 1353 superbiae
797 1284 894 1340 turrim
914 1285 980 1341 aedi·
1031 1285 1058 1340 in
1072 1286 1179 1356 psalnm
1201 1287 1255 1342 isto
1269 1287 1297 1341 ivr
1318 1287 1562 1341 rememorationem
1580 1284 1677 1339 salutis
1697 1285 1820 1356 protitu-

189 1368 281 1435 ticme,
294 1370 341 1424 sed
355 1386 408 1425 uon
423 1380 570 1441 potuerunt
579 1387 784 1442 consummare,
793 1374 848 1430 lieo
861 1374 889 1431 in
901 1375 980 1445 adju·
1029 1377 1096 1433 lato.
1120 1376 1184 1434 flacc
1205 1387 1296 1434 autem
1317 1385 1529 1434 commemorata
1551 1384 1627 1442 sunu,
1652 1384 1682 1431 nt
1703 1392 1750 1446 pter
1767 1391 1818 1446 pa·

189 1457 287 1525 terium
310 1476 399 1516 meum
422 1463 577 1521 intendente
590 1464 718 1536 nequead
730 1465 915 1536 adjurs‘unduut
935 1482 980 1524 uae
1029 1467 1154 1522 tientiam
1166 1476 1195 1524 ιι
1208 1467 1425 1524 consolationem
1445 1464 1650 1537 Scripturarum
1667 1480 1743 1535 spem
1762 1473 1819 1521 lou·

189 1549 343 1607 testimon.
368 1551 446 1618 Quod
470 1569 532 1610 curn
558 1554 596 1612 itti
621 1556 764 1623 mutirem,
787 1559 980 1616 arcessebantur
1029 1555 1165 1627 genimen
1190 1569 1298 1625 semper
1311 1556 1461 1611 iubeamus
1483 1552 1604 1612 conteuti
1625 1554 1747 1611 mutuet
1767 1555 1817 1609 oo-

187 1639 290 1695 statim.
310 1638 362 1695 Sed
375 1642 496 1699 oriudum
508 1645 600 1703 statim
612 1646 675 1703 linis
686 1645 729 1702 uel
742 1640 979 1706 tentationom'uel
1029 1645 1074 1701 ttit
1086 1644 1193 1700 viaticis
1206 1643 1234 1698 ln
1246 1645 1300 1712 ria,
1315 1653 1344 1700 et
1356 1652 1546 1714 exspectantes
1561 1643 1665 1713 maiore
1677 1644 1704 1699 in
1717 1644 1817 1715 patris,

188 1729 405 1801 tribulationum,
418 1735 539 1809 qrraudin
558 1751 610 1808 ego
623 1735 718 1800 llauid,
737 1754 789 1809 ego
802 1740 938 1811 poeultm
952 1751 980 1796 es
994 1732 1015 1787 tt
1029 1738 1116 1791 neila
1132 1735 1212 1806 longa
1225 1736 1267 1791 rel
1281 1735 1395 1791 tediosa
1416 1735 1541 1791 uideatur
1558 1748 1634 1790 mora
1650 1743 1816 1805 temporum,

188 1820 299 1881 lurmilis
313 1832 343 1876 ιιι
356 1821 451 1890 llarid,
465 1825 589 1880 mortalis
599 1825 690 1883 sdlrue
703 1836 730 1882 ιι
745 1830 917 1886 remandatus
927 1832 979 1887 sub
1028 1842 1091 1897 quae
1103 1825 1183 1881 Pater
1204 1826 1295 1896 posuit
1307 1828 1335 1881 io
1357 1841 1407 1883 soa
1420 1833 1565 1897 potestate,
1587 1833 1618 1880 ut
1640 1825 1720 1883 taedio
1738 1825 1817 1884 lmeti

188 1921 308 1981 peceato,
325 1912 443 1983 repletus
454 1914 548 1970 mttltis
558 1916 677 1973 miseriis
692 1919 784 1975 nescio
807 1929 898 1977 utrum
913 1923 979 1979 odio
1028 1913 1188 1973 dellcitnlllt
1199 1914 1226 1969 5¹¹
1243 1914 1296 1971 tlt·

187 2018 220 2054 an
237 2016 331 2057 amore
347 2002 446 2074 digrurs
457 2004 521 2072 situ,
533 2007 792 2080 cnrttidcnsvnidem
804 2011 829 2067 in
841 2013 979 2083 adjutorio
1064 2008 1118 2066 Sed
1139 2010 1173 2065 ad
1193 2010 1252 2065 ιιι
1271 2010 1334 2080 quis
1350 2009 1485 2066 idonens?
1505 2007 1602 2065 Nonne
1621 2008 1705 2065 etiam
1718 2007 1815 2079 spirita

186 2094 331 2164 ditissimi,
342 2096 389 2155 setl
400 2108 554 2169 suspectam
567 2099 672 2161 balteus
682 2099 855 2172 fragilitatem
879 2119 978 2176 corpo-
1028 2109 1155 2172 prompto
1169 2115 1234 2155 etro
1246 2108 1288 2155 ⁰⁵²
1301 2098 1427 2153 intuma?
1441 2097 1515 2165 lude,
1528 2116 1545 2154 0
1560 2097 1633 2153 ⁰0⁰⁸
1645 2112 1733 2165 mess,
1748 2107 1774 2153 ⁸⁸
1787 2097 1815 2152 5¹¹

187 2188 225 2243 tis
244 2188 361 2257 intirml3
373 2191 449 2262 qula,
466 2191 528 2248 lieet
548 2192 661 2267 spiritus
677 2205 820 2271 promptus
842 2198 888 2263 sit,
912 2212 978 2255 earo
1028 2192 1161 2265 principio
1173 2190 1281 2261 psalmi,
1296 2199 1327 2246 ut
1341 2191 1376 2244 ad
1394 2190 1575 2261 adjuvandum
1596 2206 1637 2245 me
1655 2190 1772 2259 lemnes.
1788 2197 1817 2247 vt

186 2285 276 2335 tamen
290 2288 332 2334 est
346 2280 467 2346 intirma,
492 2280 616 2353 indigens
632 2283 768 2353 adjutorio
788 2285 979 2344 fortissimoet
1028 2285 1146 2339 nuncin
1168 2282 1223 2339 lloe
1236 2298 1305 2339 oros
1331 2281 1454 2347 Domine,
1475 2297 1508 2341 nt
1526 2282 1647 2341 moreris.
1669 2279 1727 2338 Nisi
1742 2282 1815 2337 enim

186 2370 326 2431 corrt'uuo.
340 2370 401 2427 ideo
415 2373 476 2429 dico
489 2391 496 2426 :
508 2372 589 2437 Deus,
604 2374 701 2443 adjuva
715 2391 765 2430 uu.
786 2375 820 2431 Et
833 2378 977 2435 benedico
1027 2374 1086 2429 dies
1099 2373 1164 2427 mali
1181 2379 1229 2428 too
1243 2370 1344 2427 iestino
1365 2371 1502 2443 adjutorio
1516 2371 1684 2438 brevientur,
1703 2387 1757 2429 non
1771 2372 1816 2431 tlet

185 2462 250 2533 spotia
263 2478 338 2534 spem
354 2464 381 2518 in
401 2465 485 2520 alium
505 2481 559 2520 non
572 2465 659 2521 liabeo
671 2475 770 2536 praeter
789 2468 817 2523 in
831 2477 867 2537 ιι,
881 2469 928 2540 quai
946 2485 977 2528 es
1027 2465 1103 2523 salua
1117 2463 1207 2519 omnis
1223 2478 1299 2520 caro.
1322 2461 1382 2518 Non
1408 2471 1499 2519 mmen
1521 2462 1548 2517 in
1572 2460 1816 2532 justificationibus

186 2552 293 2623 edituos
308 2571 380 2613 nrovs
399 2555 426 2610 iu
442 2558 600 2619 certamine,
618 2566 648 2613 ut
662 2558 788 2627 vincam,
804 2569 829 2614 et
850 2559 977 2616 liberator
1027 2554 1097 2610 meis
1107 2563 1253 2625 prosterno
1265 2568 1361 2624 preces
1375 2563 1438 2609 ante
1450 2550 1547 2609 lseiem
1561 2563 1646 2621 tuarv,
1659 2555 1706 2609 sed
1722 2555 1749 2610 in
1763 2556 1816 2611 ml·

186 2658 287 2701 titensa
302 2644 462 2713 certamine,
483 2654 513 2701 ut
526 2645 609 2702 libere
632 2647 680 2703 tibi
702 2649 753 2704 soli
778 2650 908 2717 serviam,
930 2651 976 2709 eui
1026 2647 1210 2704 tentionibus
1223 2646 1278 2703 tuis
1291 2646 1386 2702 moltis
1400 2654 1473 2716 peto,
1489 2656 1520 2701 ιιι
1538 2642 1650 2705 lestines
1665 2647 1692 2702 in
1705 2648 1816 2718 adiuto-

184 2732 287 2793 serrire
298 2741 340 2788 cst
351 2748 465 2805 regnare
475 2751 508 2791 ao
522 2736 638 2793 liberum
657 2752 727 2805 esse,
743 2740 883 2810 quomodo
893 2755 977 2796 ecoru-
1025 2738 1098 2797 rium
1109 2753 1212 2805 meum,
1226 2755 1272 2793 nee
1283 2738 1393 2793 moreris
1404 2738 1540 2795 exauditis
1552 2735 1680 2794 Ecclesiae
1690 2747 1743 2793 tua
1753 2755 1815 2812 pre·

185 2835 226 2882 uu
244 2822 279 2887 io,
299 2824 346 2895 quui
362 2825 410 2883 tibi
430 2843 484 2882 raon
500 2827 594 2893 seruit,
609 2844 705 2891 serum
719 2832 813 2902 otique
828 2832 858 2887 lit
875 2839 915 2889 tot
925 2833 976 2891 do·
1025 2830 1105 2886 cibus
1119 2830 1154 2886 sd
1168 2838 1195 2887 te
1208 2828 1354 2886 clamantis
1370 2838 1398 2883 et
1411 2828 1547 2885 dicentis:
1564 2828 1645 2896 deur,
1666 2829 1695 2883 in
1707 2830 1815 2900 adjute-

184 2913 320 2975 minnrunr
334 2925 401 2989 quot
413 2917 552 2983 citiorum,
1026 2923 1096 2979 rium
1109 2937 1196 2977 meum
1220 2920 1336 2978 intende.
1362 2918 1449 2976 item:
1466 2920 1508 2976 Ne
1522 2922 1631 2976 moreris
1646 2931 1756 2993 propter
1772 2934 1814 2978 te·

221 3003 302 3065 Proin
315 3022 331 3061 a
344 3007 418 3064 uitiis
437 3018 568 3081 tanquam
590 3027 605 3066 a
632 3012 834 3069 crudelissimis
854 3015 975 3073 domiuis
1026 3013 1184 3085 metipsum,
1206 3011 1289 3079 Deus,
1312 3012 1413 3071 inclina
1427 3027 1522 3068 aurem
1545 3019 1630 3079 tuam,
1645 3021 1673 3067 et
1687 3013 1747 3067 ride
1764 3011 1814 3067 tri·

185 3106 258 3159 reete
276 3096 309 3150 ad
323 3106 349 3152 ιι
364 3099 505 3171 coningio,
521 3099 594 3158 Dens
609 3118 705 3169 meus,
720 3104 850 3173 quonium
866 3064 1009 3177 otljutorc
1025 3104 1194 3161 bulationem
1207 3112 1343 3158 nostram.
1358 3102 1425 3160 item
1438 3121 1445 3157 ι
1462 3120 1472 3154 ι
1489 3101 1642 3170 llerertere,
1655 3103 1750 3159 dilecte
1764 3104 1813 3167 nri,

187 3202 259 3249 neem
285 3196 309 3243 et
330 3187 457 3251 liberator
477 3205 548 3245 meus
568 3207 594 3245 es
609 3201 649 3259 ιιι,
672 3191 794 3259 llomiue,
816 3202 920 3253 tantum
942 3213 975 3253 ue
1025 3194 1124 3251 similis
1152 3202 1212 3249 esto
1233 3208 1333 3264 oaprae,
1360 3192 1532 3263 binunloqno
1558 3208 1702 3249 cervorum
1732 3209 1814 3265 super

186 3278 315 3343 moverim
331 3280 356 3334 id
381 3290 423 3339 est
446 3298 515 3354 auge
545 3283 610 3339 milti
632 3297 695 3338 cum
717 3283 854 3340 desiderio
869 3287 907 3342 tui
925 3289 975 3345 ad·
1025 3297 1132 3345 montes
1149 3287 1242 3343 Betlael
1263 3285 1354 3359 (Ceut.
1375 3302 1407 3352 ιι,
1422 3286 1491 3357 17)»
1513 3285 1622 3342 salienti
1636 3293 1664 3341 et
1685 3286 1814 3342 velociter

185 3378 293 3435 centos,
310 3370 349 3433 tui
365 3373 468 3440 solatii,
484 3374 523 3429 tui
544 3375 683 3444 adjutorii,
699 3386 751 3434 tuae
764 3377 932 3441 liberationis
945 3382 975 3446 in
1025 3380 1156 3444 tumenti,
1173 3379 1325 3436 Essnlmut
1340 3378 1459 3451 gigasad
1470 3378 1634 3437 currendam
1652 3378 1725 3433 uiam
1737 3385 1813 3433 tnam

186 3461 390 3531 exspectatione
405 3465 644 3536 meapatieotiam.
661 3465 688 3523 Si
705 3469 778 3524 euim
799 3471 972 3542 quodspero,
1025 3476 1053 3529 iu
1075 3473 1240 3544 adjutorium
1261 3488 1358 3537 meum
1385 3488 1431 3527 nee
1450 3472 1560 3527 moreris
1578 3471 1607 3526 in
1631 3471 1766 3526 currendo
1787 3480 1814 3527 ιι

186 3554 406 3629 perpotentiam
427 3567 566 3627 exspecto,
583 3575 631 3619 ero
644 3560 743 3627 similis
755 3562 913 3619 hominibus
926 3579 975 3620 eu·
1026 3565 1213 3623 succurrendo
1229 3564 1297 3626 mibi
1319 3563 1433 3635 pauperi
1449 3574 1478 3627 et
1491 3578 1578 3636 egeno
1595 3564 1630 3620 ad
1648 3562 1814 3620 consolatio·

187 3642 372 3713 spectantibus
385 3642 531 3701 Douainum
553 3664 645 3717 suum,
665 3650 774 3722 quando
792 3661 973 3717 reuertatnra
1025 3658 1163 3724 nemrim
1181 3657 1215 3721 ad
1227 3656 1461 3729 glorificationem.

187 3736 300 3808 uttptils,
329 3747 358 3797 ut
380 3755 443 3796 curn
470 3743 575 3798 uenerit
597 3753 626 3801 et
647 3745 806 3815 pulsauerit,
828 3746 973 3805 confestim
1060 3749 1153 3809 Gloria
1167 3749 1246 3804 Patri
1259 3747 1316 3804 beo
1328 3751 1355 3809 in
1367 3749 1534 3819 adiutorium
1546 3763 1638 3804 meum
1653 3747 1811 3807 intendenti.

186 3828 309 3898 aperiant
321 3830 357 3884 ei.
374 3828 403 3895 Si
418 3839 509 3888 autem
531 3832 610 3891 luero
633 3836 789 3907 impatiens,
810 3852 917 3895 moram
932 3837 975 3895 la·
1026 3839 1120 3895 Gloria
1131 3838 1216 3908 netto,
1229 3837 1345 3901 [lumino
1359 3838 1393 3894 ad
1408 3838 1591 3908 adjuvandum
1608 3852 1651 3893 me
1661 3836 1811 3896 festinanti.

186 3920 275 3985 pionte
301 3936 427 4001 sponso,
457 3923 609 3991 dormitans
637 3935 686 3993 ortt
711 3928 852 3996 dormiens
879 3938 975 4001 potero
1026 3929 1119 3991 Gloria
1134 3929 1248 4002 Spiritui
1261 3934 1363 3996 sancto,
1375 3928 1491 3984 Domino
1504 3927 1622 3998 adjutori
1634 3935 1661 3983 et
1674 3926 1812 3983 liberatori

187 4010 308 4079 fraudari
332 4029 365 4075 ιι
388 4013 559 4072 beatitudine
582 4034 637 4090 qua
662 4019 735 4076 beati
758 4029 823 4076 sum
844 4022 916 4081 serui
936 4022 975 4085 illi
1025 4039 1097 4091 mco,
1113 4022 1244 4094 quoniam
1265 4041 1274 4074 ι
1294 4021 1414 4092 Spiritus
1434 4021 1546 4089 adiurat
1562 4018 1747 4075 infirmitatem
1762 4033 1813 4073 no-

185 4117 266 4175 utros,
288 4119 350 4161 cum
374 4107 489 4175 venerit,
504 4107 635 4166 Dominus
661 4109 795 4168 irruenerit
809 4111 972 4183 uigilantem
1025 4122 1111 4170 stram
1126 4112 1214 4182 (ilem
1230 4127 1289 4175 ιιιι,
1305 4111 1363 4181 26),
1382 4130 1392 4163 ι
1416 4111 1456 4166 ait
1469 4109 1571 4166 Paulus
1592 4109 1741 4179 apostolus.
1759 4106 1810 4163 lit:

187 4188 235 4255 tut
250 4204 335 4266 certe,
347 4196 419 4268 qnod
434 4199 552 4276 amplius
563 4200 717 4269 pavendum
734 4201 818 4257 simul
836 4211 864 4259 et
876 4218 976 4260 caven·
1028 4220 1038 4255 ι
1056 4203 1102 4258 ubi
1119 4201 1239 4273 Spiritus
1246 4200 1366 4266 Domini,
1380 4200 1417 4256 ibi
1432 4200 1543 4256 libertas
1555 4197 1599 4270 (tl
1611 4199 1673 4255 Cor.
1684 4214 1725 4262 ιιι,
1739 4197 1809 4266 ltus

184 4288 250 4349 unm
265 4295 317 4353 est,
337 4304 369 4344 cu
391 4289 477 4344 ninrio
492 4291 571 4358 trodio
585 4307 669 4349 nrorae
690 4293 822 4364 aspiciam
845 4303 930 4358 retro,
945 4302 976 4349 ut
1027 4285 1120 4346 Gloria
1133 4289 1180 4345 nni
1193 4305 1226 4346 ae
1243 4290 1316 4345 trino
1326 4288 1382 4345 ileo
1396 4288 1545 4348 intendenti
1559 4287 1594 4344 ad
1612 4287 1781 4343 liberandum
1796 4302 1813 4343 a

186 4390 256 4435 atuor
269 4374 321 4441 Lot
344 4392 405 4447 orte
418 4379 454 4432 ob
464 4379 517 4441 burc
532 4390 635 4435 mutata
655 4389 699 4435 cst
718 4381 746 4436 iu
762 4389 880 4437 statuam
910 4381 975 4438 salis
1028 4383 1108 4443 uvalis
1118 4390 1145 4438 et
1157 4382 1340 4452 adjuvandum
1356 4381 1383 4441 io
1397 4381 1487 4445 bouis.
1503 4381 1602 4436 Λιιιιιι.

185 4474 217 4530 ιιι
238 4481 281 4521 mc
305 4467 427 4533 condiat,
454 4483 488 4531 ue
513 4469 646 4540 insipidus
670 4480 698 4526 ιι
721 4471 854 4541 iusipiens
881 4471 970 4528 laetius

780 4801 1046 4904 Psuntttts
1082 4806 1226 4903 LXX.

982 5043 986 5047 <
1001 5042 1010 5051 υ·

223 5171 255 5226 1ιι
267 5183 302 5240 te,
313 5172 437 5235 thvtine,
449 5171 562 5241 sperari,
574 5186 624 5223 nou
634 5170 785 5241 aovvluttdor
796 5174 824 5225 iu
834 5183 972 5226 murnum.
990 5174 1012 5228 tt
1028 5168 1173 5224 numilem
1188 5186 1196 5221 ε
1213 5167 1267 5237 Epo
1283 5176 1369 5220 uentu
1386 5185 1487 5237 semper
1505 5168 1625 5237 speculo,
1647 5175 1672 5220 et
1685 5165 1811 5234 adiiciam

185 5261 286 5318 Psalmi
299 5262 381 5332 lustjus
392 5276 475 5318 uoces
485 5259 637 5316 manifestae
649 5262 807 5331 pugnatoris
819 5278 890 5332 sepe
906 5260 971 5316 dicti
1027 5277 1105 5330 super
1122 5275 1224 5313 omnem
1238 5258 1344 5312 laudem
1357 5270 1440 5313 tuoto.
1462 5257 1564 5329 Ncnrpe
1578 5258 1604 5313 in
1619 5274 1661 5321 eo,
1680 5256 1753 5326 qnod
1767 5255 1811 5311 di·

185 5368 268 5415 uoces
294 5362 360 5409 sunt
384 5353 412 5406 iu
437 5350 587 5408 certamine
605 5350 698 5421 positi,
713 5365 788 5421 spem
811 5352 971 5415 retinentis,
1027 5354 1084 5410 cit:
1103 5350 1171 5404 Deus
1187 5368 1268 5423 meus,
1286 5350 1356 5416 eripe
1369 5367 1410 5404 me
1423 5350 1455 5405 de
1475 5366 1554 5406 marm
1569 5349 1726 5420 peccatoris,
1740 5358 1764 5401 et
1780 5348 1813 5401 de

186 5458 261 5514 spem
274 5444 437 5513 prolitentis.
455 5441 489 5498 in
500 5451 535 5508 te,
549 5440 669 5510 bootae,
682 5444 794 5513 sperari,
807 5441 906 5512 inquit,
921 5456 971 5498 uon
1028 5459 1108 5499 manu
1120 5451 1211 5498 anatra
1222 5440 1303 5511 lepem
1323 5441 1423 5510 apennis
1438 5450 1463 5494 et
1474 5441 1581 5511 iniqui:
1595 5450 1750 5511 promptum
1770 5445 1812 5493 est

186 5534 337 5604 aorvlundar
351 5529 526 5591 (ueternum.
545 5535 585 5588 be
594 5532 721 5604 deinceps
734 5552 741 5588 ε
757 5532 889 5600 Quoniam
904 5542 932 5586 tu
945 5550 971 5587 es
1027 5534 1165 5589 diabolum
1184 5531 1308 5601 intelligi,
1321 5531 1400 5598 errjns
1413 5530 1545 5587 instinctu
1559 5532 1603 5586 illa
1620 5531 1756 5587 discordia
1772 5528 1811 5593 ιιι,

187 5626 316 5691 vatleutia
330 5642 397 5704 mea,
411 5624 532 5691 dontius,
545 5625 664 5697 Borrine,
677 5641 734 5693 sper
745 5643 802 5688 orca
814 5625 972 5697 ‹vincentute
1028 5631 1057 5679 ut
1069 5623 1199 5681 aduersus
1213 5623 1296 5701 legem
1309 5620 1409 5678 mentis
1420 5628 1552 5695 repugnet
1565 5622 1611 5677 les
1624 5622 1737 5698 peccati,
1752 5632 1811 5695 que
