3892 6067
89 111 157 171 ml
566 110 732 172 HISTORIA
749 110 1025 172 rtzsutscsrrsm.
1046 125 1086 161 -··
1099 111 1164 170 lib.
1183 112 1231 169 lt.
1646 115 1718 173 tots

88 224 207 296 sepulcri
230 222 379 281 dilectricis
403 223 450 280 bei
475 235 577 297 cryptae
597 227 745 300 imaginem
764 230 879 287 reddere
891 234 916 293 Α
930 225 993 284 darn
1009 239 1076 282 sane
1090 224 1200 282 illarum
1223 224 1373 297 nequitiam
1389 224 1462 285 itlius
1483 227 1583 297 saepias
1602 229 1715 298 experri,

88 319 252 383 niterentur,
269 323 363 370 taulus
377 315 521 372 iaetuscst
539 331 691 375 concursus
712 319 877 391 populorum
928 331 989 373 sese
1003 315 1120 371 latenter
1132 315 1287 393 perabdita
1302 315 1372 371 inira
1388 319 1585 376 monasterium
1606 333 1715 390 recepe-

88 407 239 463 vulentium
260 420 321 462 eam
339 407 470 474 osculari,
486 408 529 464 vel
547 409 631 464 etiam
646 418 770 481 tangere.
786 411 876 468 utrix
926 417 1002 464 runt.
1028 406 1161 463 Posuerat
1178 422 1296 478 namque
1320 405 1447 463 custodes
1472 408 1520 479 qui
1539 408 1718 465 observarent

88 512 149 551 eam
163 496 189 555 in
205 495 329 551 omniurn
344 496 488 566 presentia
503 498 565 554 loco
579 499 697 569 pristino
707 510 822 571 possent
833 517 877 558 re·
926 504 1031 572 salvas,
1048 519 1083 562 ne
1101 503 1164 576 quis
1180 502 1358 574 burgensium
1374 501 1562 573 ingrederetur
1577 512 1715 560 monaste-

88 586 210 645 stituere.
226 585 305 653 Quod
327 596 420 643 autem
434 587 521 658 ipsam
545 588 692 660 imaginem
719 593 795 663 tangi
820 607 876 648 nou
926 597 1011 656 rium

87 677 282 748 permiserunt.
310 694 394 735 causa
419 679 471 735 iuit
495 695 530 736 ue
556 689 719 737 multarentur
743 685 874 742 araritire
961 687 1044 744 Prior
1069 689 1166 759 iratres
1194 688 1355 743 aditortetur
1386 696 1416 742 ut
1446 687 1511 757 forti
1535 686 1589 740 rint
1616 685 1715 740 sainna.

86 765 160 839 larris
171 784 237 838 erpo
250 767 383 826 divinitus
394 786 542 842 erumpens
553 771 681 834 instantis
693 774 877 834 tribulationis
927 776 961 834 lli
976 794 1043 851 ergo
1058 779 1106 850 qui
1119 778 1162 835 vel
1179 778 1213 835 de
1236 777 1366 833 familiari
1380 775 1523 848 obsequio,
1548 773 1592 830 vel
1614 773 1648 830 de
1659 773 1717 829 iur-

8 888 10 891 -
86 858 251 930 presagium
266 857 335 927 iuit;
353 859 581 917 insentioautem
602 870 761 921 serratorum
779 866 879 939 pigno·
926 868 983 924 tiva
1011 867 1251 925 commendatione
1283 874 1400 938 tyranno
1423 862 1545 920 cxbibita
1568 875 1719 933 presume-

86 964 148 1007 rum
162 950 285 1019 ciusdem
302 952 489 1009 tribulationis
503 953 637 1024 optimum
658 956 741 1013 inem
754 958 875 1018 edocuit.
926 976 957 1017 re
979 969 1147 1031 potuerunt,
1169 959 1342 1031 praesentiam
1372 958 1445 1014 iliius
1470 957 1595 1012 adierunt
1618 974 1626 1012 ι
1646 969 1718 1026 ques

87 1039 151 1098 llaec
167 1054 259 1099 autem
280 1044 364 1099 rerba
380 1046 551 1115 scripserunt
569 1045 772 1106 vizeliacenses
784 1051 876 1109 abbati
903 1054 1054 1126 -protinus
1068 1051 1225 1108 lldclitatem
1244 1049 1336 1106 abbati
1350 1059 1378 1105 et
1397 1047 1525 1104 llcclesiae
1544 1055 1651 1118 pactam
1667 1046 1718 1101 ab·

87 1149 139 1189 suo
153 1133 300 1192 Guillelmo
315 1136 350 1191 ad
365 1137 581 1194 consolationem
597 1151 732 1211 susceptu
756 1144 879 1215 peregri·
925 1142 1173 1217 iurarepraecepit.
1189 1141 1224 1196 bt
1238 1141 1278 1198 illi
1294 1138 1648 1211 responderontconsilium
1670 1152 1718 1194 su·

87 1226 218 1283 nationis.
926 1249 975 1304 per
988 1234 1043 1290 boc
1056 1234 1141 1290 verbo
1154 1249 1185 1292 se
1201 1233 1355 1289 babituros.
1374 1252 1384 1284 ι
1406 1230 1435 1287 ln
1450 1240 1588 1303 promptu.
1602 1231 1651 1296 ait,
1668 1230 1718 1285 ira·

120 1317 171 1379 in.
192 1317 272 1385 1165,
287 1334 374 1374 comes
389 1318 482 1377 Nirer.
498 1338 591 1377 nornm
605 1325 809 1393 persecutionem
823 1341 878 1380 mo
926 1325 1017 1382 maore
1031 1324 1190 1383 consilium.
1211 1345 1221 1379 r
1241 1324 1276 1380 Et
1291 1324 1357 1380 iecit
1373 1324 1501 1380 obserare
1515 1322 1585 1378 ostia
1605 1321 1717 1392 hospitii

86 1416 127 1461 oet
143 1407 268 1463 udoersus
287 1407 416 1466 Viacticr.
434 1410 514 1467 dnae
531 1410 611 1469 Verbi
636 1413 769 1469 incarnati
788 1415 876 1471 milic-
926 1427 1076 1490 portasque
1091 1417 1251 1475 monasterii
1279 1417 1439 1488 emisitque
1459 1415 1630 1485 Stephanum
1651 1428 1718 1468 oan-

87 1497 157 1556 sinro
170 1500 322 1558 centesimo
336 1502 509 1574 sexagesimo
522 1504 630 1574 quinto,
645 1506 776 1562 ricesima
798 1518 874 1564 sexta
927 1507 1070 1564 cellarium
1086 1523 1179 1575 suum,
1193 1518 1220 1565 et
1240 1506 1409 1579 Stephanum
1423 1505 1457 1562 de
1467 1503 1717 1569 Petra-toraminis,

86 1590 131 1649 ere
147 1591 252 1648 usensis
266 1591 415 1660 undecimi,
434 1596 530 1665 quinta
546 1595 613 1652 ieria
630 1613 692 1669 quae
706 1600 876 1668 precellebat
891 1573 912 1627 B
926 1608 953 1655 et
968 1597 1133 1655 l'urnerium
1149 1599 1183 1654 de
1195 1595 1277 1654 lisois
1290 1615 1298 1665 ;
1310 1595 1504 1666 mandavitque
1517 1592 1608 1651 (ilioni
1620 1593 1717 1664 priori,

86 1685 232 1742 adventurn
257 1686 377 1757 bomini,
401 1689 565 1748 Guilelmus
580 1707 673 1749 comes
695 1691 822 1751 Nirernis
848 1704 876 1751 et
926 1699 957 1748 ut
971 1690 1025 1748 eibi
1036 1690 1157 1747 mitteret
1167 1691 1258 1748 clavos
1269 1687 1439 1745 nrorrasterii.
1453 1686 1488 1742 Αι
1499 1686 1544 1743 ilie
1555 1685 1716 1756 respondit:

85 1788 174 1834 mater
187 1779 248 1850 ejas
261 1777 307 1835 lda
323 1780 438 1852 ingressi
450 1792 515 1839 snut
525 1782 655 1854 oppidum
667 1782 796 1842 vizeliaci
811 1801 874 1842 cum
930 1778 1068 1851 «Ergone
1092 1795 1187 1837 comes
1204 1788 1248 1835 est
1267 1778 1364 1845 abbas,
1384 1778 1429 1836 vel
1448 1776 1715 1834 claviculariusmo·
1801 1850 1804 1856 .

84 1869 262 1926 urultitudine
275 1883 457 1942 armatorum,
470 1875 550 1945 quasi
568 1874 693 1933 iundltus
710 1876 776 1933 illud
797 1893 876 1934 cuer·
926 1871 1040 1940 rrasterii
1067 1871 1169 1942 huiusi
1190 1869 1247 1939 Sic,
1269 1869 1408 1941 inquiunt,
1439 1867 1562 1940 precipit
1583 1880 1713 1923 eomes-r

85 1962 156 2018 sari.
171 1961 205 2017 Et
220 1977 314 2019 comes
326 1962 436 2034 qrridem
448 1962 596 2020 declinarit
610 1964 639 2021 in
653 1965 802 2036 irospitiunr
815 1981 876 2023 ruo·
925 1968 961 2022 dt
974 1964 1040 2020 ille:
1058 1980 1068 2016 ι
1084 1961 1283 2036 Loquarsuper
1297 1963 1349 2019 boc
1358 1960 1490 2021 iratribus
1501 1960 1570 2016 meis
1586 1977 1594 2017 ι
1614 1968 1661 2014 set
1671 1957 1714 2012 in·

87 2053 200 2108 nastcril
215 2053 287 2124 quod
315 2052 425 2125 adjacet
441 2055 534 2112 domui
555 2056 789 2128 eleemosynaria,
813 2074 876 2129 quae
925 2066 1038 2121 gressus
1050 2055 1212 2127 capitulum.
1226 2054 1355 2112 omnibus
1377 2052 1508 2109 iratribus
1525 2049 1710 2108 residentibus

85 2150 129 2198 cst
144 2143 172 2198 in
198 2142 311 2198 introito
330 2145 458 2213 elausrria
484 2154 571 2202 mater
584 2161 650 2203 vero
664 2147 737 2218 eius,
750 2148 874 2205 omnium
925 2142 966 2200 sic
976 2156 1089 2203 exortus
1099 2157 1158 2204 est:
1170 2164 1180 2199 ι
1191 2145 1272 2215 Ecce,
1281 2146 1389 2213 iratres,
1397 2159 1461 2202 eece
1471 2143 1549 2201 adest
1560 2141 1620 2197 dics
1630 2141 1710 2212 longe

86 2236 221 2292 nrslorum
231 2237 382 2304 incitatrix,
398 2238 571 2295 deseenditin
583 2238 696 2295 domum
711 2239 832 2299 sinonis
842 2241 876 2299 de
926 2247 1020 2293 antea
1040 2238 1187 2295 venerabli
1214 2238 1313 2296 abbate
1335 2245 1441 2305 nostre,
1454 2245 1482 2293 et
1502 2251 1519 2291 s
1545 2234 1625 2291 uobis
1648 2233 1717 2306 ipsis

88 2327 250 2395 silviniaco,
269 2338 297 2386 et
317 2327 408 2386 iactus
420 2339 464 2386 est
481 2330 564 2386 timor
578 2346 695 2403 magnus
720 2347 804 2403 super
816 2346 875 2388 eav-
925 2329 1124 2399 prementum.
1147 2329 1303 2401 septusque
1322 2329 1402 2386 vobis
1417 2327 1594 2399 predictam
1609 2342 1663 2397 qua
1683 2327 1717 2381 de

87 2433 138 2476 nes
152 2419 337 2476 inhabitantes
351 2420 492 2490 oppidum.
512 2419 547 2476 Et
561 2421 681 2479 intonuit
694 2438 787 2480 sermo
801 2423 877 2480 Glo-
926 2416 1052 2474 libertate
1068 2428 1159 2476 vestra
1170 2428 1197 2475 et
1212 2428 1310 2475 vestrm
1326 2417 1465 2483 Ecclesia.
1477 2416 1566 2486 deusd
1576 2415 1716 2476 communi

87 2509 117 2566 ni
134 2510 231 2581 priori.
246 2519 272 2565 et-
285 2508 414 2566 omnibus
424 2508 556 2566 iratribus
573 2525 607 2567 ea
628 2511 697 2567 bora
712 2511 740 2567 ln
756 2513 876 2583 capitula
925 2509 1048 2579 periculo
1058 2518 1150 2566 vestro
1161 2517 1189 2565 et
1206 2507 1349 2564 bemineru
1363 2515 1515 2563 vestrorum
1531 2518 1586 2559 nou
1599 2511 1718 2559 tractau-

87 2600 257 2669 srdeutibus,
273 2601 389 2672 tulitque
410 2600 471 2657 tillo
482 2617 577 2659 omnes
590 2603 683 2660 clares
703 2604 874 2670 monasterii,
926 2602 1004 2666 dum.
1019 2602 1067 2658 sed
1078 2602 1170 2672 potius
1181 2599 1386 2661 deliberandum
1397 2607 1450 2660 est.
1464 2596 1527 2655 llaec
1537 2596 1595 2654 dies
1605 2604 1646 2657 est
1658 2612 1717 2652 mc·

86 2693 236 2764 prohibens
254 2708 287 2748 xre
302 2694 364 2764 quis
379 2692 530 2749 claustrum
550 2693 734 2764 egrederetur.
751 2692 784 2749 br
800 2695 877 2751 siluit
925 2703 953 2752 te
969 2692 1110 2753 servitutis
1122 2700 1150 2748 ει
1162 2691 1308 2760 libertatis,
1320 2690 1421 2762 quictis
1435 2700 1462 2747 et
1475 2687 1717 2760 laboris,ignariau

87 2802 182 2844 comes
195 2801 228 2843 ea
243 2786 297 2842 die.
318 2785 449 2856 Sequenti
463 2800 528 2843 vero
540 2785 586 2842 die
598 2800 662 2845 curn
677 2785 790 2842 vidisset
799 2786 874 2858 quod
926 2798 955 2848 et
967 2787 1124 2860 probitatis,
1144 2787 1258 2845 horroris
1269 2796 1297 2843 et
1312 2785 1448 2853 iniamlre3
1461 2786 1621 2844 uuumiibet
1631 2786 1717 2858 elipa-

88 2878 181 2934 nuilus
204 2877 318 2934 instrum
337 2877 467 2948 prodiret,
485 2877 683 2934 subsannando
698 2878 875 2951 interrogarit
889 2912 912 2973 c
928 2883 964 2941 tis
981 2881 1167 2953 chirographo
1181 2879 1333 2938 inviolabili
1348 2880 1495 2938 constabit.
1510 2877 1650 2938 ilecteuus
1662 2881 1715 2937 bo·

87 2977 181 3023 aarum
194 2967 324 3023 nauarchi
339 2982 514 3038 parascevem
525 2967 642 3024 ridiculo
651 2969 873 3040 solemnizarent,
927 2990 1028 3032 norun
1051 2982 1206 3031 vestrorum
1229 2973 1353 3044 rapinam
1378 2971 1559 3037 sustinuistis.
1583 2973 1716 3030 iracunda

87 3075 123 3117 an
139 3057 209 3116 iorte
224 3061 305 3116 solita
319 3059 447 3132 superbia
463 3076 541 3116 suam
555 3063 726 3132 presentiam
745 3062 876 3134 dedigna-
926 3067 1017 3123 minas
1032 3076 1060 3121 ει
1082 3064 1230 3136 opprobria
1242 3064 1389 3134 impiorum
1404 3063 1518 3135 patienti
1534 3078 1620 3129 aure,
1636 3061 1716 3134 quasi

86 3150 514 3221 1·earur.tlaecttlatnndeuen;
541 3168 636 3211 revera
658 3164 751 3211 auteur
775 3154 875 3213 iratres
925 3165 1071 3215 serstorum
1100 3157 1204 3213 rabiem
1230 3155 1387 3227 excepistis.
1409 3154 1437 3211 ln
1464 3154 1569 3210 tireatre
1596 3153 1716 3209 iortunu

8 3234 9 3325 J
87 3260 262 3316 parascevem
280 3246 407 3304 instantis
422 3247 602 3318 reparationis
616 3247 749 3304 libertatis
763 3265 820 3306 sure
829 3265 876 3307 so·
926 3249 1008 3305 istius
1022 3248 1101 3304 vobis
1116 3246 1420 3313 constituendorum
1434 3247 1461 3301 in
1473 3242 1638 3301 robisdellri
1651 3251 1716 3304 surrt

87 3336 288 3392 lemnizabnnt:
299 3351 376 3405 nam,
392 3337 464 3393 sicut
477 3353 525 3408 pcr
536 3353 712 3409 parascevem
727 3339 876 3398 Dominieae
926 3339 1010 3397 oculi.
1028 3337 1089 3403 lam
1105 3353 1206 3409 cerpus
1224 3337 1315 3408 iprum
1338 3335 1439 3409 negotii
1454 3335 1536 3393 nesui
1558 3342 1601 3392 est
1615 3335 1643 3390 in
1658 3342 1717 3390 sta·

88 3425 227 3497 passionis
245 3434 372 3496 reparata
389 3435 431 3482 est
456 3427 575 3497 dignitas
590 3429 719 3485 humanae
740 3431 876 3487 conditio-
925 3431 983 3495 dio.
996 3439 1023 3485 ct
1037 3438 1129 3488 utrum
1150 3431 1277 3497 uincatis,
1290 3445 1325 3485 an
1340 3428 1490 3485 vincamini
1505 3427 1579 3483 nulla
1592 3435 1635 3483 est
1647 3425 1717 3482 dila·

88 3518 142 3583 uis,
156 3518 197 3573 sir.
208 3526 235 3573 et
250 3532 298 3586 per
309 3531 484 3588 parascevem
500 3520 655 3582 communis
670 3520 785 3576 iratrum
806 3523 877 3579 exsi-
927 3520 976 3586 tiu,
989 3534 1043 3574 uon
1060 3519 1158 3576 sufficit
1174 3528 1291 3590 tyranno
1306 3517 1371 3575 buic
1382 3527 1471 3574 vestes
1483 3527 1589 3576 vestras
1604 3516 1717 3574 abram·

88 3605 117 3661 tii
130 3605 241 3662 exclusa
257 3605 399 3677 tyrannica
410 3605 598 3676 usurpatione,
612 3618 738 3678 reparata
752 3620 793 3667 est
807 3610 877 3667 inte·
926 3624 1002 3680 pure,
1014 3609 1084 3678 piios
1096 3617 1202 3664 vcstrus
1212 3607 1566 3678 evellere‚peilemvestram
1578 3605 1715 3672 vellicare.

88 3696 175 3768 grites
189 3696 286 3767 priscsc
298 3695 441 3752 libertatis.
455 3695 490 3751 Et
512 3697 653 3754 mandavit
675 3697 807 3758 iratribus
829 3718 877 3759 co—
927 3697 1045 3769 schanv
1070 3697 1152 3754 etiarn
1169 3695 1289 3756 molares
1310 3704 1416 3752 vestros
1440 3704 1556 3752 conatur
1576 3704 1715 3758 excutere.

90 3803 160 3855 rrrcs,
175 3786 248 3858 qued
264 3786 345 3842 rellet
361 3786 467 3858 ingredi
488 3789 638 3859 capitulum
658 3806 753 3847 corum
766 3794 877 3851 locutu-
927 3790 1024 3845 illaves
1040 3795 1145 3844 uestras
1161 3787 1273 3857 expetit,
1297 3793 1326 3842 ut
1345 3795 1464 3844 vestram
1477 3784 1636 3846 ¹libertatem
1656 3798 1716 3841 ser·

90 3892 139 3933 rus
152 3877 186 3932 ad
203 3893 262 3932 eos.
291 3876 344 3945 Qui
371 3879 572 3949 responderant
586 3882 660 3951 quod
686 3897 741 3940 nou
763 3893 877 3954 possent
927 3881 1022 3938 ritutis
1033 3877 1163 3950 conrpedc
1176 3893 1207 3934 se
1221 3877 1366 3951 inclusisse
1377 3875 1584 3949 perrorantis
1594 3874 1647 3930 boc
1655 3889 1716 3930 rer·

88 3970 293 4026 cummunicare
316 3971 573 4040 excommunicator
598 3989 706 4040 verum,
723 3974 747 4029 si
765 3990 798 4031 es
814 3991 877 4046 ause
928 3973 993 4032 bum
1005 3972 1130 4044 protinus
1141 3969 1237 4032 omnes
1248 3979 1437 4039 surrexerunt,
1451 3978 1479 4026 et
1494 3983 1528 4028 ne
1549 3968 1640 4024 claves
1654 3982 1716 4022 urus

8 4064 10 4143 ]
88 4059 165 4130 pacis
176 4068 242 4116 sunt
257 4071 478 4133 persequeretur,
498 4078 547 4134 per
561 4065 682 4136 priorem
695 4067 816 4123 suamei
834 4068 877 4123 lo·
928 4067 1043 4124 uesteril
1068 4065 1163 4122 comiti
1187 4065 1322 4133 daret‚er
1341 4072 1419 4135 parte
1439 4059 1605 4133 apostolica,
1629 4066 1657 4115 et
1681 4072 1717 4122 ex

8 4146 11 4165 '
88 4161 249 4222 querentur.
268 4151 367 4209 Paucis
378 4168 444 4226 ergo
455 4169 548 4211 secum
562 4157 740 4215 accitisrenit
751 4158 812 4216 (iilo
824 4175 877 4215 an·
928 4168 1005 4230 parte
1016 4159 1122 4215 abbatis
1135 4156 1178 4216 sui
1189 4174 1243 4213 uria
1253 4154 1558 4213 rocccontredixerunt.
1568 4149 1717 4208 Etiuslstes

88 4251 115 4297 te
126 4241 224 4300 iaciem
242 4242 359 4309 comitis,
379 4260 460 4315 quern
477 4256 555 4302 corvo
580 4249 729 4320 respiciens
743 4251 824 4308 uculo
848 4252 877 4308 in
893 4248 915 4305 b
928 4252 995 4308 bant
1008 4259 1038 4307 ut
1051 4250 1146 4321 paucis
1159 4247 1262 4305 relictis
1272 4246 1433 4304 custodibus
1442 4260 1539 4302 omnes
1553 4244 1657 4317 pariter
1667 4258 1719 4297 ex·

7 4320 11 4355 '¹
88 4333 260 4389 multiseum
281 4333 460 4406 objurgabat;
484 4336 518 4391 ad
536 4348 689 4396 extremum
706 4350 735 4396 ut
756 4341 877 4399 detesta-
928 4343 1019 4398 silium
1045 4356 1095 4413 pro
1122 4340 1249 4397 libertate
1279 4338 1413 4396 subirent.
1439 4337 1546 4405 Quibus
1575 4332 1716 4406 respondit

88 4422 158 4480 biles
184 4424 336 4494 proditores
359 4424 457 4483 Petrus
480 4436 508 4484 et
531 4426 705 4487 Tbeobaldus
724 4446 877 4504 eorumque
928 4434 990 4493 Gilo
1006 4454 1013 4491 :
1032 4453 1042 4488 ι
1069 4433 1257 4492 inconsultum
1280 4432 1346 4489 uriiri
1369 4430 1477 4486 videtur
1494 4429 1606 4485 domum
1631 4424 1715 4486 relin·

88 4514 236 4587 complices
247 4516 276 4571 in
292 4518 461 4577 monasterio
476 4519 662 4589 reciperentur
673 4522 803 4579 instabat.
824 4523 876 4581 Cui
928 4523 1157 4597 ermensendis
1176 4523 1299 4580 redditus
1311 4522 1410 4579 domus
1430 4516 1641 4591 superiacum.»

87 4604 150 4661 Gilo
166 4607 308 4677 respondit
321 4623 372 4664 uec
385 4624 466 4679 pesse
483 4626 534 4667 nec
547 4612 646 4669 debere
666 4629 697 4670 se
716 4629 876 4672 excommu-
962 4616 1098 4675 Satellius
1113 4617 1217 4672 comitis
1229 4616 1254 4671 ui
1270 4613 1460 4677 nronosterium
1474 4610 1661 4681 inpredinntur
1673 4607 1716 4661 di.

88 4700 195 4757 ¹¹10th
215 4698 320 4755 d⁰ffli¹¹i
333 4714 410 4770 pape
424 4701 555 4773 recidere·
578 4703 613 4760 Αι
632 4703 677 4760 iile
695 4722 702 4759 τ
721 4724 730 4757 s
749 4703 807 4772 isti,
827 4705 876 4775 ait,
927 4711 1090 4782 ripisrrtprre.
1109 4708 1142 4764 Ει
1167 4709 1232 4765 durn
1250 4708 1475 4779 hmcagcrcntur‚
1498 4704 1635 4761 dircrterrs
1647 4699 1716 4757 Fur-

87 4803 143 4846 nou
156 4788 480 4858 suotexcemmurrieati;
504 4792 552 4848 sed
576 4793 641 4864 quia
664 4795 814 4851 uoluerunt
836 4794 876 4852 ati
926 4800 1070 4858 neriusde
1085 4799 1177 4869 brois,
1201 4799 1263 4856 tulit
1284 4814 1376 4856 seeum
1402 4797 1533 4854 satellites
1554 4791 1717 4861 comitiari

87 4881 236 4950 prudentes
253 4878 416 4950 participare
434 4890 530 4944 vestrae
540 4883 702 4953 leccacitati,
717 4885 878 4944 innocentes
925 4892 1003 4950 venit
1016 4891 1188 4949 extrinsecus
1202 4891 1237 4953 ad
1252 4890 1411 4953 inferiorem
1422 4898 1530 4961 portam
1545 4887 1645 4942 domus
1663 4884 1714 4939 ab·

8 4970 10 5003 l
87 4970 233 5042 expulistis
250 4973 369 5028 asebis.
389 4972 655 5044 slirsponditGilo:
675 4975 877 5051 «usupare
927 4984 1010 5052 batis,
1039 4983 1183 5055 ejectoque
1198 4982 1321 5054 loripede
1335 4983 1382 5055 qui
1403 4992 1510 5053 portam
1533 4974 1715 5042 custodiebat.

86 5074 114 5118 et
129 5076 180 5134 pro
193 5075 261 5134 pace
275 5065 412 5134 venimus.
435 5074 465 5123 tu
482 5077 573 5124 aurem
595 5083 647 5128 uos
661 5069 789 5129 indebitis
802 5071 878 5144 iuiu-
927 5075 1033 5148 accepit
1058 5075 1161 5144 claves,
1174 5089 1237 5146 quar
1250 5073 1322 5131 iorte
1337 5075 1364 5130 in
1386 5074 1480 5130 ostilio
1496 5071 1582 5130 valvae
1603 5065 1715 5136 majoris

88 5156 139 5212 riis
151 5157 282 5226 appetis:
303 5158 376 5215 unde
392 5159 440 5215 tibi
453 5170 558 5217 certum
572 5164 765 5235 constetpuod
784 5165 876 5222 denuo
926 5167 1124 5239 dependebant,
1152 5176 1180 5224 ει
1205 5167 1350 5238 occupavit
1370 5165 1483 5220 donnum
1507 5169 1562 5217 taur
1587 5158 1715 5230 superius

87 5245 187 5306 iaciens
207 5255 283 5304 tuam
298 5264 348 5320 pro
374 5250 422 5306 tali
448 5249 578 5309 donatiuo
601 5269 656 5311 non
680 5264 843 5326 repetemus.
862 5276 873 5310 s
926 5276 1010 5332 quam
1025 5258 1152 5326 inierius,
1175 5259 1333 5330 relinquens
1351 5258 1378 5311 in
1394 5272 1426 5311 ca
1445 5255 1520 5310 viros
1540 5250 1650 5322 impios,
1666 5247 1713 5319 qui

87 5337 137 5395 llis
158 5340 251 5407 dictis,
272 5341 424 5399 claustrum
444 5342 506 5400 Gilo
522 5345 638 5416 repetiit
664 5345 764 5405 Comes
784 5359 875 5406 autern
927 5352 1035 5410 cernitis
1047 5352 1110 5408 loco
1122 5365 1183 5406 eam
1194 5351 1358 5414 obtinerent,
1369 5346 1449 5417 naresi
1463 5359 1555 5401 comcs
1570 5351 1672 5398 tantam
1685 5341 1713 5394 in

87 5431 174 5487 nriaso
192 5446 328 5502 praecone,
354 5433 407 5489 sub
423 5433 646 5495 iuteruvinatione
664 5439 791 5512 precepit
816 5455 880 5499 om⁴
926 5442 1094 5500 monasterio
1109 5440 1222 5496 baberet
1233 5438 1459 5504 dominationem,
1474 5433 1546 5506 quod
1562 5431 1712 5503 ejectisnl-

84 5538 136 5579 ncs
155 5524 306 5600 burgenses
325 5539 387 5584 autc
411 5526 510 5584 iaciern
534 5547 612 5588 suam
639 5533 875 5603 convenireiiui·
926 5535 997 5596 batis
1011 5533 1169 5592 bominibus
1193 5547 1259 5590 sues
1283 5546 1333 5603 pro
1360 5529 1437 5587 libito
1459 5525 1661 5584 intromitteret.
1678 5522 1711 5578 lit
