3892 6067
150 299 219 355 tttld
578 288 642 346 ttu.
664 290 709 345 DE
730 289 861 347 dudum
880 291 924 347 ut
942 287 1084 348 HONORE
1104 289 1124 345 F
1128 288 1183 343 lLll
1202 288 1352 344 ttotttNtS.
1712 293 1781 351 libb

148 414 242 486 (Aper.
260 428 287 476 v,
303 409 342 477 o).
357 408 443 464 ltcnr:
465 406 583 460 Vidiruus
605 406 719 478 glorium
743 405 799 476 ejus
826 406 939 478 glorium
953 408 977 466 A
990 413 1107 478 pareret,
1124 404 1244 475 amplius
1255 403 1418 459 contristata
1436 403 1625 460 uehementius
1641 407 1779 476 doluerat,

145 506 225 579 prensi
238 503 367 576 uuigerrirr'
380 518 396 554 α
413 499 494 553 Patre
508 497 599 568 (loun.
615 515 634 565 t,
647 500 686 569 9),
704 512 798 568 proco
813 508 842 553 ut
862 497 938 552 diee-
990 495 1055 567 quia
1069 494 1175 566 gladius
1187 492 1290 548 doloris
1303 491 1501 561 pertransierat
1516 493 1636 548 animam
1650 496 1711 566 ejus
1722 514 1778 554 nou

148 604 234 659 retur,
245 607 309 648 rere
332 589 474 661 unigeniti.
500 587 642 658 Similiter,
655 589 778 658 inquam,
792 604 855 644 eum
869 587 938 643 dici·
989 589 1091 643 mirum
1106 586 1130 642 si
1144 584 1227 645 etiam
1243 584 1361 653 amplius
1377 583 1513 654 gaudebat
1527 585 1585 639 riso
1596 584 1713 642 bomino
1724 590 1779 647 dlin

147 697 203 752 uu,
219 693 346 754 treguam
368 697 490 748 eremus,
520 678 710 752 intelligendus
725 687 768 735 est
781 694 843 736 rere
855 694 938 750 spou-
989 694 1022 735 ac
1037 691 1140 749 sponso
1152 675 1342 741 dilectissimo,
1357 684 1386 729 et
1394 674 1452 744 jana
1466 676 1651 746 gaudentibus
1666 682 1776 750 nuptia·

146 796 196 836 sus
212 798 219 834 ε
237 777 310 833 uude
327 774 374 846 qui
387 774 469 829 babet
490 786 619 842 sponsant
636 787 755 842 sponsus
770 780 822 827 cst.
838 769 890 838 Qui
911 778 939 826 et
989 792 1051 832 rum
1069 775 1183 831 istarum
1203 773 1327 829 eonritis
1350 782 1462 844 propter
1488 772 1581 827 riuum
1605 784 1779 846 praegustatas

147 873 230 929 babet
243 870 313 927 lllios
325 869 358 924 de
369 867 470 939 quibus
481 865 582 922 dicitur
598 883 605 918 ε
622 862 751 936 Nuuqnid
763 873 873 934 ponuat
885 862 937 932 filii
988 869 1018 924 in
1031 867 1144 924 Christo
1154 865 1380 923 imnrortalitatis.
1394 863 1455 932 Quo
1474 864 1556 920 etiarn
1576 867 1641 921 uitro
1660 867 1779 922 inebria·

146 958 501 1034 aponsijejttuure‚quurrditt
512 972 570 1011 curu
584 954 638 1010 illia
645 953 820 1025 etlapousus?
826 952 936 1025 (Matilo
988 960 1092 1016 buntur
1105 959 1263 1029 quicunque
1277 967 1450 1028 resurgentes
1463 958 1682 1015 immutabuntur
1695 960 1779 1017 indie

148 1075 187 1123 rr,
202 1056 259 1124 lli.)
279 1053 366 1110 ilabet
390 1054 473 1108 etiam
501 1065 642 1122 sponsam,
664 1049 790 1105 videlicet
813 1055 937 1104 sanctum
989 1052 1034 1107 illa
1052 1051 1250 1113 uniuersalium
1267 1049 1436 1120 nuptiarum,
1446 1050 1474 1105 in
1488 1067 1543 1123 qua
1557 1066 1655 1108 omnes
1666 1053 1778 1124 quidem

147 1147 297 1204 Ecclesiam
320 1155 348 1200 ct
368 1143 519 1218 quarulibet
533 1142 576 1198 bdr
586 1141 638 1197 loru
655 1142 787 1209 animam,
802 1141 873 1197 sicut
886 1138 937 1194 Pa·
989 1156 1176 1212 resurgemus,
1184 1138 1231 1197 sed
1244 1154 1297 1195 uon
1311 1154 1408 1194 omnes
1419 1140 1635 1197 immutabimur.
1649 1142 1702 1208 Qui
1713 1158 1778 1198 sero

146 1247 189 1293 ter
202 1252 270 1293 suus
287 1235 383 1291 babuit
404 1248 533 1304 sponsam
551 1231 690 1301 antiquam
713 1227 896 1302 Syrtagogam,
911 1237 938 1286 et
989 1231 1219 1300 immutabuntur,
1242 1230 1294 1301 ipsi
1309 1245 1419 1302 quoque
1434 1231 1645 1289 inebriabuntur
1664 1234 1699 1290 de
1722 1243 1779 1291 tor·

147 1330 175 1385 in
199 1345 232 1386 ea
248 1327 400 1396 quamlibet
427 1325 532 1380 fidelem
556 1323 677 1378 animam
705 1336 752 1378 seu
778 1336 935 1392 personam.
989 1332 1066 1379 rente
1079 1322 1240 1393 voluptatis,
1251 1336 1308 1375 nou
1323 1330 1353 1375 ut
1367 1319 1479 1391 quidam
1496 1323 1617 1380 haeretici
1628 1326 1777 1393 somniant,

146 1420 210 1476 Fuit
221 1430 312 1475 autum
328 1419 351 1474 b
363 1427 407 1473 atu
419 1415 503 1487 Virgo
517 1414 602 1470 illaria
615 1414 689 1469 illius
703 1414 823 1485 antiquae
846 1412 937 1486 Syna·
988 1414 1135 1471 carnaliter
1146 1428 1194 1484 per
1207 1412 1282 1467 mille
1291 1427 1380 1467 aurms
1393 1424 1541 1482 mansurae,
1555 1424 1583 1471 et
1596 1424 1690 1487 postea
1706 1418 1779 1473 desi-

144 1528 222 1584 gogae
234 1510 325 1583 portio
336 1508 513 1574 electissima,
529 1507 569 1562 sic
585 1521 599 1560 a
619 1505 674 1562 Dco
698 1505 779 1562 Patre
802 1514 892 1561 aurata
907 1515 939 1561 ut
989 1517 1073 1575 turae;
1088 1506 1136 1563 sed
1149 1506 1300 1578 spiritualis
1316 1514 1343 1561 ct
1358 1507 1385 1560 iu
1399 1514 1533 1563 aetcruum
1548 1522 1734 1578 permansurae
1750 1509 1779 1564 in

143 1615 206 1657 caru
220 1614 275 1671 pra
292 1599 422 1654 omnibus
445 1614 539 1654 amore
562 1615 614 1655 suo
638 1597 830 1665 inllauuuarct,
846 1595 937 1653 Verbo
989 1598 1043 1653 illis
1054 1597 1171 1663 deliciis,
1185 1597 1219 1653 de
1232 1598 1333 1667 quibus
1343 1598 1445 1654 dicitur
1467 1597 1495 1653 in
1517 1596 1638 1653 Canticis
1656 1598 1779 1655 eautico·

144 1706 256 1763 quoque
272 1706 323 1746 suo
338 1689 518 1756 fecundaret3
533 1690 608 1760 quod
626 1689 653 1744 iu
677 1705 710 1744 ea
731 1696 895 1755 eructatum,
910 1697 938 1743 et
989 1706 1072 1745 rum:
1089 1689 1156 1755 Quae
1169 1700 1207 1744 eat
1222 1691 1275 1744 iata
1286 1707 1344 1761 qum
1357 1692 1475 1745 ascendit
1498 1691 1602 1745 deliciis
1622 1692 1740 1761 affluens,
1753 1701 1778 1745 rt

145 1779 221 1850 prius
235 1790 322 1834 ruente
333 1796 415 1851 qrrarn
427 1789 522 1835 uentre
534 1780 707 1851 conceptum,
718 1780 752 1835 de
765 1779 811 1834 illa
823 1793 936 1850 proces·
987 1783 1102 1836 innitens
1115 1798 1193 1852 super
1213 1781 1339 1836 dilectum
1352 1783 1453 1836 suarm?
1466 1781 1557 1853 (Cant.
1574 1799 1633 1848 rur,
1649 1782 1689 1851 5.)
1706 1781 1779 1838 ileli-

143 1870 325 1942 slttauquarn
341 1886 460 1942 sponsus
474 1870 508 1927 de
524 1870 644 1927 thalamo
656 1886 716 1937 suu,
729 1878 872 1925 amaturus
883 1883 936 1923 no·
986 1872 1043 1927 cias
1063 1872 1131 1927 istas
1154 1872 1290 1942 nuptiales
1309 1872 1366 1942 jaun
1387 1881 1444 1928 tum
1465 1873 1705 1943 praemeditabatur
1720 1874 1779 1944 ipse

142 1977 206 2017 uam
229 1960 392 2030 Ecclesiam,
406 1971 433 2017 et
458 1963 485 2017 in
499 1979 532 2019 ea
553 1962 705 2034 quamlibet
717 1961 824 2018 lldelenr
839 1976 936 2032 perso·
984 1964 1125 2030 Christus,
1139 1980 1201 2020 cum
1215 1980 1271 2021 suae
1285 1965 1367 2021 matri
1386 1966 1481 2021 riuum
1496 1966 1674 2034 desideranti,
1687 1966 1777 2024 dixit:

143 2073 219 2124 nant,
236 2066 364 2127 tatrqnanr
391 2070 521 2127 sponsam
553 2063 678 2112 ornatam
695 2055 755 2112 riro
776 2068 838 2111 suo.
863 2053 936 2109 luter
988 2055 1115 2110 Nondum
1129 2057 1274 2112 arrectiora
1290 2074 1347 2113 area
1359 2056 1450 2127 (lora.
1467 2074 1509 2122 ru,
1525 2058 1564 2131 t).
1581 2057 1634 2115 Sed
1648 2060 1777 2115 baclrora

143 2164 240 2205 omncs
254 2164 321 2204 reru
344 2163 460 2219 sponsas
475 2164 532 2219 pue
551 2148 680 2203 onmibus
707 2147 758 2203 luit
773 2163 805 2203 ae
827 2162 936 2217 porma-
984 2149 1179 2219 jamiustaute‚
1188 2151 1226 2204 ait
1241 2170 1248 2205 ;
1265 2148 1373 2215 ttntter,
1384 2167 1441 2205 eree
1451 2150 1525 2220 filius
1541 2160 1601 2206 taur
1614 2149 1705 2223 (loon.
1718 2168 1777 2218 rur,

143 2248 296 2296 uetoruata
310 2239 387 2295 beatu
405 2238 489 2308 Virgo
500 2238 596 2307 blaria,
613 2248 743 2310 tunquam
757 2253 936 2295 consumma·
985 2239 1048 2310 2b);
1065 2241 1099 2296 ad
1116 2242 1282 2313 discipulum
1306 2253 1399 2298 autem
1414 2262 1421 2297 z
1438 2242 1506 2297 Ecce
1528 2252 1613 2299 muter
1633 2254 1680 2299 tuo
1699 2245 1777 2317 (ibid.

143 2332 183 2389 tio
202 2331 364 2405 synagogae,
380 2340 474 2402 utpote
496 2332 551 2387 lllia
577 2331 743 2388 electissima
765 2329 936 2401 patriarcba·
986 2333 1044 2404 25).
1068 2332 1130 2390 llaec
1156 2336 1271 2390 mutatio
1295 2337 1414 2392 dextera
1431 2334 1550 2393 Excelsi.
1574 2335 1643 2392 Nam
1662 2337 1779 2393 traditur

143 2439 217 2490 rum,
233 2432 261 2479 et
275 2431 337 2493 post
348 2423 432 2478 tilium
449 2439 531 2479 suunt
548 2421 678 2479 Ecclesia
695 2432 798 2479 sauctae
811 2438 881 2478 nora
894 2422 936 2478 in·
986 2424 1032 2480 hic
1046 2425 1105 2495 ipse
1124 2425 1275 2497 discipulus
1295 2427 1380 2484 tuisse
1404 2443 1524 2499 sponsus
1544 2427 1572 2483 iu
1586 2428 1640 2485 illis
1663 2430 1778 2499 nuptiis,

143 2514 264 2582 clroatio,
280 2522 371 2584 utpote
383 2524 469 2570 mater
487 2515 675 2586 apostolorum
687 2558 695 2582 ,
712 2530 830 2587 quorum
840 2515 885 2571 uni
895 2514 937 2570 di·
988 2517 1015 2572 in
1027 2518 1567 2592 quibos,delreieuteuirro‚a:1uamutata
1578 2531 1621 2577 cst
1633 2521 1660 2576 in
1672 2523 1778 2577 viuum.

143 2615 218 2661 cturu
233 2614 293 2661 est:
311 2604 378 2661 Eece
393 2615 477 2661 arrrer
491 2615 537 2660 tua
550 2605 630 2677 (loun
655 2623 713 2675 arx,
726 2607 784 2679 25).
988 2606 1066 2674 Quod
1091 2616 1158 2664 tuuc
1181 2607 1234 2665 luit
1257 2610 1367 2665 initium
1389 2594 1544 2682 signorum,
1559 2608 1691 2681 perfectio
1713 2627 1779 2667 uero

180 2693 213 2751 ll.
226 2695 304 2763 Quod
324 2708 414 2753 autom
428 2698 476 2753 uni
489 2698 592 2754 dietum
605 2705 665 2764 est,
678 2698 807 2755 omnibus
821 2698 874 2754 dici
887 2713 938 2769 po·
988 2715 1051 2757 curu
1060 2690 1062 2694 ⁸
1072 2700 1100 2754 in
1114 2700 1304 2771 spiritualibus
1325 2701 1429 2772 nuptiis
1444 2700 1556 2758 Cbristo
1570 2703 1777 2773 compatientes,

144 2788 198 2844 tuit
222 2790 325 2846 sanetis
344 2791 476 2861 apostolis
493 2806 571 2846 norae
593 2790 722 2847 Ecclesia
737 2788 877 2846 Patribus.
891 2786 934 2858 Et,
988 2800 1018 2847 ut
1031 2791 1129 2848 dilecta
1144 2801 1268 2848 meteret
1283 2793 1398 2849 dilectur
1414 2793 1566 2864 discipulus
1578 2792 1657 2864 juxta
1668 2810 1779 2850 erucem

142 2881 209 2950 quia
222 2896 272 2951 pro
282 2881 336 2948 bis,
348 2881 396 2952 qui
406 2881 535 2938 credituri
550 2891 630 2938 eraut
642 2882 816 2952 perverbum
828 2898 936 2951 eorum,
988 2891 1104 2951 stantes,
1120 2883 1209 2939 eidem
1223 2887 1445 2956 conresurgendo
1457 2886 1780 2958 taettueaonruur,prtmo

142 2970 273 3028 Christus
286 2972 374 3028 orarit
388 2981 419 3028 ut
433 2987 529 3028 omues
541 2988 626 3028 uuum
639 2972 704 3042 siut,
716 2972 751 3029 ad
764 2988 861 3029 omnes
874 2973 938 3029 lide·
989 2974 1017 3028 in
1027 2989 1088 3045 spe,
1103 2974 1201 3031 deiude
1221 2975 1249 3031 iu
1264 2992 1303 3032 re.
1321 2975 1355 3032 Et
1370 2992 1435 3033 eum
1455 2978 1489 3033 de
1503 2979 1607 3036 carnali
1626 2978 1781 3036 carnalium

144 3061 184 3119 les
207 3073 264 3119 toto
289 3063 372 3119 eorde
393 3062 533 3119 Christum
559 3065 702 3138 diligentes
724 3067 842 3138 pertinet
863 3067 936 3138 quod
952 3093 973 3151 (3
991 3065 1088 3135 copula
1112 3066 1244 3138 scriptum
1263 3069 1324 3124 sit:
1344 3086 1353 3120 r
1369 3066 1501 3141 Voluptas
1517 3086 1588 3126 narra
1601 3079 1681 3135 esta
1696 3086 1781 3142 quam

142 3156 248 3212 dictum
261 3163 304 3211 est
316 3155 367 3210 uui
380 3153 522 3212 Christum
537 3156 672 3230 diligenti,
686 3166 715 3213 et
735 3158 806 3214 iuter
823 3171 938 3216 ceteros
991 3154 1054 3212 lieet
1070 3156 1205 3227 nuptialia
1219 3157 1290 3212 bona
1304 3169 1438 3215 excusent
1458 3169 1487 3214 ut
1501 3159 1537 3215 sit
1554 3159 1670 3227 venalis,
1689 3168 1780 3216 umen

143 3248 233 3320 magis
246 3248 356 3305 dilecto.
384 3248 446 3316 Quo
469 3264 565 3307 omncs
591 3251 638 3306 illa
664 3251 744 3308 beata
759 3262 846 3306 mater
861 3260 938 3307 stans
990 3255 1066 3302 extra
1077 3249 1248 3304 connubium
1261 3249 1284 3305 si
1297 3249 1451 3306 voluntarie
1462 3250 1617 3307 admittitur
1630 3261 1657 3307 et
1675 3252 1780 3308 studio-

140 3340 221 3412 juna
233 3356 344 3397 erucem
360 3341 516 3412 parturivit,
529 3342 641 3413 quando
665 3358 716 3413 pru
732 3343 775 3399 bis
790 3343 938 3400 liberandis
989 3352 1019 3393 se
1030 3340 1177 3409 appetitur,
1191 3350 1233 3396 est
1246 3340 1409 3397 criminalis.
1422 3340 1452 3396 ln
1466 3342 1512 3398 illa
1523 3352 1598 3399 certe
1609 3343 1724 3413 spiritali
1736 3360 1782 3399 eo-

143 3440 174 3489 et
185 3432 323 3489 salvandis
346 3434 459 3490 unicum
471 3449 553 3490 suum
568 3435 625 3506 pati
639 3434 742 3503 sciens,
756 3435 847 3508 gladio
862 3449 938 3491 com·
989 3429 1054 3499 bula
1065 3430 1168 3487 Chrisll
1181 3439 1207 3486 θῑ
1222 3429 1362 3498 Ecclesiae
1378 3431 1460 3488 Velbl
1476 3441 1505 3489 el
1521 3433 1631 3499 ³¹¹l¹¹¹ae2
1649 3448 1720 3489 letae
1747 3448 1780 3488 ²¹0

144 3522 283 3594 passionis
294 3533 504 3595 pertranseunte
515 3526 602 3597 ipsius
617 3529 738 3583 animaru
759 3528 938 3585 cruciabatur
989 3537 1068 3579 nolte
1081 3531 1148 3579 suut
1166 3523 1282 3591 deliciae,
1305 3540 1369 3580 uera
1388 3535 1415 3580 et
1430 3541 1486 3581 non
1501 3542 1572 3581 rana
1586 3527 1713 3597 uoluptas
1727 3536 1779 3593 est,

145 3623 176 3669 ut
189 3623 306 3685 pareret.
321 3613 381 3670 Non
393 3631 463 3670 naua
478 3631 544 3688 ergo
563 3633 612 3689 spe
625 3618 778 3675 clamamus
792 3620 826 3675 ad
849 3619 935 3685 ittam,
989 3614 1069 3684 eujus
1088 3614 1164 3670 inam
1179 3615 1277 3670 umbra
1293 3616 1424 3673 seductus
1437 3626 1569 3689 arguetur
1580 3617 1604 3672 is
1616 3618 1663 3687 qui
1675 3618 1710 3672 ad
1723 3619 1781 3687 spi·

144 3720 201 3760 nou
223 3706 324 3774 solunt,
338 3706 401 3775 dre,
416 3709 497 3762 ruerit
514 3709 604 3775 atella,
619 3709 667 3763 uer·
683 3720 766 3766 rnater
782 3711 874 3776 olrtru,·
889 3712 938 3768 sed
990 3706 1083 3762 illales
1100 3706 1210 3776 nubilat
1225 3716 1339 3763 meatus
1355 3707 1441 3763 dicit:
1460 3708 1574 3764 Uxorem
1588 3710 1664 3776 duxi,
1679 3719 1705 3764 el
1721 3711 1780 3765 ideo

145 3796 228 3853 eriam
241 3799 315 3869 quod
328 3798 439 3854 additur
457 3820 463 3854 :
482 3798 603 3855 ttonnra
619 3809 644 3855 te
658 3818 714 3855 eae
730 3812 841 3857 araurem
852 3820 862 3867 ,·
873 3818 938 3874 pro
989 3812 1042 3849 nor
1060 3811 1166 3865 porrum
1181 3797 1268 3851 ventre
1280 3795 1356 3865 (tur.
1375 3814 1431 3864 ru,
1445 3797 1503 3870 ιθ).
1523 3797 1603 3855 tates
1624 3799 1697 3855 enim
1715 3816 1780 3856 rum

145 3898 207 3960 pter
230 3890 366 3961 duplicem
394 3890 519 3946 uidelicet
537 3892 756 3959 maternitatent;
773 3908 856 3948 unam
881 3909 937 3965 qua
989 3889 1106 3945 audiunt
1129 3889 1267 3946 nominari
1287 3904 1431 3962 sponsum,
1441 3890 1591 3945 thalamum
1605 3891 1780 3957 etosculunt,

146 3976 259 4037 un'icum
275 3998 357 4038 suum
371 3983 475 4053 peperit
487 3983 549 4038 sine
564 3981 675 4049 dolore,
687 3984 800 4038 alteranr
814 4000 869 4055 qua
884 3984 937 4041 sibi
990 3981 1251 4051 nesciunteogitare
1266 3981 1319 4037 nisi
1334 3990 1441 4036 tantum
1456 3980 1589 4048 carnalia,
1601 3981 1703 4051 quippe
1717 3995 1781 4037 ear-

145 4080 174 4126 ct
187 4072 274 4128 eidem
290 4074 372 4130 unico
383 4090 434 4131 suo
446 4074 551 4145 peperit
565 4075 666 4131 multos
678 4074 748 4131 tilios
763 4090 825 4132 eunt
839 4092 938 4148 magno

146 4163 241 4219 dolore
252 4179 284 4220 ae
298 4166 409 4223 tristitia
421 4183 481 4234 sua,
491 4182 523 4222 ac
534 4166 576 4222 sui
588 4167 678 4223 dilecti
689 4168 804 4239 ejusque
814 4168 935 4239 discipu·

147 4254 250 4311 lurum.
266 4255 304 4312 be
318 4274 377 4327 qua,
387 4258 497 4315 tristitia
512 4267 602 4330 potest
620 4275 741 4332 congrue
760 4260 871 4332 intelligi
884 4261 938 4317 boc

146 4345 241 4416 sponsi
255 4346 358 4403 dietum
370 4368 376 4403 :
388 4348 484 4404 Tristis
499 4359 539 4404 est
550 4351 640 4406 orriruo
654 4368 712 4406 men
725 4368 805 4423 usgue
819 4352 854 4406 cd
866 4369 937 4407 irrora

148 4446 200 4491 tem
227 4437 337 4509 (liuttlr.
360 4451 435 4506 xxvi,
458 4440 513 4509 58).
537 4439 602 4496 ltem
628 4441 663 4497 ad
690 4442 777 4514 ipsam
801 4443 936 4498 novellant

147 4542 290 4598 sponsam,
306 4529 474 4600 primitivam
488 4529 593 4587 scilicet
603 4533 745 4600 apostolici
757 4533 865 4589 ordiuis
884 4532 938 4589 Ee-

147 4618 273 4689 elesiam,
288 4621 368 4691 cujus
393 4621 474 4677 beata
497 4621 589 4683 blaria
606 4632 665 4678 erat
685 4625 774 4695 portio
789 4626 938 4696 precipua,

147 4707 221 4763 idem
239 4708 365 4781 Sponsus
387 4719 452 4766 tunc
476 4720 589 4782 propter
609 4711 745 4769 delectum
763 4715 817 4769 riui
832 4714 940 4770 bcatitt.-

148 4802 237 4858 eautis
253 4802 347 4870 corda,
363 4804 433 4859 inter
446 4812 544 4860 emtora
565 4803 634 4859 dixit
650 4820 658 4857 ε
673 4804 772 4861 llnlier
791 4823 850 4860 cnut
867 4792 939 4876 parit

149 4893 291 4948 tristitiom
316 4893 405 4960 trebel,
436 4896 500 4966 grtia
521 4897 588 4950 oeuit
617 4895 683 4950 loru
705 4897 774 4966 ejas,
789 4904 816 4953 et
841 4896 958 4953 eaetera'

148 5000 237 5056 usque
252 4986 365 5041 trirtitiu
384 4996 471 5042 oestro
498 4998 613 5043 uertatur
641 4989 669 5042 iu
693 4989 821 5060 goudium
845 4987 937 5058 (loru.

149 5092 206 5143 arr,
216 5076 275 5149 ab).
291 5077 371 5145 Quod
387 5094 456 5149 pene
471 5079 542 5134 idern
555 5088 599 5136 cst
612 5095 645 5135 ac
669 5081 692 5135 si
709 5079 845 5136 dixisset:
861 5080 939 5149 Aqua

149 5179 243 5225 restra
256 5179 430 5227 convertetur
445 5172 472 5226 in
488 5170 728 5243 murmuratam
742 5180 808 5227 tunc
819 5171 940 5227 illalrora

151 5259 321 5331 mimineltat,
332 5279 386 5334 qua
400 5279 449 5333 per
463 5264 523 5336 ejus
539 5265 696 5335 passionem
711 5273 739 5318 et
761 5264 942 5319 resurreetio-

152 5366 215 5404 nem
227 5360 323 5409 natura
334 5355 454 5411 bumana
474 5363 502 5415 et
518 5356 642 5412 mortalis
653 5364 680 5411 et
700 5355 775 5411 uelut
793 5370 864 5427 aqua
879 5371 941 5411 cor·

152 5439 301 5511 ruptibilis,
313 5447 492 5503 conuertenda
506 5454 565 5502 erat
575 5446 602 5501 in
621 5448 715 5501 vinum
730 5446 816 5501 beatae
828 5447 940 5501 immor·

151 5533 278 5606 talitatis,
293 5549 347 5605 guo
357 5545 467 5607 gustato
489 5538 653 5612 garisisunt
667 5536 795 5609 discipuli
807 5536 867 5594 riso
887 5535 940 5593 Do·

131 5640 239 5680 ·nuno.

187 5715 230 5773 ttt.
248 5717 320 5776 luter
334 5733 404 5790 quos
415 5718 569 5780 illamulior
580 5737 640 5795 qua
657 5738 711 5780 una
722 5737 784 5780 eum
797 5721 862 5795 illis,
874 5721 939 5779 dum

991 4073 1067 4128 uales
1080 4081 1107 4126 et
1122 4073 1185 4143 ipsi.

1028 4161 1072 4216 lt.
1088 4160 1201 4227 Verum,
1214 4164 1277 4233 quia
1287 4162 1397 4218 mundis
1410 4162 1503 4217 onmia
1516 4160 1629 4226 munda,
1639 4157 1780 4230 spiritales

992 4270 1102 4326 quoque
1115 4254 1210 4309 muudi
1233 4268 1308 4319 suru,
1324 4252 1483 4323 etamplius
1504 4248 1632 4306 mundari
1653 4248 1778 4319 cupiunt,

991 4347 1020 4402 in
1036 4346 1193 4401 carnalibus
1217 4345 1327 4400 trannisi
1351 4343 1485 4415 spiritalia
1513 4341 1678 4413 intelligunt,
1704 4340 1780 4395 verbi

992 4438 1089 4508 gratia,
1105 4440 1132 4492 iu
1146 4453 1249 4509 sponso
1264 4436 1350 4493 boum
1364 4435 1506 4492 rationalis
1529 4442 1662 4492 creaturae
1675 4441 1781 4489 amato-

992 4543 1062 4594 rem,
1079 4529 1106 4584 in
1124 4544 1224 4599 sponsa
1248 4528 1334 4598 ipsam
1358 4530 1519 4585 rationalem
1539 4536 1706 4592 ereaturam,
1728 4524 1781 4579 elc-

993 4631 1065 4678 etaut
1079 4622 1106 4676 in
1121 4622 1224 4693 augelis
1237 4632 1264 4677 et
1279 4623 1436 4679 bominibus
1448 4643 1455 4691 3
1469 4625 1497 4679 in
1520 4635 1614 4676 aurore
1634 4636 1690 4690 quo
1705 4619 1779 4675 illaru

993 4729 1121 4784 spotrsam
1142 4728 1219 4768 suam
1234 4712 1306 4768 Deus
1325 4722 1410 4776 aurat,
1434 4711 1566 4782 Spiritum
1589 4718 1731 4776 sanetum3
1751 4710 1781 4764 in

993 4807 1098 4864 semiue
1112 4821 1239 4878 quocum
1254 4804 1401 4869 fecundat,
1415 4803 1506 4859 sobrie
1521 4803 1676 4874 intelligunt
1690 4803 1780 4873 ipsunt

993 4899 1039 4955 Dei
1058 4898 1189 4963 Verbum,
1205 4894 1341 4968 per'uuod
1357 4896 1429 4951 sicut
1442 4894 1513 4952 tacta
1528 4905 1593 4952 sunt
1612 4896 1704 4952 ornnia
1720 4910 1782 4966 quae

993 4988 1075 5057 lacta,
1091 4991 1131 5046 sie
1145 4999 1173 5046 et
1185 4988 1367 5044 lecurulautur
1380 4986 1475 5043 omnia
1489 5002 1551 5058 quae
1566 4997 1632 5043 suut
1651 4986 1778 5042 lecunda.

992 5080 1074 5150 Nam,
1091 5083 1156 5153 quia
1168 5082 1252 5139 semel
1268 5082 1377 5138 loeutus
1392 5081 1477 5150 bens,
1487 5082 1548 5137 ait:
1565 5079 1697 5135 Gerruinet
1709 5087 1780 5131 terra

993 5170 1069 5244 (Gru.
1082 5188 1102 5238 r,
1118 5171 1173 5242 ll),
1186 5187 1220 5227 er
1232 5173 1331 5227 uirtute
1345 5170 1429 5242 bujus
1444 5170 1520 5225 verbi
1536 5168 1626 5223 adbuc
1645 5164 1781 5237 germinat

992 5273 1065 5318 terra
1080 5262 1192 5318 berbant
1206 5263 1340 5318 uirentem
1355 5262 1514 5333 lignumque
1525 5257 1701 5329 pomiferum.
1711 5254 1780 5310 Ger-

992 5353 1090 5421 nrinat,
1105 5355 1230 5425 inquam,
1243 5353 1393 5423 aliquando
1403 5353 1487 5415 culta,
1499 5358 1526 5406 et
1537 5347 1686 5418 aliquando
1695 5346 1782 5417 (quod

993 5445 1147 5502 mirabilius
1159 5446 1212 5517 est)
1228 5461 1283 5501 nou
1299 5446 1383 5500 culta.
1397 5442 1466 5499 lliuc
1477 5451 1520 5497 est
1533 5441 1613 5511 quod·
1625 5438 1671 5494 illa
1693 5438 1779 5510 virgi-

993 5551 1044 5591 nea
1064 5545 1136 5591 terra
1150 5536 1225 5592 dedit
1239 5535 1359 5591 lrueturn
1371 5548 1465 5599 suum,
1478 5547 1562 5602 quarn
1575 5532 1616 5586 uir
1632 5530 1724 5586 nullus
1734 5544 1781 5584 er·

993 5629 1131 5695 coluerat;
1148 5628 1211 5699 quia
1233 5628 1318 5682 airum
1334 5641 1387 5680 aaa
1401 5639 1527 5695 cognosco
1553 5621 1631 5693 (Luc.
1648 5639 1667 5690 r,
1682 5621 1722 5691 ll),
1742 5621 1786 5677 ait·

994 5720 1027 5777 ud
1040 5721 1166 5791 attgelum
1184 5720 1230 5791 qrri
1259 5718 1283 5774 ci
1311 5717 1497 5781 nuntiaverat,
1510 5713 1630 5771 Verbum
1654 5714 1682 5770 lu
1701 5720 1779 5770 utero
