3892 6067
197 330 252 391 rar
578 307 581 314 ’
683 320 837 382 ceurroru
856 319 1051 379 reincourt
1069 321 1342 381 mrcuensrsne.
1776 321 1830 380 iss

191 437 335 502 columber,
349 437 415 494 dunt
431 449 481 507 per
490 448 541 493 scs
562 444 610 490 aut
623 443 735 490 orarrtes
752 434 780 489 iu
794 443 902 490 secreto
913 442 939 489 et
959 433 1025 506 ini.
1039 450 1088 505 pes
1101 436 1207 502 mundi,
1219 446 1339 492 rectores
1355 434 1528 491 tenebrarum
1540 432 1650 504 barum,
1663 445 1760 493 centra
1773 439 1829 509 spi·

197 529 344 596 cubiculis,
356 534 404 583 aut
414 525 635 598 evangelizantes
649 526 764 580 rerlrum
778 526 880 580 virtute
901 524 985 579 multa
1039 525 1129 582 uitalia
1144 526 1273 597 nequitia
1286 526 1315 582 in
1332 524 1492 583 eoelcstibus
1506 523 1614 596 (Epirea.
1631 542 1669 594 rt,
1685 527 1758 598 iiis
1768 527 1829 586 ista

197 619 225 675 lu
241 617 353 688 publico
363 626 390 673 et
405 629 488 687 super
499 625 570 672 tecta
585 624 701 671 ornatur
709 623 737 670 et
747 614 882 670 exaltatur
894 611 989 668 Ecclc·
1038 629 1104 675 suna
1116 619 1190 674 cubae
1196 617 1380 675 sacerdotales
1394 625 1422 674 et
1433 633 1528 685 saerae,
1542 616 1670 686 ductiles,
1680 629 1827 691 argentea,

196 710 237 767 sie
251 711 331 766 tiniec
339 709 388 766 1)ιί
399 708 531 764 columba·
546 707 600 764 Sed
612 716 641 765 01
651 723 699 764 VOS
710 707 773 778 lilsb
786 707 835 778 <llll
847 697 988 789 (Ιῠιυιῖθυ-
1038 726 1156 783 quarum
1167 711 1294 782 clangore
1307 718 1416 767 corruet
1427 709 1537 766 iericho
1550 709 1646 766 ciuitas
1664 711 1759 766 mundi
1776 712 1828 766 lru-

196 810 236 858 tes
250 800 432 857 humiliamini
448 800 500 857 sub
512 801 616 871 potenti
627 814 712 855 maun
725 798 785 866 Dei,
801 807 924 869 tempore
935 814 995 862 suo,
1035 803 1082 874 ius
1097 803 1208 859 nurrtios
1224 801 1289 859 lesu
1304 801 1494 874 persequentis
1507 811 1535 857 et
1547 800 1636 872 ipsum
1650 802 1770 872 recipere
1782 819 1832 858 nm

195 893 274 966 quasi
287 909 380 964 perine
392 892 520 948 culumbae
533 892 560 947 in
574 893 660 948 altum
671 891 809 959 celabitis,
824 910 834 944 r
849 892 914 962 quia
927 907 988 946 om·
1039 893 1129 949 lentis.
1144 891 1339 963 Huiuscemodi
1355 892 1513 964 clangorem
1524 892 1672 960 desiderat,
1684 895 1732 965 qui
1744 895 1825 952 dicit:

195 985 238 1041 uis
254 986 303 1055 qul
324 1000 354 1041 se
369 984 496 1041 humiliat
507 984 678 1041 exaltabitur
689 982 767 1054 (duc.
779 999 859 1051 xrru,
876 983 951 1054 iil.»
1041 984 1161 1050 «clama,
1177 1000 1212 1041 ne
1223 1000 1326 1051 cesses,
1339 984 1419 1055 quasi
1432 984 1497 1040 tuba
1512 984 1602 1041 exalta
1623 985 1719 1042 rocem
1740 996 1828 1055 tuam,

229 1075 337 1132 alliena
354 1074 411 1133 Vos
432 1077 626 1147 praedicatores
646 1077 743 1131 uirtute
758 1076 843 1130 nruite
856 1074 989 1146 romipeti-
1037 1084 1065 1131 et
1086 1076 1218 1132 annuntia
1232 1076 1334 1147 populo
1356 1090 1418 1132 meo
1439 1074 1543 1132 scelera
1557 1091 1665 1144 eorum,
1690 1088 1718 1134 et
1732 1077 1830 1136 domui

198 1177 289 1223 suares
304 1168 430 1235 verbum,
443 1168 491 1240 qui
506 1168 573 1224 estis
583 1183 676 1239 perure
686 1166 825 1233 columbe,
837 1166 865 1223 id
878 1174 921 1222 est
936 1166 988 1222 Ec·
1037 1165 1123 1224 Jacob
1136 1176 1247 1238 peccata
1267 1182 1364 1223 eorum
1386 1166 1467 1238 (lsai.
1489 1183 1567 1236 arrrr,
1591 1169 1646 1238 ll.»
1665 1167 1718 1225 Per
1734 1166 1831 1226 omnia

192 1260 284 1317 clesia
305 1259 425 1316 solantis
445 1261 474 1315 in
495 1259 593 1327 altum,
618 1259 767 1330 quatenus
790 1273 852 1328 quac
876 1272 987 1314 sursum
1038 1260 1097 1315 bac
1113 1268 1303 1330 augementum
1325 1260 1455 1315 tubarum
1474 1260 1532 1316 sire
1555 1272 1708 1330 pennarum
1732 1276 1829 1319 ιιεεεε·

192 1363 268 1421 scrut,
284 1354 309 1408 si
322 1353 466 1408 dermietis
485 1353 556 1406 inter
569 1351 669 1407 nudior
689 1349 785 1419 cieras,
804 1349 881 1406 eritis
905 1350 987 1405 rieur-
1038 1351 1111 1407 saria
1128 1349 1279 1407 ministeria
1296 1366 1370 1407 rruue
1383 1359 1500 1407 ornatur
1515 1359 1543 1408 ει
1560 1350 1707 1421 adjuratur
1725 1353 1753 1408 in
1769 1352 1830 1411 suis

193 1451 308 1515 gustatas
327 1457 420 1512 mura
443 1441 471 1496 iu
497 1439 684 1496 anterioribus
702 1438 840 1507 columber,
859 1441 887 1495 in
913 1447 985 1497 statu
1038 1443 1222 1500 anterioribus
1235 1442 1358 1500 Ecclesia
1379 1459 1436 1500 una
1450 1443 1498 1500 uei
1513 1443 1662 1511 columba;
1678 1442 1724 1499 sed
1741 1452 1830 1515 ports·

193 1533 318 1589 uidelicet
336 1548 385 1589 sen
397 1531 492 1588 volatu
511 1532 656 1603 praesentis
672 1530 813 1598 Ecclesia,
833 1531 881 1587 sed
900 1541 988 1602 peste·
1038 1536 1111 1590 riera
1131 1536 1205 1590 dorsi
1228 1536 1285 1607 eius
1303 1538 1330 1592 in
1347 1536 1449 1604 pallore
1462 1536 1524 1590 auri
1541 1534 1674 1608 [algentia
1688 1537 1716 1591 in
1735 1535 1830 1593 lutura

193 1625 265 1679 rirra
278 1624 352 1679 dorsi
366 1624 424 1695 ejus
436 1623 465 1679 in
483 1631 557 1680 statu
573 1621 666 1678 iuturo
682 1631 744 1695 post
756 1622 986 1680 resurrectionem
1037 1628 1103 1696 rita,
1119 1627 1231 1700 quando
1255 1629 1355 1701 lingua
1369 1628 1527 1694 cessabunt,
1546 1627 1696 1699 prophetia
1711 1642 1829 1685 evacua·

192 1719 348 1777 elarcseent
364 1719 445 1777 robis
469 1720 499 1775 in
522 1718 626 1790 pallore
647 1721 719 1788 curi,
736 1720 847 1791 qnando
861 1720 934 1777 sicut
957 1721 986 1776 in
1009 1721 1015 1728 ’
1038 1721 1149 1788 buntur,
1162 1719 1669 1789 scientiadestrnetur,venientequod
1678 1718 1828 1789 perlectum

192 1811 292 1869 diebus
305 1809 462 1870 Salomonis
477 1813 636 1869 abundonie
649 1827 718 1869 auro
730 1814 817 1870 multo
836 1814 863 1868 in
875 1811 987 1870 Jerusa-
1002 1776 1024 1832 Β
1037 1819 1089 1879 εει,
1100 1821 1129 1867 ει
1139 1820 1284 1879 evacuato,
1299 1812 1373 1882 quod
1388 1827 1421 1867 ea
1437 1820 1515 1882 parte
1529 1819 1582 1877 est,
1599 1826 1652 1867 non
1668 1810 1831 1884 indigebunt

192 1901 246 1960 lem
268 1912 413 1977 argentum
437 1903 542 1961 nullius
566 1913 627 1961 erat
647 1904 739 1975 pretii,
759 1904 800 1961 sic
816 1903 922 1976 iulgore
941 1919 988 1960 sa-
1037 1900 1116 1959 electi
1131 1901 1172 1958 rel
1185 1900 1282 1973 pennis
1296 1900 1479 1971 deargentatis
1495 1900 1522 1954 iu
1542 1899 1628 1956 altum
1651 1899 1746 1968 leuari,
1760 1914 1830 1971 quo·

192 1993 301 2067 pientiae
312 1994 441 2064 angelicae
461 1995 504 2050 rol
527 1994 672 2051 charitatis
692 1993 793 2050 divinae
814 2004 880 2051 tunc
903 2009 988 2065 super
1037 1997 1110 2050 niam
1122 1995 1206 2052 semel
1221 2004 1286 2051 tunc
1299 1995 1327 2050 lo
1340 1994 1425 2048 altum
1440 1993 1580 2050 sublimati
1594 1990 1635 2049 sic
1647 2008 1755 2063 semper
1765 2007 1829 2051 rum

192 2084 287 2141 omma
303 2083 472 2141 clarescente
487 2098 543 2140 non
557 2093 640 2142 erunt
658 2085 924 2156 necessariamque·
938 2086 987 2141 de·
1037 2086 1153 2144 bomine
1168 2095 1259 2154 erunt,
1278 2087 1322 2142 ret
1341 2087 1415 2143 tubis
1437 2085 1575 2156 argenteis
1588 2085 1615 2140 in
1637 2086 1718 2156 epulo
1731 2083 1831 2143 lestiro

192 2184 341 2247 argentata
354 2191 404 2247 per
417 2177 537 2232 nitorem
551 2177 714 2235 doctrinalis
732 2178 905 2249 eloquentie,
923 2178 986 2251 qui·
1037 2181 1072 2238 ad
1085 2178 1252 2237 laniandum
1260 2178 1420 2246 bominum,
1430 2194 1479 2235 seu
1495 2178 1523 2234 in
1535 2179 1629 2249 praelio
1641 2180 1675 2233 ad
1690 2177 1830 2233 debellas<

191 2266 245 2323 bus
257 2265 381 2324 Ecclesia
394 2268 469 2325 velut
482 2268 609 2326 columba
627 2270 702 2326 relat
712 2271 852 2328 radicibus
863 2271 986 2343 ipsarum
1037 2273 1088 2329 dos
1102 2269 1277 2327 adversarios
1289 2268 1403 2326 excitari
1416 2276 1444 2325 ει
1466 2266 1594 2332 animari,
1613 2267 1743 2338 quoniam
1764 2276 1829 2325 tnnc

191 2369 344 2426 penumum
365 2356 427 2415 bais
453 2358 481 2413 iu
505 2360 707 2432 posterioribus
729 2361 804 2416 dorsi
816 2362 888 2432 eius.
915 2360 985 2417 Nam
1037 2379 1091 2434 pax
1105 2362 1252 2433 critatque
1265 2359 1415 2416 Sabbatum
1433 2368 1565 2415 alenium
1582 2358 1723 2429 plenaque
1743 2357 1832 2414 felici.

190 2446 300 2503 dorsum
312 2449 371 2520 ejus
385 2459 429 2505 εει
450 2450 585 2518 charitas,
604 2451 705 2523 in'qua
732 2463 859 2522 suscepta
875 2453 984 2509 sarcina
1037 2454 1102 2510 tatis
1115 2453 1203 2509 otium
1218 2452 1410 2509 beatissimum
1425 2459 1552 2507 cessante
1564 2450 1719 2506 ministerio
1735 2465 1829 2506 sacra·

191 2548 390 2609 preceptorum
405 2540 453 2597 ilei
464 2543 556 2599 omnia
572 2543 677 2611 suffert,
690 2543 782 2599 omnia
793 2544 920 2602 sustinet.
932 2544 986 2601 Po·
1037 2553 1192 2602 meritorum
1206 2553 1232 2600 ει
1246 2542 1409 2608 officiorum,
1424 2543 1524 2614 quibus
1538 2558 1613 2598 uurrc
1623 2542 1740 2608 utimur,
1751 2550 1780 2598 ει
1789 2559 1829 2598 sc·

191 2631 308 2687 steriora
322 2647 387 2689 rere
396 2633 472 2690 dorsi
487 2643 532 2691 εει
551 2634 597 2692 ilia
615 2634 708 2691 lutura
728 2644 756 2692 ει
781 2637 986 2708 supercaelestis
1036 2645 1113 2694 moto
1127 2638 1236 2708 penitam
1251 2637 1326 2692 omni
1342 2636 1440 2691 tiumre
1455 2634 1600 2689 bellorum.
1612 2631 1832 2699 Quodnimirum

191 2719 315 2790 clarium,
333 2722 362 2777 in
376 2738 431 2793 qua
445 2725 616 2796 perileietur,
628 2742 691 2797 quae
708 2727 754 2784 iric
767 2727 874 2799 incipit,
893 2728 986 2784 chari·
1037 2736 1121 2784 mutae
1135 2727 1237 2783 latitia
1249 2727 1335 2782 otium
1350 2725 1541 2797 posterioribus
1557 2724 1691 2780 columba
1703 2738 1828 2780 reserva-

191 2820 246 2873 tas.
263 2810 294 2867 ln
313 2813 366 2870 bac
379 2814 514 2872 charitate
532 2816 622 2887 pallor
636 2832 683 2873 scu
699 2817 774 2873 viror
794 2819 856 2873 euri
875 2819 987 2892 conspi-
1038 2829 1108 2887 tum,
1124 2820 1191 2892 quia
1212 2820 1265 2875 erit
1285 2818 1496 2889 sempiternum,
1524 2823 1599 2872 recte
1613 2816 1657 2872 hie
1672 2816 1699 2870 iu
1714 2814 1829 2872 liebraeo

190 2904 288 2971 cietur,
307 2906 439 2976 quonlam
461 2917 527 2966 tunc
541 2924 592 2979 per
614 2910 756 2982 sapientia
780 2910 916 2984 luigorem
936 2927 986 2984 per
1037 2910 1221 2985 interponitor
1232 2927 1344 2982 semper,
1357 2924 1407 2981 pre
1420 2922 1478 2981 quo
1493 2923 1544 2965 nos
1560 2909 1692 2965 babemus
1705 2906 1830 2979 Disperi-

190 2994 284 3050 cmnia
307 3004 337 3053 et
361 2997 389 3053 in
411 2999 541 3057 omnibns
563 2998 723 3072 fulgentem,
744 3017 808 3059 cum
833 3004 887 3060 erit
912 3002 986 3061 Deus
1037 3020 1093 3071 rna,
1114 3004 1224 3076 signum
1240 3002 1367 3059 videlicet
1388 3001 1575 3058 distinctionis
1594 3002 1665 3057 inter
1680 3000 1738 3072 jain
1755 2999 1829 3058 dicta

190 3085 284 3140 omnia
297 3088 325 3141 in
336 3088 477 3156 omnibus,
492 3091 631 3149 ridebitur
642 3090 715 3149 llens
731 3093 846 3150 deorum
871 3094 900 3149 in
917 3093 985 3151 Sion
998 3108 1021 3166 q
1036 3104 1064 3151 et
1075 3094 1166 3150 adhuc
1176 3093 1302 3151 dicenda.
1313 3091 1374 3149 lam
1386 3093 1487 3164 quippe
1497 3093 1607 3149 duabus
1616 3091 1741 3164 partibus
1755 3091 1829 3163 psal·

191 3175 263 3231 iacie
277 3176 436 3245 adfaciem,
453 3179 526 3237 sicut
538 3190 590 3249 εει,
607 3182 644 3237 ita
656 3190 687 3238 ut
697 3183 790 3240 nullus
804 3193 882 3257 egeat
891 3185 985 3245 doceri
1036 3199 1076 3242 att
1091 3186 1196 3241 exactis
1211 3184 1306 3256 incipit
1316 3200 1379 3256 pars
1392 3185 1473 3239 tertia
1495 3184 1530 3240 de
1544 3183 1741 3240 donationibus
1751 3182 1829 3237 Chri·

191 3267 272 3338 quasi
299 3283 349 3340 per
368 3271 492 3343 argentei
520 3272 624 3345 eloquii
658 3275 801 3343 tinnitum,
827 3277 869 3333 rel
903 3277 985 3349 quasi
1036 3278 1071 3334 sti
1086 3276 1262 3333 ascendentis
1272 3292 1358 3348 agens
1373 3276 1428 3332 hoc
1438 3275 1539 3333 modu:
1562 3273 1593 3332 Si
1605 3276 1748 3330 dormiatis
1761 3275 1830 3329 inter

191 3375 241 3430 prr
253 3361 335 3417 tubas
344 3370 490 3432 argenteas
502 3364 617 3421 excitari
638 3366 673 3423 ad
695 3377 849 3424 castrorum
868 3379 984 3439 motum,
1036 3366 1136 3423 medios
1151 3366 1246 3433 cleros,
1264 3366 1342 3423 eritis
1358 3383 1462 3437 perere,
1487 3366 1530 3423 rel
1550 3376 1631 3422 erunt
1645 3365 1723 3420 rolris
1736 3379 1829 3434 perium

192 3451 264 3509 εῑευι
277 3452 304 3507 iu
317 3451 469 3527 legelioysi
481 3454 534 3511 luit
547 3457 716 3524 ordinatum,
728 3460 792 3530 quia
810 3467 876 3516 tunc
887 3475 986 3520 omnes
1036 3458 1163 3515 columbe
1182 3458 1371 3530 deargentate,
1382 3469 1407 3513 et
1416 3458 1563 3530 posteriora
1573 3456 1647 3512 dorsi
1656 3456 1713 3526 ejus
1735 3455 1762 3508 iu
1772 3453 1829 3523 pal·

191 3543 345 3599 amaximo
359 3561 449 3615 usque
469 3546 504 3603 ad
522 3547 667 3604 minimum
684 3550 759 3607 nulio
779 3551 986 3612 demonstrante
1036 3551 1092 3608 lere
1104 3551 1176 3617 auri,
1193 3550 1266 3606 sicut
1280 3565 1363 3620 supra
1374 3560 1418 3606 est
1431 3549 1563 3621 positum.

192 3652 241 3708 per
252 3651 284 3693 se
297 3636 431 3695 ridebunt
444 3640 530 3697 solem
540 3640 668 3710 iustitia,
680 3643 845 3715 penitusque
854 3645 986 3704 dissolve·
1073 3642 1127 3700 Sed
1148 3642 1240 3699 dicitis
1255 3640 1414 3698 intrassem
1430 3641 1568 3697 eubilibus
1582 3638 1690 3706 restris,
1705 3647 1733 3694 et
1749 3637 1826 3708 cogi·

192 3736 239 3784 tur
252 3730 413 3799 procinetus
437 3740 594 3789 castrorum
609 3731 658 3790 bei
673 3750 748 3793 nuuc
766 3736 943 3794 militantium
958 3747 986 3796 ει
1036 3736 1154 3793 tationes
1166 3732 1354 3790 ascendentin
1366 3732 1449 3789 eorda
1461 3741 1552 3788 restra
1563 3730 1724 3787 bocmodo:
1739 3728 1829 3797 Quan-

193 3818 268 3875 tnbis
279 3820 473 3892 indigentium,
485 3822 559 3880 sicut
572 3824 601 3880 iu
622 3824 698 3881 exitu
720 3824 804 3884 israel
818 3828 852 3885 de
868 3828 987 3901 AEgypto
1036 3828 1084 3884 diu
1096 3826 1149 3882 erit
1165 3825 1206 3882 sic
1217 3823 1428 3881 dormiendum?
1444 3823 1485 3878 lid
1500 3824 1569 3890 baec,
1580 3823 1709 3892 iuquam:
1721 3819 1827 3875 Taudiu

192 3914 431 3986 peregrinantibus
456 3915 506 3973 llei
527 3918 626 3975 eastris
645 3926 673 3975 ει
686 3918 727 3987 adl
751 3935 871 3992 pugnam
891 3922 986 3992 dispo-
1035 3917 1227 3978 dormiendum
1251 3926 1279 3973 ει
1297 3917 1325 3972 in
1349 3916 1460 3973 deitate
1478 3929 1543 3970 cnm
1563 3913 1708 3983 discipulis
1724 3909 1828 3968 Christi

193 4006 255 4064 sitis
269 4017 330 4064 erat
342 4019 510 4080 praeceptum
523 4010 583 4067 ileri
604 4012 686 4069 tubas
708 4021 863 4084 argenteas,
883 4015 986 4086 quibus
1037 4010 1187 4068 sedendum
1204 4021 1231 4066 et
1245 4008 1442 4080 quiescendum
1458 4014 1510 4073 est,
1525 4007 1709 4077 quoadusque
1730 4001 1829 4059 indua·

191 4100 351 4172 clangerent
366 4102 535 4169 sacerdotes,
549 4104 662 4175 quando
677 4104 719 4161 rel
739 4104 877 4161 habebant
897 4106 924 4162 ia
945 4106 986 4163 le·
1037 4103 1106 4159 mini
1131 4104 1232 4159 virtute
1256 4116 1291 4157 ex
1314 4100 1381 4156 aito.
1403 4096 1483 4165 Quod
1495 4096 1640 4168 magniilce
1657 4095 1760 4150 lactum
1775 4101 1828 4160 est,

192 4191 244 4249 stis
253 4192 365 4262 epulum
379 4193 511 4262 solemne,
522 4193 565 4251 rel
577 4196 734 4267 quaudoad
748 4196 927 4268 preliandum
942 4215 988 4257 ca·
1036 4194 1146 4266 quando
1170 4192 1274 4248 «lactus
1292 4198 1335 4247 εει
1349 4198 1460 4259 repente
1485 4187 1521 4245 de
1538 4187 1608 4244 eoelo
1632 4200 1718 4242 sonrrs
1747 4183 1831 4240 adre-

192 4289 248 4338 stra
260 4281 395 4340 movenda
406 4293 495 4340 erant.
1036 4284 1136 4340 nientis
1146 4282 1259 4353 spiritus
1271 4280 1483 4348 uehementiset
1490 4278 1604 4350 replerit
1612 4285 1696 4333 totam
1704 4277 1828 4341 domum,

226 4374 262 4432 lit
271 4375 382 4446 quidem
397 4376 426 4431 in
449 4376 501 4433 bac
523 4377 743 4449 peregrinatione
757 4377 926 4450 lugierrtibns
946 4395 982 4435 ea
1043 4375 1092 4433 ubl
1104 4384 1183 4431 erant
1194 4373 1324 4445 discipuli
1346 4372 1473 4429 sedentes
1486 4371 1556 4443 (Aet.
1578 4386 1607 4437 rr,
1622 4370 1666 4439 ιιι
1695 4377 1722 4425 ει
1748 4369 1829 4439 quasi

193 4463 311 4537 AEgypto
321 4466 359 4522 de
372 4466 425 4522 snb
443 4475 580 4537 potestate
603 4468 750 4525 invisibilis
763 4466 916 4549 Rhenanis
931 4471 983 4524 lm·
999 4464 1021 4518 l)
1036 4465 1204 4522 dormientes
1218 4464 1288 4519 iuter
1303 4463 1403 4518 rrredios
1422 4462 1516 4527 cleros,
1530 4476 1601 4531 quos
1619 4460 1702 4515 etiam
1723 4458 1830 4514 discer-

190 4552 312 4625 jusmodi
332 4556 404 4613 tubae
418 4565 555 4630 argentea
575 4567 641 4615 sunt
659 4558 832 4628 neccssaria,
847 4561 913 4616 dum
936 4576 984 4617 sa-
1035 4553 1125 4612 ucndo
1136 4570 1152 4609 a
1165 4552 1273 4611 cacteris
1286 4552 1446 4609 bominibus
1460 4550 1526 4607 iecit
1536 4565 1585 4606 eos
1601 4564 1679 4619 reges
1695 4557 1828 4604 streete·

192 4648 340 4705 oramentis
357 4648 508 4708 {lominicis
521 4659 653 4723 tanquam
664 4650 764 4707 lestiro
774 4651 855 4723 epulo
868 4652 983 4707 exbibe-
1034 4659 1078 4701 res
1090 4658 1172 4715 super
1186 4642 1337 4699 Ecclesiam
1357 4641 1468 4699 unicam
1486 4638 1645 4694 columbam.
1661 4637 1749 4696 Sirrrili
1760 4651 1829 4709 ergo

191 4745 239 4796 tut·
250 4753 388 4811 congruus
397 4742 488 4799 cultus
498 4741 617 4798 duorum
625 4750 849 4799 testamentorum
858 4757 908 4799 seu
918 4743 985 4799 dua·
1035 4737 1116 4794 modo
1135 4751 1209 4793 nunc
1224 4735 1252 4791 in
1267 4735 1411 4791 coerracuio
1426 4730 1719 4805 spiritailsdisciplinae
1729 4728 1828 4785 seden-

194 4837 256 4886 rum
268 4830 396 4887 tubarum
409 4841 601 4904 argenteamm
617 4834 794 4907 clangoribus
809 4834 838 4891 in
857 4834 982 4906 psalmis,
1034 4831 1111 4899 durn,
1128 4828 1327 4901 quiescendum
1340 4836 1368 4883 et
1382 4825 1462 4897 quasi
1476 4821 1668 4880 dormiendum
1683 4828 1737 4886 εει,

194 4921 304 4994 hymnis
323 4922 494 4994 canticisque
519 4925 689 4995 spiritalibus
710 4925 798 4982 eidem
821 4925 902 4995 epulo
917 4940 982 4980 corr·
1070 4921 1153 4978 iras.
1176 4922 1217 4977 ts.
1231 4920 1301 4975 llum
1314 4918 1441 4973 discernit
1456 4914 1579 4982 caustis,
1595 4912 1620 4968 iri
1635 4921 1687 4980 est,
1699 4910 1829 4967 Christus

192 5013 364 5085 gruentibus,
393 5023 421 5070 ει
434 5016 595 5072 earrtoribns
615 5016 722 5088 argenti
744 5015 834 5072 nitore
847 5014 982 5084 candidis,
1034 5017 1062 5072 in
1077 5014 1176 5071 caelum
1192 5013 1226 5069 ad
1239 5012 1378 5067 dexteram
1394 5008 1484 5065 Patris
1494 5006 1640 5063 exaltatus.
1648 5004 1719 5072 Quid
1726 5003 1829 5058 discer-

193 5103 309 5174 eiusque
321 5104 421 5161 tinnitu
444 5108 562 5163 sonoris.
576 5105 642 5162 ltem
656 5107 734 5164 bellis
755 5107 820 5162 binc
834 5105 897 5161 inde
910 5121 985 5162 nnuc
1035 5108 1073 5163 nit
1085 5110 1097 5164 t
1111 5122 1192 5176 reges,
1209 5105 1314 5161 scilicet
1332 5101 1462 5160 Ecclesia
1474 5116 1553 5172 super
1566 5115 1626 5153 eant
1637 5097 1723 5153 rariis
1735 5095 1829 5167 digni·

193 5194 401 5255 imminentibus
414 5199 517 5256 eisdem
529 5200 603 5256 tubis
616 5199 753 5272 argenteis
766 5199 925 5256 necessario
936 5215 984 5255 ex·
1034 5199 1137 5256 tatibus
1148 5197 1311 5253 distributos
1324 5204 1352 5250 ει
1362 5191 1640 5251 discretusdiridcnte
1653 5188 1756 5260 Spiritu
1768 5187 1828 5243 siu-

192 5288 311 5345 citamur
326 5289 360 5345 ad
377 5291 566 5361 praeliandum,
583 5291 659 5348 uerbi
674 5291 772 5363 gratia,
786 5290 902 5347 docente
911 5289 985 5362 ripo-
1035 5292 1106 5364 gulis
1133 5297 1215 5361 prout
1238 5290 1305 5356 vult,
1321 5298 1353 5345 ut
1369 5304 1401 5344 er
1417 5287 1458 5344 eis
1472 5285 1518 5341 alii
1538 5284 1594 5340 siut
1611 5283 1759 5354 prophetae,
1778 5280 1828 5336 aiii

193 5379 274 5447 stolo,
293 5389 324 5437 ut
342 5395 405 5452 spor
417 5396 494 5438 arma
506 5381 620 5454 justitiae
638 5399 655 5438 a
670 5382 775 5440 destris
785 5390 813 5438 et
828 5397 843 5437 a
863 5381 985 5439 sinistris
1035 5379 1161 5453 apostoli,
1175 5378 1222 5434 aiii
1236 5378 1421 5450 erarrgelistae,
1436 5375 1484 5431 alii
1498 5382 1623 5444 pastores
1635 5381 1663 5427 et
1676 5371 1827 5436 doctorcs;

194 5466 240 5538 (ii
250 5470 313 5526 Cor.
329 5487 368 5539 vr,
382 5471 436 5543 7.)r
454 5473 554 5529 rnurriti
577 5471 765 5530 conlortemur
779 5473 807 5529 iu
823 5471 939 5530 Durnium
956 5482 985 5530 cl
1035 5473 1082 5545 qui
1096 5470 1220 5543 prolecto
1241 5479 1272 5527 υι
1287 5469 1343 5526 sint
1358 5466 1447 5524 idonci
1464 5464 1524 5521 suis
1544 5462 1653 5530 oiirciis,
1676 5464 1735 5517 iriae
1749 5459 1829 5515 deal-

195 5562 223 5618 iu
246 5564 364 5632 potentia
378 5565 488 5624 virtutis
500 5566 580 5636 clus2
600 5567 746 5637 «quoniam
769 5574 883 5623 nonest
903 5565 986 5624 nobis
1036 5564 1168 5619 iniuntur
1188 5564 1215 5617 ia
1234 5560 1352 5618 Selmena
1378 5555 1456 5625 Nice,
1471 5557 1525 5613 boc
1541 5563 1594 5624 cst,
1610 5555 1645 5610 ad
1667 5549 1831 5610 similitudi-

195 5653 356 5710 ceiluetalio
365 5658 539 5716 solummodo
549 5659 680 5716 aduersus
695 5675 819 5728 carnem,
834 5670 861 5716 et
873 5660 985 5734 sangui·
1036 5672 1098 5713 uem
1107 5656 1179 5712 nisis
1191 5652 1350 5711 naturaliter
1363 5649 1492 5723 candidae
1501 5663 1549 5721 per
1560 5646 1748 5704 remissionem
1761 5658 1830 5715 pcc,

195 5759 288 5836 Q
295 5746 359 5834 sed,
375 5751 446 5823 qnod
460 5750 639 5820 periculosius
653 5762 704 5824 cst,
723 5752 870 5811 radr‘ersus
882 5752 986 5840 prinei
1036 5757 1160 5812 catorum
1175 5745 1378 5814 dealbabuntur,
1392 5752 1419 5801 ct
1434 5743 1486 5801 hor
1500 5751 1610 5801 estnon
1632 5741 1736 5800 merlus
1753 5735 1829 5807 suis,
1934 5799 1935 5804 γ
