3892 6067
184 288 234 347 lii
666 281 818 342 Gentium
838 282 1034 340 rumeusmt
1053 282 1325 340 hercheusrttttt.
1755 294 1806 350 lla

183 402 302 457 lrrrlarei
320 400 393 456 Deus
408 397 518 454 latrum
534 407 689 452 nostrorum
703 397 862 469 glorifieavit
873 396 972 452 lilium
988 404 1126 458 Areterna
1143 412 1250 468 semper
1265 397 1357 463 statio,
1383 397 1416 453 ad
1439 398 1566 455 bunraure
1589 400 1745 472 fragilitatis
1767 407 1810 463 in·

184 509 276 560 suum,
287 502 314 549 et
325 493 352 548 itt
366 491 418 546 fldc
431 490 549 545 nourrinis
560 490 620 561 ejus
634 490 708 544 dedit
722 490 854 560 integram
869 489 972 545 sanita·
1022 486 1102 542 frma
1126 487 1294 557 exinanitus,
1318 497 1345 543 et
1369 497 1498 560 tanquam
1518 490 1545 544 in
1562 491 1679 547 solstitio
1699 494 1811 552 hiemali

185 592 237 640 tent
257 585 283 638 in
300 591 445 653 cuttspoetu
457 582 577 637 ouurium
592 591 712 637 restrum
727 582 797 653 (Aet.
810 596 853 649 ιιι,
869 582 911 644 ιι,
927 582 972 650 ts,
1023 578 1137 634 humilis
1148 587 1175 633 et
1185 580 1315 648 parrulos
1330 580 1449 635 inuentus
1463 590 1490 635 ut
1505 582 1592 649 fremo,
1615 593 1696 640 status
1712 586 1811 643 rideli-

184 685 212 731 ιι
227 674 282 745 lli).
298 693 309 727 ι
331 674 377 729 Sic
392 690 461 744 opus
475 674 597 729 ditinum
615 674 648 729 ad
663 673 775 746 gloriam
788 675 907 731 numinis
928 691 973 732 re·
1024 679 1066 726 eet
1080 686 1114 725 ex
1134 669 1234 726 femina
1249 672 1321 727 circa
1347 672 1462 728 hiemale
1486 681 1610 743 ternpus,
1634 678 1745 746 quando
1768 677 1811 735 sol

185 765 257 820 ferre
267 766 399 836 psuinrrou
414 765 510 829 dicere,
525 764 575 821 fuit
588 766 688 819 rrourirti
700 766 769 836 ejus.
1023 773 1079 814 uon
1092 759 1230 817 descendit
1244 762 1367 828 ulterius,
1387 771 1417 818 ut
1429 765 1587 818 ascenderet
1600 762 1674 832 illue,¹
1690 766 1736 822 ubi
1751 777 1811 824 erat

220 858 315 913 Etrus
330 858 421 928 igitur,
435 873 483 927 per
501 874 572 927 quos
588 856 659 912 Deus
672 872 759 927 usque
779 857 901 913 inlinens
917 873 968 913 sae·
1024 851 1112 920 pillis,
1124 862 1224 908 extunc
1235 852 1346 922 profecit
1363 872 1372 904 t
1391 862 1470 909 aetate
1483 869 1515 909 tic
1530 855 1663 925 stipienlltt
1678 864 1704 911 ei
1722 858 1809 928 gralia

184 951 238 1004 erili
255 949 324 1004 buna
339 958 477 1019 operatur,
493 950 518 1005 si
534 949 644 1020 quando
659 965 742 1019 super
755 951 808 1006 hoe
819 949 973 1018 tentamini,
1024 958 1117 998 cotum
1129 942 1185 999 Deo
1197 952 1225 999 et
1239 945 1395 1000 homiuibus
1409 944 1485 1017 (Luc.
1500 961 1530 1013 tt,
1543 945 1602 1015 25.)
1616 964 1626 998 1
1642 947 1676 1018 is,
1687 949 1738 1019 qui
1751 959 1811 1006 erat

186 1049 216 1094 ιιι
229 1040 263 1095 de
275 1039 319 1094 his
332 1040 410 1111 quasi
426 1048 517 1097 restra
532 1041 631 1095 virtute
642 1050 690 1098 ant
705 1041 805 1111 pietate
818 1050 892 1114 gesta
909 1043 973 1111 sint,
1028 1052 1038 1086 1
1054 1034 1150 1104 plenus
1162 1037 1247 1107 311111
1262 1045 1288 1091 el
1303 1037 1416 1091 ueritate
1432 1034 1523 1108 (foen.
1541 1052 1561 1103 ¹2
1577 1037 1630 1108 ¹5).
1647 1057 1657 1090 1
1674 1039 1731 1109 iam
1746 1051 1812 1097 tunc

185 1129 227 1184 rel
242 1130 323 1185 tacite
335 1130 377 1185 uel
400 1139 492 1201 ιρι-ιιι
508 1131 673 1202 gloriemini,
690 1132 731 1190 sie
749 1134 881 1203 pectinem
895 1134 975 1187 dieite
1025 1128 1108 1183 veluti
1122 1137 1185 1198 pust
1198 1128 1314 1184 hiemale
1328 1128 1474 1183 solstitium
1487 1128 1568 1198 eoepit
1582 1131 1720 1184 oscendere
1733 1148 1814 1201 seper

185 1221 287 1275 uorrrini
299 1222 367 1292 ejus,
380 1231 474 1277 utnon
490 1232 621 1290 trstrum,
636 1226 683 1280 sed
697 1225 784 1295 ipsius
800 1239 893 1278 neuen
914 1227 975 1296 glo·
1025 1236 1158 1275 occasum.
1184 1220 1268 1285 Quasi
1293 1221 1367 1274 enim
1396 1220 1477 1275 toties
1500 1220 1576 1276 risus
1599 1229 1642 1276 est
1667 1221 1811 1287 occidisse,

185 1313 348 1371 rideandum
370 1316 532 1385 predicaris,
559 1333 592 1371 ne
615 1316 751 1387 captarnfo
776 1316 817 1369 rel
842 1315 975 1385 raptando
1025 1311 1133 1382 quoties
1142 1311 1262 1366 bumana
1277 1327 1374 1381 passus
1389 1312 1471 1366 desiit
1483 1326 1540 1366 sure
1554 1310 1813 1382 Divinitatieradius

185 1403 228 1459 soi
251 1412 348 1475 sponte
368 1404 489 1459 oblatum
504 1404 762 1474 rubisaceeptnudo
780 1404 905 1475 gloriam,
920 1403 976 1458 lieo
1025 1404 1171 1459 emittere:
1186 1403 1233 1459 sed
1249 1411 1340 1458 ιιιιιιιι
1354 1419 1432 1472 srcpcr
1451 1402 1607 1473 frrrJusmodi
1624 1419 1747 1458 occasum
1760 1403 1814 1458 ful-

186 1510 241 1550 uun
256 1494 334 1550 rubis
347 1494 477 1560 debitam,
493 1494 554 1551 sitis
571 1494 736 1551 fraudulenti
758 1495 877 1550 nriuistri
902 1504 976 1550 recte
1025 1492 1114 1564 gidior
1129 1506 1238 1563 semper
1252 1492 1380 1556 uscerrdit,
1399 1492 1462 1562 quia
1477 1491 1615 1546 infirmum
1633 1490 1693 1562 ejus
1715 1489 1813 1547 fortius

186 1585 296 1655 quidem
314 1584 463 1651 offerendo,
479 1586 526 1641 sed
541 1602 595 1641 non
608 1597 679 1642 recte
692 1586 849 1649 disiderido,
865 1586 976 1656 quando
1026 1582 1183 1640 hominibus
1198 1584 1298 1638 claruit
1311 1602 1318 1638 ε
1331 1582 1406 1638 serbi
1418 1583 1515 1654 gratia,
1529 1583 1678 1639 reclinatus
1692 1582 1720 1638 iu
1739 1598 1813 1654 pre·

185 1677 255 1732 bone
271 1676 381 1747 quidem
404 1677 568 1747 operamini,
581 1679 628 1733 sed
650 1694 705 1733 nun
729 1680 798 1735 benc
818 1676 973 1749 gloriamini
1026 1676 1149 1746 sepiunt
1170 1673 1401 1731 indrmusinfaus
1425 1682 1554 1745 tauquam
1578 1674 1605 1729 in
1623 1690 1717 1729 occasa
1741 1674 1812 1743 fuit;

187 1768 345 1838 rrsurparnlu
360 1768 440 1823 robis
463 1768 576 1838 gloriam
602 1769 666 1824 boni
691 1769 791 1840 operis.
808 1768 920 1826 fieetius
934 1770 977 1825 di·
991 1751 1013 1806 11
1027 1765 1074 1821 scd
1090 1765 1168 1820 stella
1189 1780 1284 1837 magos
1297 1779 1331 1820 eo
1349 1765 1476 1831 ducente,
1497 1773 1579 1835 atque
1599 1764 1653 1819 illis
1677 1780 1740 1820 eum
1764 1766 1815 1821 ad·

187 1860 251 1914 risit
269 1859 382 1929 angelus
403 1859 497 1915 dicens
513 1877 520 1915 :
538 1877 548 1910 ι
566 1858 657 1915 Gloria
678 1862 705 1914 in
730 1861 845 1916 excelsis
868 1861 933 1926 fleo,
949 1869 978 1915 et
1027 1857 1169 1912 orantibus
1183 1856 1305 1928 mysticis
1327 1856 1486 1912 muneribus
1507 1857 1625 1911 escendit
1645 1872 1722 1927 super
1735 1872 1814 1912 ecee-

187 1951 215 2006 iu
240 1960 310 2006 terra
337 1966 388 2020 pax
412 1950 570 2007 hominihus
590 1952 668 2007 boue
689 1953 839 2008 uoluntatis
854 1953 930 2025 (Luc.
944 1971 975 2023 n,
1027 1964 1085 2003 sune
1100 1948 1227 2003 rutilante
1240 1949 1267 2001 in
1290 1948 1419 2004 cordibus
1433 1962 1527 2003 eorum
1544 1947 1688 2019 splendore
1709 1946 1813 2004 Divini-

188 2040 389 2110 ll).rGioria,
405 2040 649 2114 iuquit,l)eo,pax
666 2044 834 2113 homiuibus,
855 2046 977 2101 trtintel-
1026 2039 1092 2098 tatis
1122 2039 1181 2111 ejus
1218 2048 1294 2094 tauto
1322 2039 1419 2109 majori
1450 2049 1476 2095 et
1486 2040 1647 2096 mirabiliori
1677 2039 1812 2108 claritate,

186 2134 287 2203 ligatur
298 2135 375 2190 sotus
387 2121 457 2189 fieus
468 2135 661 2207 glorificandus
676 2151 723 2207 per
735 2139 826 2193 omnia
839 2147 865 2194 ιι
878 2139 905 2193 in
917 2154 977 2194 om·
1026 2143 1130 2206 quanto
1152 2132 1239 2189 uirtus
1255 2132 1283 2186 in
1298 2130 1455 2186 infirmitate
1476 2146 1530 2186 uon
1554 2132 1739 2201 minuebatur,
1764 2132 1814 2188 sed

186 2226 277 2292 nibus,
293 2225 340 2296 qui
357 2241 450 2296 pacem
475 2227 589 2298 largitur
604 2228 763 2285 huminibus
778 2231 858 2286 bone
877 2232 976 2286 roiun·
1027 2227 1114 2298 magis
1127 2225 1328 2297 perficiebatur,
1343 2222 1398 2278 imo
1416 2223 1451 2280 ah
1472 2232 1574 2280 aterno
1588 2222 1707 2294 perlecta
1722 2232 1814 2280 ostea-

187 2315 261 2371 tatis.
284 2314 411 2370 Contenti
435 2332 500 2388 crgo
515 2317 571 2372 sint
591 2317 680 2374 oblata
704 2320 757 2376 sibi
777 2336 853 2391 pace,
874 2338 907 2378 ae
920 2319 977 2378 lieo
1026 2317 1151 2373 debatur.
1167 2315 1233 2372 item
1247 2316 1330 2387 ’quud
1353 2314 1479 2372 femineis
1500 2314 1652 2372 faciabdiur
1670 2314 1812 2383 uberibus,

186 2408 343 2478 relinquant
360 2407 486 2478 gloriam,
505 2409 550 2473 ne,
565 2409 589 2465 si
606 2419 737 2480 usurpant
752 2411 866 2482 gloriam
881 2412 978 2468 incon·
1027 2421 1086 2467 erat
1100 2410 1138 2465 illi
1154 2410 1206 2465 soii
1220 2418 1323 2464 eterno
1338 2408 1417 2478 quasi
1428 2409 1538 2480 quidam
1551 2425 1669 2464 occasus.
1684 2409 1812 2467 Attamen

187 2513 304 2564 cessam,
319 2500 434 2568 perdant
447 2514 541 2570 pacem
554 2514 724 2557 concessam.
1027 2518 1105 2573 super
1116 2517 1237 2557 oceasum
1251 2501 1325 2556 hune
1336 2501 1454 2554 escendit
1464 2502 1626 2558 canentibus
1637 2503 1675 2558 illi
1686 2503 1791 2575 angelis
1804 2521 1813 2559 ι

222 2587 279 2646 lios
295 2588 431 2661 praecipue
456 2589 517 2645 sitis
540 2591 572 2646 de
598 2591 704 2647 cautela
728 2591 781 2647 ista
804 2593 975 2662 communiti,
1028 2592 1120 2648 Gloria
1134 2592 1281 2648 inescelsis
1294 2590 1367 2656 lieo‚·
1393 2591 1521 2648 reluertc
1535 2592 1563 2646 iu
1583 2608 1627 2663 eo,
1641 2594 1715 2666 quod
1730 2596 1814 2650 ubera

185 2681 286 2752 quibus
307 2681 461 2737 attitulatur
484 2682 536 2738 iste
557 2682 677 2752 paulinos
706 2685 820 2752 cantici,
845 2685 977 2756 quoniam
1027 2699 1128 2757 sugens
1150 2682 1267 2740 feminea
1289 2684 1322 2739 de
1343 2682 1413 2739 coelo
1434 2682 1542 2738 coelitus
1567 2685 1625 2754 ipse
1656 2681 1815 2754 impleverat

186 2781 312 2829 cantores
327 2781 354 2828 et
376 2773 503 2828 doctores
525 2774 682 2844 pariterque
696 2783 853 2844 operatores
863 2776 978 2846 justitiae
1027 2786 1154 2833 manente
1169 2777 1266 2831 matris
1278 2775 1399 2846 uirginea
1414 2774 1577 2846 integritate,
1601 2773 1654 2830 fuit
1674 2775 1712 2831 illi
1737 2791 1814 2847 saper

185 2864 220 2917 ad
233 2864 285 2919 boe
299 2863 367 2920 estis
382 2863 463 2920 electi
478 2873 506 2920 et
520 2865 673 2933 constituti,
698 2874 728 2920 ut
753 2865 780 2920 in
795 2866 892 2936 spiritu
906 2877 934 2923 et
948 2868 977 2923 in
1027 2883 1150 2923 accessum
1162 2868 1311 2922 oscendere.
1327 2865 1392 2922 ltent
1408 2885 1415 2922 :
1432 2866 1509 2922 Venit
1523 2867 1556 2922 ad
1572 2866 1680 2937 nuptias
1691 2868 1814 2924 carnales

185 2956 285 3012 rinute
300 2954 365 3012 filiae
382 2972 432 3013 seu
445 2955 560 3013 loannis
577 2957 756 3028 praecursoris
774 2958 845 3013 riam
860 2958 977 3016 Domino
1027 2961 1105 3032 quusi
1123 2959 1216 3026 homo,
1240 2957 1313 3029 quod
1338 2956 1390 3013 furit
1410 2958 1448 3013 illi
1471 2959 1606 3024 occidere,
1628 2958 1674 3014 sed
1695 2960 1814 3015 ascendit

185 3046 354 3118 praeparetis,
375 3063 452 3119 reges
474 3047 599 3118 aliosque
617 3049 755 3119 principes
776 3050 863 3106 malos
885 3051 1011 3147 inere·C
1028 3052 1084 3107 illic
1098 3068 1176 3122 saper
1188 3067 1311 3106 recusem
1326 3050 1430 3106 faciens
1447 3050 1481 3106 de
1494 3066 1564 3120 aqua
1577 3049 1683 3116 uinum,
1694 3065 1749 3121 quo
1762 3051 1815 3105 mi-

185 3139 285 3208 pando,
304 3139 410 3209 piebem
424 3138 573 3208 perlectam
588 3140 722 3209 parando,
738 3155 822 3210 prava
834 3141 861 3196 in
872 3142 976 3199 directa
1029 3143 1124 3199 raeufo
1145 3158 1175 3199 se
1197 3142 1343 3198 ostendens
1360 3141 1457 3209 Deum,
1470 3151 1532 3212 post
1547 3142 1726 3198 bumilitatem
1740 3143 1816 3198 reiut

185 3237 214 3282 et
228 3243 325 3299 aspera
339 3228 366 3285 in
385 3230 443 3286 rias
459 3231 553 3302 planas
567 3233 731 3289 ordinando.
750 3233 784 3290 Et
800 3234 910 3305 quidcnr
927 3250 977 3292 nos
1028 3235 1055 3292 in
1071 3250 1166 3288 occasa
1181 3233 1390 3304 precedentem,
1407 3232 1593 3289 manifestarit
1607 3233 1720 3304 gloriam
1739 3232 1816 3288 refut

185 3333 248 3374 oum
262 3319 377 3389 parvulo
391 3319 476 3377 bario
498 3321 603 3392 paruuli
617 3322 651 3377 ad
671 3322 728 3378 Ιιιιι
743 3323 846 3395 agenda
861 3340 916 3379 non
930 3340 979 3382 su:
1027 3324 1054 3379 iu
1076 3333 1137 3379 ortu
1164 3339 1279 3381 corusco
1305 3322 1530 3395 submonentem,
1549 3332 1577 3379 et
1592 3339 1691 3394 super
1692 3339 1815 3378 occasuro

185 3425 249 3466 mus
272 3410 362 3466 idonei
385 3412 428 3467 rel
443 3413 538 3484 digni:
553 3425 742 3470 verumtamen
758 3415 786 3470 in
801 3415 853 3470 isto
873 3415 977 3485 psalmo
1026 3415 1216 3471 accedentem.

185 3502 284 3556 cantici
300 3502 491 3575 applaudendo
502 3513 600 3561 restra
612 3506 708 3561 rirtuti
721 3522 754 3562 ex
767 3505 864 3563 affeetu
883 3506 978 3576 psalli·
1063 3505 1109 3562 Sic
1120 3506 1280 3563 orientalem
1292 3505 1474 3578 splendorem
1477 3504 1538 3562 Filii
1549 3504 1597 3562 bel
1605 3459 1734 3578 praeeedit
1745 3521 1815 3563 scm·

185 3607 259 3659 urus,
273 3603 301 3649 et
314 3595 432 3650 dicimus
443 3595 520 3651 robis
535 3596 708 3667 praeconibus
722 3609 750 3653 et
761 3594 977 3668 praecursoribus
1027 3611 1075 3668 per
1088 3597 1168 3669 quasi
1188 3597 1364 3654 occidentalis
1386 3596 1527 3653 httmilitas
1549 3597 1671 3668 ejusden
1686 3595 1748 3651 Filii
1764 3597 1815 3652 hu·

185 3683 315 3742 Durrrlni:
333 3685 390 3742 lter
404 3688 483 3757 {acie
497 3689 531 3754 ei,
547 3690 594 3761 qai
612 3689 732 3743 asceadit
748 3705 827 3759 super
842 3704 976 3756 oceasum,
1028 3688 1121 3744 ruinis.
1137 3687 1214 3744 Sicut
1236 3690 1309 3744 enim
1328 3688 1370 3744 sol
1385 3705 1440 3745 nou
1460 3691 1533 3745 teuit
1548 3689 1580 3745 ad
1594 3697 1685 3745 ortum
1699 3688 1752 3743 uisi
1766 3702 1816 3758 per

184 3775 314 3832 bantium
327 3794 420 3833 nones
440 3779 492 3834 iili.
512 3778 709 3837 Ριιιιιίιιιὶοιιι
723 3790 813 3838 restra
828 3782 908 3837 facite
927 3798 977 3836 au·
1028 3795 1159 3848 ιιιιιιιιι,
1176 3794 1264 3851 neque
1277 3797 1398 3853 unquam
1414 3782 1573 3838 ascenderet
1587 3781 1614 3836 in
1629 3780 1743 3848 oriente,
1760 3778 1815 3834 nisi

184 3867 317 3924 dierttium
331 3869 414 3925 eorda
429 3871 463 3927 de
477 3871 569 3942 proris
585 3881 671 3940 recta,
698 3871 732 3929 de
755 3874 860 3944 asperis
882 3873 975 3944 plana,
1027 3871 1104 3942 prius
1118 3871 1294 3928 occumberet
1312 3873 1341 3928 iu
1362 3873 1521 3930 occidente:
1539 3873 1577 3928 ita
1601 3885 1710 3941 semper
1731 3869 1816 3927 meris

185 3960 323 4032 simulque
339 3971 446 4019 seruate
461 3963 488 4019 in
502 3964 578 4020 omni
591 3964 711 4035 puritate
728 3966 811 4021 eorda
830 3974 931 4033 restra,
947 3974 979 4025 ut
1028 3974 1086 4022 tum
1101 3965 1264 4022 humilitatis
1276 3965 1455 4037 precedentis
1469 3965 1554 4035 janua
1568 3975 1611 4022 est
1630 3965 1725 4036 gloriae
1746 3964 1814 4020 sub-

184 4054 304 4109 venienti
316 4051 433 4110 llomiuo
449 4057 505 4112 sint
517 4065 613 4127 parata
626 4067 654 4112 ct
665 4067 742 4130 grata
761 4073 815 4115 nou
834 4059 923 4114 solutu
941 4059 976 4115 ad
1028 4057 1178 4130 sequentis,
1192 4059 1256 4131 quia
1280 4078 1290 4112 ι
1308 4058 1410 4126 omnis,
1422 4057 1469 4128 qui
1482 4071 1513 4114 se
1532 4057 1645 4124 exaltat,
1657 4055 1815 4113 humiliabi·

184 4144 420 4216 inambulandum,
436 4148 483 4204 sed
498 4149 580 4205 etiam
594 4149 814 4215 inhabitandum,
828 4150 900 4206 sieut
917 4152 977 4221 ipso
1028 4160 1083 4215 ttrr,
1098 4159 1124 4206 et
1140 4152 1186 4221 qui
1201 4168 1231 4206 se
1241 4149 1378 4217 humiliat,
1390 4149 1555 4206 exaltabitur
1566 4148 1643 4220 (ιιι.
1659 4165 1715 4216 ιιι,
1731 4147 1786 4220 tl).
1800 4167 1810 4200 ι

183 4238 273 4294 elicit:
292 4258 302 4292 r
319 4237 455 4306 Quoniam
479 4240 639 4296 inhabitabo
655 4243 682 4295 iu
703 4241 768 4307 illis,
795 4249 822 4297 et
848 4242 977 4298 inambu·
1028 4240 1122 4312 igitur,
1142 4250 1171 4294 ut
1183 4240 1287 4296 dictum
1301 4248 1353 4304 est,
1365 4239 1479 4311 gloriam
1492 4239 1554 4295 filii
1569 4239 1615 4296 liei
1629 4255 1736 4311 semper
1746 4254 1816 4309 pra·

184 4326 257 4392 labo,
272 4338 300 4383 et
313 4343 361 4384 ero
376 4329 485 4383 iliorum
500 4327 582 4394 licus,
598 4338 624 4384 et
640 4331 691 4399 ipsi
707 4339 788 4385 erunt
803 4331 870 4384 mihi
886 4345 975 4400 popu·
1026 4332 1099 4386 eedit
1126 4331 1265 4386 lrurrtilitas
1288 4332 1371 4404 unius
1394 4331 1573 4403 ejusdemque
1597 4330 1658 4386 Filii
1681 4330 1814 4398 hominis,

183 4418 227 4473 lus
242 4416 285 4488 (ιι
301 4416 362 4472 dar.
374 4434 413 4484 rr,
436 4418 491 4488 lii).
510 4437 519 4470 r
543 4417 601 4473 fter
619 4423 710 4489 itaque
725 4418 806 4489 [acite
819 4420 858 4474 ilfi
881 4422 975 4476 deam·
989 4446 1013 4501 D
1027 4422 1100 4492 quod
1122 4422 1234 4492 agnosci
1253 4430 1408 4492 promptum
1422 4433 1463 4478 est
1476 4420 1532 4477 fere
1552 4423 1580 4477 in
1604 4420 1732 4477 omatibus
1752 4436 1816 4491 quae

145 4540 151 4550 ι
184 4508 353 4564 halaturuin
376 4507 496 4565 Ecclesia
518 4509 708 4580 peregrinante
729 4510 757 4563 in
780 4510 871 4577 terris,
887 4525 978 4581 quau·
1028 4512 1101 4580 feeit,
1115 4512 1157 4567 sel
1173 4512 1277 4582 perpeti
1291 4513 1487 4584 dignatusest,
1502 4511 1529 4566 in
1543 4512 1624 4567 terris
1647 4518 1747 4590 nostrae'
1769 4526 1815 4567 sa·

185 4615 268 4671 quam
292 4601 374 4671 snper
397 4601 488 4657 omnia
504 4601 639 4657 exaltatus
661 4610 755 4673 regnet
768 4600 797 4655 in
812 4601 899 4657 eoelis.
914 4599 975 4672 lpse
1025 4605 1091 4660 lutis
1113 4604 1268 4660 colummis
1285 4604 1407 4660 intentus
1421 4604 1585 4675 operationi.
1614 4601 1701 4660 flatus
1722 4604 1756 4659 de
1773 4601 1817 4660 fe·

184 4701 227 4747 est
238 4691 322 4760 enlm,
344 4693 390 4763 qui
408 4693 526 4749 escendit
540 4709 619 4765 seper
641 4708 775 4760 eremum,
797 4691 862 4748 dum
879 4708 975 4750 casum
1027 4695 1111 4761 ruina,
1128 4703 1158 4749 ut
1170 4693 1274 4749 dietum
1288 4702 1341 4760 est,
1363 4693 1494 4764 virgineis
1506 4693 1658 4749 laetabatur
1673 4692 1815 4761 uberibus,

184 4783 287 4853 proprii
305 4784 430 4853 eorporis
450 4785 478 4839 in
495 4793 585 4841 morte
601 4784 774 4857 recuperarit
797 4784 915 4854 gloriose
930 4799 976 4839 re·
1027 4785 1123 4855 pannis
1136 4784 1287 4851 insolutus,
1315 4784 1351 4840 ab
1369 4782 1475 4853 angelis
1501 4783 1624 4839 «Gloria
1648 4784 1676 4838 itt
1697 4783 1816 4841 excelsis

184 4876 355 4932 surrectione
366 4886 449 4948 atquc
461 4877 616 4934 admirabili
629 4877 790 4934 ascensione
803 4894 810 4931 ι
825 4877 867 4931 ιιι
880 4889 974 4931 asem·
1026 4873 1082 4930 lieo
1101 4893 1110 4926 ι
1130 4874 1292 4934 canentibus
1314 4873 1495 4938 collaudatur,
1519 4883 1546 4929 ιι
1567 4874 1595 4930 in
1617 4873 1747 4945 praesepis
1766 4888 1817 4929 an·

183 4967 222 5021 dit
238 4982 317 5035 super
334 4983 469 5036 occasum,
493 4969 557 5039 quia
577 4967 604 5024 in
620 4969 700 5025 trahis
715 4976 794 5023 retus
805 4966 860 5022 rita
873 4967 974 5023 ondens
1026 4966 1117 5036 gustia
1131 4965 1239 5034 positus
1254 4962 1281 5018 ia
1300 4961 1444 5018 latitudine
1459 4963 1521 5019 creti
1535 4964 1613 5020 stella
1628 4962 1749 5036 fulgente
1765 4962 1816 5018 de-

184 5059 295 5128 uecidit,
313 5075 384 5115 nora
399 5075 462 5115 eunt
477 5060 630 5116 uenientem
643 5059 768 5129 suscipit.
1025 5056 1157 5122 claretur,
1173 5057 1207 5112 ati
1220 5055 1350 5126 ternpmm
1371 5064 1501 5125 tanquam
1515 5064 1642 5124 peccator
1656 5054 1817 5124 deportatus

219 5153 326 5210 Aliter:
347 5153 394 5209 Sul
409 5154 462 5211 iste
476 5153 593 5210 risibilis
609 5163 672 5224 pust
685 5152 802 5208 hiemale
825 5151 973 5208 solstitium
1025 5161 1041 5200 ι
1057 5145 1185 5201 Simeuue
1199 5145 1292 5201 lumen
1307 5159 1402 5200 rerum
1418 5145 1593 5215 praedicatur,
1608 5153 1635 5200 ct
1659 5144 1731 5201 iuter
1750 5160 1817 5213 pue·

184 5247 297 5304 tendens
310 5254 343 5303 ad
357 5249 477 5305 aestivale
487 5248 610 5319 quotidie
620 5246 738 5302 ascerrdit
751 5261 830 5316 super
839 5262 973 5314 occasum,
1026 5245 1134 5291 111101θῦ
1149 5235 1183 5290 id
1198 5235 1270 5291 81111
1284 5235 1506 5305 511113111181111111
1523 5235 1635 5290 11111115
1649 5250 1715 5291 11)οθ
1728 5232 1818 5289 1131115

182 5338 247 5407 quia
267 5337 300 5393 de
312 5337 356 5394 die
371 5338 399 5391 in
421 5338 493 5394 diem
518 5338 600 5393 altior
622 5337 756 5404 ascendit,
771 5341 863 5407 {quarn
887 5336 974 5405 pridie
1025 5338 1051 5383 et
1065 5326 1168 5397 Spiritu
1191 5334 1287 5383 saneto
1310 5326 1412 5382 risibili
1435 5325 1526 5396 specie
1542 5341 1624 5394 super
1638 5324 1715 5380 illum
1731 5337 1816 5394 appa·

183 5425 331 5492 occiderat,
347 5443 409 5482 eum
422 5427 656 5498 progressionariu
669 5443 752 5483 eursu
763 5427 799 5481 ab
810 5423 975 5480 hiemalibus
1026 5428 1103 5475 rente
1136 5418 1255 5476 Sanetus
1282 5429 1440 5476 sanctorum
1463 5416 1667 5483 manifestatur,
1703 5414 1815 5472 fraudes

183 5518 269 5588 siguis
282 5519 315 5572 ad
329 5520 458 5575 aestivalia
471 5521 645 5590 propinquat.
661 5518 794 5574 Similiter
807 5518 849 5573 sol
860 5515 974 5587 iustitiae
1025 5510 1127 5583 perfert
1149 5514 1292 5569 tentatoris
1313 5519 1341 5567 et
1363 5525 1427 5565 mox
1445 5510 1606 5566 aecedentes
1628 5508 1718 5580 augeli
1730 5507 1815 5562 mini·

183 5607 310 5663 Christus
325 5609 404 5678 quasi
419 5611 452 5665 de
475 5610 530 5666 alto
552 5618 579 5665 et
602 5609 716 5665 aestivali
733 5607 904 5665 celsitudinis
924 5607 980 5677 pa·'
1025 5612 1114 5660 strant
1127 5605 1163 5660 ei.
1176 5603 1288 5660 famem
1302 5603 1457 5673 patiebatur
1469 5610 1500 5657 ut
1514 5603 1609 5669 fremo,
1624 5601 1672 5658 sed
1685 5600 1719 5656 tle
1733 5599 1817 5670 quin·

184 5707 268 5754 terna
281 5699 409 5772 solstitio,
428 5702 473 5757 ubi
495 5718 547 5757 una
562 5718 624 5758 essm
637 5701 715 5758 latre
737 5700 872 5759 altissimo
885 5698 971 5755 fuitei
1026 5711 1079 5767 que
1097 5695 1213 5766 panibus
1226 5705 1252 5751 et
1265 5694 1374 5752 duobus
1391 5693 1513 5764 piscibus
1527 5693 1649 5766 quinque
1664 5690 1750 5772 millia
1767 5705 1814 5746 sa-
