3892 6067
137 269 191 332 ort
688 262 873 327 esmsrrro
892 268 926 325 m
946 264 1082 328 caune.
1101 269 1217 329 isara.
1712 234 1783 340 aas

137 390 259 464 ssoyaen,
271 386 319 460 qui
337 385 403 445 illud
416 383 495 455 dixit,
515 386 648 458 scriptum
672 385 761 444 luerat
782 388 924 459 quippiam
937 390 960 448 Α
975 386 1024 443 rial
1039 388 1066 444 ia
1081 388 1201 460 populis,
1217 388 1340 456 homine,
1355 398 1383 446 et
1401 390 1515 462 psallam
1537 392 1586 448 tihi
1608 391 1636 449 in
1649 398 1766 454 nationi·

136 481 283 555 ejusmodi.
300 478 469 551 igiturquod
489 478 618 549 praecepit
638 478 733 546 harto,
754 480 928 535 aldomin
977 479 1029 533 hus
1044 479 1130 551 (Psoi.
1145 495 1200 546 avr,
1220 480 1277 552 10).
1293 501 1303 533 ι
1328 479 1405 537 Unde
1424 483 1604 539 saluberrime
1625 499 1766 559 assumpta

136 575 208 632 ilios
221 570 291 627 iuda
305 585 411 637 areum,
426 570 496 626 sicat
516 572 642 640 scriptura
656 580 696 625 cot
711 572 741 626 io
754 570 824 625 lim
836 569 927 640 jono-
976 581 1020 627 cst
1035 572 1079 627 illa
1102 573 1275 629 consuetudo
1292 573 1321 628 iu
1343 572 1474 642 Ecclesia,
1494 586 1524 630 ut
1540 577 1567 631 in
1585 579 1766 635 conuentibus

136 680 208 728 ram,
223 663 264 719 sic
278 661 484 732 intelligendum
499 670 541 715 est
555 670 597 725 ιιι,
609 661 676 731 quia
695 660 767 716 mab
786 674 925 731 pugnare-
976 662 1170 721 ecclesiastieis
1188 665 1337 722 recitentur
1355 667 1476 737 quotidie
1493 664 1606 732 Psalmi,
1629 684 1692 723 cunr
1714 686 1767 725 rae·

136 765 200 815 rant
212 754 260 810 dlii
271 753 355 810 lsrael
369 753 404 808 oh
424 752 534 822 culpato
551 764 633 807 som
651 752 867 823 &sagittarios
881 751 926 804 in·
977 761 1035 808 tera
1049 755 1162 825 scripta,
1180 764 1210 811 ut
1220 755 1345 821 Genesis,
1357 756 1464 827 aliaque
1478 757 1540 812 talia
1554 760 1637 814 semel
1650 760 1676 814 iu
1692 776 1766 815 auno

136 855 270 917 terempto
285 845 352 901 Saul
371 844 458 916 lopati
476 851 507 899 ct
518 842 657 914 prostrati,
681 842 776 899 saltem
794 841 842 898 lilii
856 840 926 897 luda
977 846 1083 899 sulcant
1097 847 1216 901 recitari.
1235 845 1378 903 «Psallam
1392 849 1500 918 spiritu,
1514 850 1627 918 psallam
1638 860 1767 907 etmerrte

136 938 307 997 eorrtrihules
320 936 364 993 soi
388 936 525 992 discerent
542 944 637 990 contra
662 933 819 1006 sagittarios
839 933 926 989 malos
978 932 1005 994 il
1018 934 1080 991 Cor.
1094 952 1150 1003 xre,
1170 937 1253 1007 id),r
1272 939 1310 993 ait
1323 938 1481 1010 Apostolus,
1500 949 1582 1009 atque
1599 950 1630 996 ιιι
1650 942 1717 999 alios
1731 942 1766 997 ad

137 1049 205 1092 areu
219 1031 365 1104 cisaplm
381 1044 513 1102 pugnare,
525 1027 780 1098 sicutomaesjusti
792 1026 925 1094 lecerunt,
977 1024 1067 1096 ipsum
1082 1039 1253 1097 provocaret,
1272 1048 1282 1083 r
1306 1031 1401 1096 nolite,
1420 1031 1520 1101 inquit,
1540 1032 1668 1087 inebriari
1691 1018 1765 1100 rino,

137 1138 366 1198 momnes
380 1124 502 1180 uictoria
526 1122 688 1179 mirabiliter
711 1130 829 1192 peractae
851 1129 925 1186 sunt,
978 1117 1006 1171 in
1021 1132 1078 1188 quo
1102 1128 1144 1175 est
1167 1119 1288 1185 luxuria,
1311 1121 1359 1177 sed
1375 1122 1525 1192 implemini
1548 1121 1650 1194 Spiritu
1671 1135 1767 1179 sancto

137 1222 301 1286 cooperante
316 1212 383 1278 ilco,
400 1213 427 1268 iu
442 1212 531 1283 gladio
544 1222 571 1266 et
582 1226 647 1267 arcu
664 1226 727 1279 suo,
743 1225 799 1282 quo
816 1228 826 1263 ι
845 1224 927 1265 areos
978 1209 1121 1280 loquentes
1135 1212 1338 1284 uobismetipsis
1360 1214 1389 1267 in
1411 1214 1535 1283 psalmis,
1550 1224 1576 1270 et
1598 1216 1717 1286 hymnis,
1740 1225 1768 1270 et

137 1305 251 1362 fortium
274 1312 418 1376 superatus
434 1312 486 1369 est,
499 1312 527 1358 et
548 1301 649 1357 indrmi
670 1301 785 1357 accincti
800 1309 865 1357 sunt
880 1316 926 1355 ro·
977 1302 1105 1369 canticis,
1121 1303 1292 1373 spiritalibus
1311 1306 1459 1376 psallentes
1480 1308 1507 1361 in
1528 1308 1656 1363 cordibus
1669 1307 1767 1364 restris

137 1397 203 1453 hore
216 1395 244 1469 (1
258 1396 322 1467 liep.
337 1411 368 1463 ιι,
379 1395 418 1466 1),
435 1414 446 1448 r
471 1395 543 1452 sicut
557 1402 692 1450 ιιιιιιιιιιι·
715 1393 862 1463 Scripturas
882 1408 927 1447 sa·
978 1390 1096 1449 minino
1106 1393 1215 1463 (Epiros.
1228 1411 1255 1462 v,
1276 1394 1320 1461 18,
1335 1396 1391 1465 19),
1407 1415 1418 1448 a
1433 1397 1506 1467 quod
1521 1406 1563 1452 cst
1576 1397 1692 1467 praeliari
1710 1398 1768 1468 gla-

136 1506 202 1558 crae,
218 1505 280 1560 quaa
301 1488 353 1544 etsi
375 1486 501 1558 pluribus
516 1486 594 1542 libris
608 1486 753 1552 distinctae,
766 1500 821 1540 ono
835 1493 925 1541 minen
977 1486 1026 1541 dio
1039 1484 1144 1557 fulgido
1159 1496 1186 1543 et
1205 1503 1271 1544 arcu
1296 1486 1459 1544 fortissimo.
1482 1487 1561 1555 Noni,
1573 1489 1648 1545 verbi
1667 1490 1765 1561 gratia,

138 1581 242 1655 Spiritu
257 1580 420 1650 conscriptae
440 1587 515 1646 sunt,
534 1578 676 1634 etidcirco
696 1577 724 1633 in
747 1592 832 1633 unum
854 1586 927 1631 recte
977 1589 1041 1630 cum
1061 1575 1180 1632 dicimus
1202 1575 1281 1632 lieo:
1304 1597 1314 1630 ι
1337 1577 1453 1635 Effuude
1476 1578 1609 1634 frameam
1633 1590 1718 1645 tuam,
1740 1590 1768 1635 rt

137 1681 299 1744 reputantur
310 1673 410 1729 librom
420 1672 499 1743 Juxta
509 1670 576 1727 illud
592 1689 599 1725 :
619 1689 629 1724 ι
644 1669 677 1725 Ει
696 1670 751 1725 ridi
770 1670 797 1725 in
815 1670 926 1725 dextera
977 1668 1111 1724 conclude
1122 1670 1254 1725 adversus
1269 1685 1327 1734 cos,
1339 1670 1386 1740 qui
1401 1680 1602 1740 persequuntur
1617 1686 1661 1725 me
1678 1669 1766 1739 (Psoi.

136 1765 243 1821 sedenti
266 1766 294 1820 in
319 1765 419 1820 threnn
440 1763 540 1819 librum
556 1763 688 1834 scriptum
705 1765 790 1831 intus,
811 1773 840 1821 et
859 1763 927 1821 ioris
942 1741 964 1796 Β
978 1775 1072 1826 ιιιιι,
1083 1760 1123 1830 ὅ),
1140 1778 1150 1811 ι
1166 1760 1245 1831 quasi
1260 1760 1351 1830 gladio
1362 1775 1527 1832 pugnamus.
1543 1761 1608 1816 ltcm
1625 1776 1688 1818 cunr
1699 1761 1768 1817 dici·

121 1856 275 1932 ,signatum
291 1854 389 1927 sigillis
402 1855 494 1927 (Aper.
508 1870 536 1920 v,
558 1855 594 1924 1).
613 1872 623 1907 ι
977 1868 1040 1908 mos
1057 1869 1092 1907 :r
1117 1850 1217 1908 Eruitte
1240 1852 1354 1923 sagittas
1379 1860 1452 1918 tuas,
1469 1864 1496 1908 et
1520 1842 1697 1909 courirhahts
1720 1869 1768 1909 eos

174 1944 244 2001 Cum
260 1959 327 2018 ergo
340 1960 419 2001 saera
435 1944 575 2015 Scriptura
595 1954 651 2001 tota
664 1945 780 2001 sitliher
792 1945 925 2002 beliorum
978 1941 1068 2014 (Ptol.
1083 1958 1180 2012 cxurrr,
1199 1943 1240 2013 6),
1265 1959 1355 1999 »arcu
1377 1959 1540 2015 pugnamus.
1563 1942 1649 2011 Quem
1673 1960 1768 2000 areum

136 2035 246 2092 Domini
284 2045 313 2092 et
335 2035 404 2092 liber
432 2036 594 2108 justorum,
624 2051 680 2108 quo
702 2038 834 2093 docemur
855 2052 927 2109 prm·
978 2034 1054 2091 Sauli
1072 2035 1177 2091 similes
1199 2050 1254 2090 nou
1270 2034 1414 2101 hahentes,
1432 2035 1541 2090 etiarnsi
1560 2034 1686 2090 leonibus
1710 2034 1769 2088 lor-

135 2125 200 2182 liari
218 2126 352 2182 aduersus
365 2141 477 2182 earnem
497 2134 525 2181 et
539 2127 712 2198 sanguinem,
728 2127 811 2183 etiam
827 2128 926 2183 adver·
978 2127 1062 2182 tiores
1082 2138 1110 2182 et
1133 2126 1234 2198 aquilis
1255 2126 1406 2183 velociores
1429 2128 1610 2193 ostimentum
1633 2116 1770 2197 eum'spi-
1792 2108 1796 2120 “

136 2233 188 2275 sus
207 2218 343 2289 principes
365 2217 471 2285 mundi,
487 2228 608 2275 rectores
629 2220 813 2289 tenebrarum,
831 2228 927 2276 contra
977 2219 1039 2274 cula
1053 2218 1166 2289 spiculis
1180 2233 1234 2273 non
1259 2218 1386 2283 reddunt,
1402 2233 1465 2274 cum
1483 2235 1513 2275 se
1527 2218 1657 2274 lerientes
1668 2220 1770 2275 dmnro-

137 2310 272 2381 spiritalia
290 2310 417 2382 trequitiae
438 2309 467 2365 iu
483 2309 650 2375 eoelestihus,
666 2320 740 2367 recte
757 2311 828 2367 liber
850 2308 929 2367 Psal·
978 2296 1186 2366 nesteniatores
1196 2324 1249 2366 non
1262 2310 1395 2367 reieriuut
1408 2310 1549 2381 reigladio
1560 2310 1601 2365 uel
1613 2311 1770 2376 arcu,sieot

137 2416 246 2457 morum
256 2401 459 2472 quodammodo
469 2400 616 2474 insignitos
629 2402 701 2458 inter
717 2411 815 2459 cetera
826 2403 927 2472 scripta
977 2402 1112 2460 docentur
1128 2403 1155 2459 in
1168 2404 1238 2459 lihro
1249 2402 1387 2473 justorum
1401 2411 1429 2459 et
1443 2404 1470 2459 ln
1483 2403 1554 2459 lihro
1567 2403 1701 2458 bellorum
1715 2400 1769 2457 Do·

136 2493 206 2549 liber
224 2493 354 2549 bellorum
369 2493 487 2561 Domini,
498 2505 522 2548 ct
537 2493 604 2549 iiber
612 2494 747 2564 justorum
760 2493 814 2551 dici
827 2502 926 2565 potest,
978 2494 1058 2563 mini,
1070 2494 1150 2553 lacile
1166 2504 1246 2552 ruent
1256 2495 1284 2550 in
1301 2503 1392 2551 moute
1404 2494 1516 2560 Gelhoe,
1528 2495 1555 2550 in
1567 2510 1616 2550 sua
1628 2493 1767 2565 superbia,

136 2598 195 2654 quo
215 2599 298 2641 veros
317 2582 402 2640 hartd
428 2584 601 2656 praeliabator
622 2585 776 2655 impropria
799 2600 926 2656 persona,
977 2589 1112 2644 vulnerati
1132 2604 1147 2643 a
1166 2589 1316 2660 sagittariis
1326 2587 1509 2651 daemonibus,
1529 2594 1545 2642 a
1566 2587 1694 2659 malignis
1708 2595 1769 2641 teu·

138 2676 235 2731 dicens
251 2694 259 2730 z
277 2695 286 2728 ι
309 2674 381 2732 Deus
398 2692 486 2745 meus,
503 2675 575 2733 licus
590 2691 679 2744 meus,
700 2687 731 2731 ut
750 2678 815 2747 qnid
830 2676 928 2733 dereli-
978 2680 1128 2736 rationibus
1145 2694 1253 2744 eorum,
1268 2678 1369 2750 quihus
1393 2688 1458 2734 tuuc
1477 2679 1597 2733 proxime
1621 2674 1768 2743 resistitur,

138 2767 224 2837 qoisti
239 2767 324 2822 mel»
343 2766 453 2838 (lintri.
474 2783 560 2833 ιιιιι,
576 2768 635 2837 16.)
654 2768 741 2823 ltcur:
763 2767 814 2822 rln
829 2783 928 2825 manus
978 2788 1041 2829 cunr
1065 2751 1161 2843 spiritu
1182 2780 1210 2827 et
1227 2780 1318 2827 mente
1339 2769 1475 2842 psallitur,
1492 2770 1527 2826 ita
1550 2778 1580 2824 ut
1604 2768 1768 2845 psalmusin

139 2866 204 2912 tuas
212 2859 372 2914 commendo
380 2858 505 2929 spiritum
519 2874 610 2914 meum
622 2857 852 2931 (Leonnaia).
868 2878 879 2911 a
893 2857 928 2914 lh
978 2877 1028 2918 ore
1041 2861 1160 2929 assidue,
1175 2864 1202 2917 in
1214 2866 1298 2918 corde
1306 2862 1409 2933 jugiter
1422 2861 1478 2917 Deo
1493 2870 1588 2916 nostro
1599 2861 1635 2916 sit
1646 2859 1770 2931 jucunda

137 2965 213 3005 none
228 2950 319 3020 psallit
329 2948 358 3005 in
370 2952 528 3006 natiouihus
547 2951 627 3022 iusta
642 2950 707 3005 ihud
724 2969 732 3005 2
749 2949 929 3005 ‹Conlitehor
979 2953 1131 3025 decoraque
1148 2953 1277 3010 laudatio.
1300 2953 1369 3019 Fiat,
1390 2953 1447 3009 liat.
1467 2953 1563 3019 Amen,
1589 2967 1678 3007 ameu.

442 3311 774 3407 EXPOSITIO
811 3313 875 3402 IN
912 3310 1217 3404 canticula
1255 3310 1453 3400 tshtAE.

869 3500 957 3574 (laci.
973 3504 1045 3574 ιιι.)

175 3851 325 3927 &adulor
334 3850 393 3918 tibi,
404 3849 523 3913 Domine,
533 3843 749 3918 qaouhruiratos
758 3838 925 3905 eanrihi,etc.
940 3840 963 3898 c
980 3834 1062 3906 hujus
1076 3831 1170 3890 mundi
1184 3832 1322 3902 sapientes
1332 3831 1495 3897 docuerunt,
1505 3831 1563 3902 qni,
1578 3840 1606 3887 ut
1619 3831 1768 3902 Apostolus

65 3944 71 3955 ’
137 3942 283 4007 (ltnticum
302 3946 356 4001 hoc
378 3941 453 3999 isaia
466 3937 595 4011 precedit
612 3936 670 3990 haec
684 3932 845 4004 prophetia:
868 3926 927 3983 ιΕι
976 3926 1025 3992 ait,
1038 3933 1198 3979 monuerunt
1220 3922 1247 3975 iu
1266 3919 1469 3991 capitationibus
1492 3921 1561 3989 ruis,
1578 3935 1695 3990 quorum
1721 3935 1768 3976 sa·

139 4036 277 4094 desolabit
287 4033 422 4089 Dominus
439 4030 559 4100 linguam
575 4023 661 4081 maris
676 4019 796 4092 AEgypti,
815 4025 843 4072 et
854 4017 927 4072 leva·
977 4015 1079 4086 pientia
1092 4023 1120 4069 et
1134 4012 1289 4082 eloquentia
1302 4012 1342 4068 sie
1356 4022 1398 4068 est
1410 4026 1550 4082 pererrem,
1561 4021 1590 4066 ut
1603 4020 1769 4083 agnoscatur

140 4131 181 4187 hit
194 4140 306 4184 manum
324 4139 402 4181 suam
418 4136 501 4192 super
515 4118 616 4174 humen
635 4116 664 4170 in
687 4110 845 4169 lortitudine
865 4105 927 4177 Spi·
976 4121 1037 4162 esse
1049 4118 1147 4175 magna
1160 4102 1277 4158 stultitia
1293 4117 1348 4158 non
1361 4101 1450 4156 solum
1468 4102 1494 4154 in
1511 4100 1565 4168 his,
1584 4101 1631 4171 qui
1646 4115 1696 4169 pro
1711 4098 1768 4155 Deo

139 4223 212 4278 ritus
227 4220 281 4285 sui,
300 4226 327 4274 et
344 4214 476 4288 percutiet
490 4227 553 4269 eum
571 4211 599 4266 in
622 4217 725 4279 septem
740 4203 817 4272 rivis,
837 4203 875 4258 ita
897 4209 928 4256 ot
976 4212 1042 4253 rero
1067 4196 1163 4252 eoluut
1189 4194 1274 4258 idola,
1298 4193 1346 4249 sed
1362 4191 1452 4289 ‘etiam
1472 4193 1499 4246 in
1525 4191 1579 4255 his,
1603 4191 1650 4261 qui
1669 4189 1768 4292 1111)ιί

139 4321 283 4369 transeant
295 4324 343 4381 per
361 4322 423 4365 eum
436 4304 560 4369 calceati,
576 4301 671 4357 eterit
688 4298 731 4354 via
747 4293 857 4352 residuo
878 4307 928 4363 po·
977 4288 1035 4343 ueri
1046 4284 1158 4342 servitio
1171 4294 1299 4357 quaerunt
1313 4298 1368 4338 non
1383 4283 1473 4352 ipsum
1488 4279 1585 4348 Deum
1600 4280 1647 4336 sed
1659 4281 1694 4335 ab
1707 4296 1767 4351 rpso

141 4403 207 4475 pulo
231 4414 303 4467 meo,
324 4399 371 4470 qui
394 4397 562 4465 relinquetur
578 4392 613 4448 ab
628 4389 757 4463 Assyriis,
782 4386 854 4443 sicut
876 4381 928 4438 luit
978 4388 1080 4436 creata.
1476 4462 1482 4475 ⁸
1513 4462 1545 4475 ..
1725 4461 1731 4474 .

139 4495 225 4553 lsrael
239 4495 266 4549 iu
287 4493 341 4557 die,
364 4505 419 4561 qna
443 4486 564 4543 ascendit
579 4484 612 4540 de
636 4492 708 4539 terra
723 4478 831 4552 AEgypti
845 4475 925 4553 llari.
1012 4471 1084 4538 Quid
1098 4480 1141 4527 est
1151 4477 1244 4526 auteur
1256 4468 1355 4538 pumen
1369 4463 1482 4564 AEppptr
1494 4478 1546 4519 msr
1560 4477 1674 4534 regnum
1684 4461 1768 4531 lauros

140 4602 181 4653 ιι,
197 4586 241 4652 15,
256 4583 314 4640 16).
327 4601 337 4634 ι
356 4601 366 4632 r
382 4578 416 4633 Et
427 4578 502 4634 dices
516 4575 544 4630 in
559 4575 605 4629 illa
617 4573 660 4628 die
674 4590 680 4625 :
696 4569 852 4626 Corrdtehor
866 4567 924 4631 tibi,
977 4563 1083 4629 muudi,
1097 4561 1172 4633 quod
1193 4560 1221 4615 in
1243 4557 1403 4615 fortitudine
1416 4554 1532 4625 spiritus
1546 4553 1590 4608 sui
1612 4568 1662 4608 sua
1684 4566 1768 4607 manu

140 4676 267 4743 Domine,
280 4644 409 4744 adoniam
425 4670 513 4724 iratus
525 4682 555 4722 es
573 4665 640 4720 mihi
654 4662 723 4733 (loa.
747 4678 797 4730 ιιι,
813 4661 850 4730 1).
866 4678 876 4713 ι
977 4655 1113 4726 percussit
1135 4652 1219 4717 Deus,
1245 4660 1273 4707 et
1295 4651 1323 4705 iu
1349 4656 1447 4716 reptem
1468 4644 1548 4713 quasi
1565 4645 1641 4752 Yrirot
1664 4641 1768 4746 diuisit,

176 4768 264 4840 igitur
277 4764 418 4837 prophetia
439 4758 594 4833 praecedens
616 4757 689 4812 istud
704 4753 842 4810 canticum
864 4750 927 4805 dili·
977 4746 1066 4817 priano
1080 4743 1268 4809 historialiter,
1284 4741 1382 4797 deinde
1404 4739 1527 4812 mystice.
1550 4735 1618 4790 ham
1642 4734 1676 4790 ad
1690 4734 1769 4839 'ltue-

139 4871 236 4936 genter
259 4860 392 4928 iuspecto,
416 4862 444 4909 et
465 4867 519 4906 nnn
547 4850 635 4905 solium
661 4844 857 4906 historialiter,
879 4841 927 4897 sed
977 4833 1272 4905 competentissimum
1295 4831 1434 4901 quotidam
1450 4844 1564 4901 reguum
1588 4826 1697 4899 AEgyptr
1720 4840 1769 4896 per

140 4950 222 5008 ctiam
238 4946 395 5020 spiritaliter
413 4942 549 4997 intellecta
564 4938 658 5009 pandit
669 4935 810 4991 materiam
828 4942 927 4988 etsen-
978 4927 1165 4983 fortitudinem
1190 4923 1377 4981 Romanorum
1393 4931 1585 4994 postmortem
1605 4920 1766 4989 Cleopatrae,

139 5058 203 5103 aum
219 5042 303 5097 totius
313 5036 412 5095 cantici
422 5030 593 5104 hujusiluid
605 5036 648 5084 est
659 5028 731 5083 enirn
742 5025 833 5097 liupao
844 5026 926 5078 moris
977 5020 1033 5077 Deo
1053 5020 1226 5089 disponente,
1249 5016 1365 5072 divisum
1381 5023 1422 5071 est
1443 5014 1472 5070 in
1490 5023 1593 5085 septem
1619 5010 1766 5084 principes.

140 5132 254 5206 AEpppti
266 5131 319 5188 uisi
336 5125 490 5198 eloquentia
509 5123 591 5192 buius
603 5118 697 5175 muudi
719 5133 766 5187 per
779 5114 926 5187 AEgyptum
978 5110 1069 5166 Unum
1089 5110 1162 5164 enirn
1177 5123 1267 5179 regem
1283 5107 1401 5162 habehat
1415 5105 1510 5178 Libya,
1525 5105 1609 5159 alium
1630 5100 1765 5169 Pentapo-

142 5237 170 5282 et
192 5227 252 5296 ejus
264 5239 340 5279 marc
351 5218 536 5291 metaphorice
547 5210 711 5284 signilieatil
725 5196 799 5264 lianc
809 5209 927 5278 liupatoni
942 5174 964 5230 υ
979 5204 1024 5270 lis,
1037 5201 1121 5256 alium
1133 5198 1292 5267 Thebaidis,
1303 5198 1386 5253 alium
1400 5195 1576 5258 Alexandria,
1589 5192 1672 5247 aliurn
1685 5188 1768 5261 AEgy

140 5318 272 5374 Dominus
283 5314 422 5389 percussit,
430 5307 540 5382 otiando
551 5305 660 5361 stultam
670 5302 733 5358 iecit
743 5301 824 5371 hujus
831 5297 925 5353 nrurrdi
980 5301 1053 5365 ptus,
1072 5290 1185 5360 aliaeque
1203 5289 1277 5344 illios
1292 5287 1368 5359 regni
1383 5286 1519 5349 ciuitates,
1534 5281 1659 5385 rideliect
1677 5276 1768 5332 ilelro·

140 5389 313 5481 sapientiam.
336 5405 413 5462 Unde
435 5399 581 5472 aposolus
605 5414 640 5452 :r
664 5392 716 5450 Uhi
735 5392 856 5463 sapiens,
880 5389 925 5444 uhi
979 5385 1049 5456 pelis
1060 5393 1087 5438 et
1106 5381 1228 5451 Taphuis
1241 5379 1376 5434 habehant
1390 5391 1456 5432 suos
1467 5374 1614 5447 principes.
1630 5369 1660 5425 ln
1671 5369 1767 5475 cariem

140 5503 312 5574 conquisitor
330 5498 414 5568 hujus
428 5489 645 5550 saeculilNoune
659 5486 769 5543 stultam
781 5481 926 5539 lceitlleus
980 5493 1037 5536 sum
1060 5492 1158 5531 manus
1182 5472 1341 5530 tortitudine
1362 5483 1477 5543 reguum
1501 5480 1610 5538 quoque
1622 5463 1767 5520 ludarcum

140 5595 302 5665 sapientiam
317 5590 399 5660 hujus
412 5584 530 5641 muudi?
548 5602 557 5635 r
578 5579 605 5651 (l
621 5578 683 5635 Gor.
704 5593 723 5645 r,
737 5577 794 5646 til.)
808 5573 925 5629 Stultum
980 5569 1063 5640 quod,
1082 5565 1188 5622 llerode
1202 5564 1311 5620 lunesto
1322 5562 1396 5617 uelut
1409 5560 1495 5616 altero
1513 5556 1657 5612 Pharaone
1670 5562 1765 5626 tyran-

140 5686 241 5758 quippe
258 5676 556 5738 loitrelictoCreatore
570 5679 723 5731 creaturam
740 5666 839 5734 colere,
852 5663 925 5735 quod
980 5662 1089 5720 nizante
1107 5674 1156 5731 per
1182 5655 1366 5717 masculorum
1397 5667 1488 5721 uaees,
1511 5652 1686 5707 cruentatum
1703 5642 1766 5714 init,
