3892 6067
199 242 237 302 85
478 247 631 305 uaaaollt
648 245 841 308 anabasim
860 252 1135 316 aulcassasautto.
1153 259 1331 319 colibarsu.
1352 261 1387 318 ΙΝ
1404 264 1573 324 assertos
1794 277 1829 340 bd

200 355 384 413 accusationis
404 356 446 410 val
465 358 669 416 restillcationis
684 374 781 432 egeant
795 365 891 419 ontine
910 365 988 435 ludi·
1003 375 1026 427 a
1040 369 1181 432 exaudies.
1197 373 1232 428 ad
1245 383 1269 427 te
1282 376 1367 432 omrris
1378 393 1440 432 caro
1455 380 1548 435 eveniet.
1563 379 1591 435 Si
1606 384 1679 439 enim
1692 382 1751 441 dies
1766 373 1829 442 mall

200 446 298 503 ciario.
1040 476 1095 516 noo
1112 462 1345 531 abbreviarentur,
1361 475 1392 521 ut
1417 477 1446 523 tu
1468 468 1549 534 dieis,
1576 485 1631 526 non
1656 471 1732 529 deret
1754 475 1830 533 salva

237 531 353 590 blllllll.
366 531 396 589 Si
406 548 472 606 ergo
484 551 568 606 super
584 537 628 593 liis
639 540 819 609 reprobandis
834 544 991 613 apostolicae
1040 552 1131 606 omnis
1147 567 1221 609 earo.
1236 552 1289 609 Sed
1308 564 1418 627 propter
1432 559 1545 626 electus,
1562 569 1592 616 ut
1607 569 1635 618 tu
1649 565 1788 634 promittis
1803 579 1831 624 et

200 613 343 678 minentur
367 623 499 694 epistolae,
522 626 661 699 simulque
678 631 813 687 scribetur
836 633 903 691 viris
926 635 987 690 reli·
1041 656 1092 712 ego
1103 641 1235 699 Ieremias
1248 654 1276 699 et
1287 647 1403 717 Aggasus
1417 664 1450 703 er
1463 651 1600 719 promisso
1611 660 1657 710 tuo
1666 643 1832 713 certificatus

167 709 174 724 '
200 710 296 779 glosis,
313 721 344 768 ut
360 716 383 769 si
401 715 463 785 quis
484 733 539 772 non
560 718 653 776 obedit
674 722 758 778 verbo
779 739 827 793 per
846 725 990 795 epistolam
1041 749 1118 804 rogo,
1132 734 1363 793 abbreviabuntur
1381 739 1441 795 dies
1456 741 1522 797 maii
1539 760 1547 796 ε
1565 745 1668 813 quibus
1690 747 1830 816 breviatis,

200 800 297 869 misso,
313 803 386 861 lianc
399 808 581 878 notentjusta
596 811 749 868 doctrinam
764 813 841 870 Pauli
856 820 989 888 apostoli:
1041 824 1077 878 od
1090 834 1115 880 te
1128 828 1213 889 omnir
1232 843 1294 883 caro
1306 831 1399 894 reniet,
1416 830 1441 885 id
1454 841 1497 887 est
1516 834 1639 889 exomni
1666 851 1765 907 genere
1782 837 1831 892 lio-

200 892 298 960 multa,
313 894 419 951 laventc
429 899 516 967 gratia
530 898 588 968 liei,
603 904 832 972 emendabuntur,
844 923 906 978 quae
919 926 992 965 noire
1042 915 1158 984 minum,
1178 932 1323 989 pauperes,
1336 919 1444 987 divites,
1456 921 1542 990 docti,
1559 923 1672 991 indocti,
1686 927 1774 997 pueri,
1789 941 1832 982 se·

201 983 296 1052 libere,
313 1001 375 1044 eum
399 990 454 1046 sint
478 994 548 1048 rnatu
568 1003 596 1050 et
622 997 723 1066 turpia,
740 999 810 1054 liunt
828 1014 882 1055 nou
902 1003 992 1057 solum
1042 1022 1103 1075 nes,
1127 1006 1213 1065 ludaei
1236 1019 1264 1065 et
1286 1020 1390 1080 gentes,
1404 1012 1455 1066 viri
1479 1021 1507 1068 ιι
1531 1012 1649 1081 feminae,
1678 1032 1741 1087 qua
1762 1032 1836 1087 saepe

202 1075 364 1148 inocculto,
385 1083 526 1140 sedetiam
542 1087 571 1141 in
591 1097 697 1159 oporto,
712 1099 740 1146 et
755 1088 892 1147 habentur
909 1091 991 1148 etiarn
1043 1097 1232 1168 significantur
1255 1100 1367 1157 nomine
1387 1103 1491 1169 earnis,
1514 1112 1545 1159 ut
1564 1104 1638 1161 illie:
1654 1104 1755 1163 «beon
1779 1107 1834 1163 illis

201 1184 254 1240 pro
271 1171 361 1240 bonis,
380 1190 442 1230 cum
460 1177 515 1231 sint
529 1179 612 1247 mala,
627 1180 693 1251 quia
708 1195 763 1235 non
779 1191 821 1238 est
835 1183 992 1253 quirepro·
1043 1198 1204 1258 potestatem
1226 1191 1298 1248 tilios
1311 1191 1358 1249 liei
1374 1194 1444 1259 deri,
1460 1196 1503 1251 bis
1523 1198 1571 1268 qui
1595 1200 1710 1255 credunt
1731 1201 1758 1256 in
1784 1219 1834 1258 no-

201 1262 249 1318 bct
262 1265 318 1319 illa.
338 1264 487 1323 Possumus
505 1268 591 1339 digito
609 1280 764 1328 monstrare
791 1288 823 1329 ac
846 1273 992 1332 manifesto
1044 1279 1197 1350 miaeeJ'us,
1212 1281 1327 1352 quinon
1341 1299 1374 1339 ea
1388 1285 1727 1360 sanguinibus,‘neqrrccr
1740 1292 1835 1346 voiun-

203 1357 315 1414 nomine
330 1358 485 1429 significare
500 1361 571 1415 mala
586 1362 711 1431 quaedam
724 1363 906 1433 reprobanda,
921 1367 994 1421 evel-
1028 1361 1031 1368 '
1045 1377 1100 1425 tate
1115 1371 1217 1437 carnis,
1241 1372 1288 1427 sed
1310 1388 1342 1427 ex
1359 1373 1415 1429 lieo
1434 1375 1491 1430 nati
1515 1386 1580 1432 suut
1605 1377 1697 1446 (loun.
1712 1396 1732 1446 v,
1745 1380 1802 1450 ιι).
1821 1399 1832 1435 r

202 1448 293 1520 londa,
319 1449 493 1519 destruenda,
523 1452 718 1523 disperdenda;
745 1466 780 1511 et
804 1472 839 1512 ea
868 1458 994 1528 opposito
1045 1458 1131 1514 llam:
1149 1460 1225 1516 illoc
1249 1478 1323 1519 nunc
1345 1479 1377 1521 os
1399 1480 1434 1520 ex
1455 1467 1565 1524 ossibus
1588 1471 1666 1537 meis,
1683 1473 1836 1527 etcarode

202 1541 276 1597 bona
297 1541 420 1612 quaedam
443 1543 583 1613 eligenda,
613 1545 762 1616 plantanda
780 1556 808 1604 et
822 1548 992 1605 aedificanda.
1046 1567 1128 1606 cartre
1142 1568 1200 1606 moa
1218 1551 1294 1624 (Gen.
1308 1571 1338 1619 u,
1360 1555 1439 1626 95).ι

202 1629 256 1685 Sed
278 1633 435 1702 apostolieae
462 1634 611 1705 vigilantiae
626 1652 709 1707 quam
739 1638 896 1695 sollicitudo
918 1640 995 1711 angit
1082 1643 1336 1717 laxaturum
1359 1650 1506 1720 impleatur
1525 1652 1597 1722 quod
1620 1655 1836 1724 scriptumest:

202 1721 326 1778 omniurn
341 1723 536 1791 aeclesiarum,
547 1736 576 1781 et
589 1727 623 1783 ad
637 1744 720 1798 quam
735 1738 860 1800 spectant
871 1731 994 1787 omnium
1010 1724 1032 1779 Β
1046 1736 1132 1791 Erant
1145 1737 1197 1791 duo
1210 1738 1237 1790 in
1254 1755 1332 1794 carris
1348 1758 1401 1794 arro
1424 1741 1524 1814 (ibid),
1548 1759 1665 1815 sponsus
1680 1754 1708 1801 ct
1723 1739 1836 1816 sponsa,

201 1814 336 1884 regimina
354 1830 513 1886 regnorum,
537 1819 720 1889 relinquimus
747 1818 776 1874 in
800 1820 845 1876 bis
867 1822 996 1878 omnibus
1047 1836 1127 1896 capnt
1142 1829 1317 1896 etmcmbra,
1343 1831 1539 1901 indubitanter,
1562 1835 1596 1890 ad
1621 1845 1647 1891 te
1668 1838 1838 1895 omniscaro

201 1904 332 1976 butyrum
351 1915 381 1961 et
401 1906 454 1962 mel
472 1908 682 1977 comedendum,
707 1919 737 1965 ut
758 1911 828 1966 sciat
847 1912 996 1981 reprobare
1045 1916 1221 1972 rerricttnon
1248 1919 1338 1974 solnm
1362 1921 1463 1978 illude
1487 1939 1541 1993 qua
1565 1934 1670 1980 certum
1694 1934 1738 1983 est
1761 1929 1838 1998 quod

202 1996 305 2050 svralum
319 2005 346 2050 et
366 1995 466 2069 eligere
489 1997 604 2054 bonum.
622 1998 696 2055 Sciat
711 2000 838 2057 videlicet
858 2002 885 2056 in
905 2017 996 2058 socer-
1046 2008 1177 2063 breviatis
1186 2008 1282 2065 diebus
1297 2011 1378 2067 malis
1386 2011 1433 2066 liet
1443 2014 1662 2081 salva,videlicet
1675 2016 1709 2071 ad
1721 2017 1838 2075 salutem

203 2087 280 2142 dotlo
294 2088 441 2158 reprobare
455 2087 551 2146 levitas
566 2090 679 2148 minime
689 2092 768 2163 juxta
783 2093 869 2165 legem
885 2091 932 2149 liei
945 2109 996 2163 pu·
1046 2099 1248 2169 praedestinata,
1272 2103 1476 2171 quantumlibet
1491 2105 1527 2160 sit
1542 2104 1647 2177 lragilis
1668 2116 1694 2163 et
1710 2108 1837 2178 inllrma;

203 2177 323 2234 risseawt
337 2187 365 2234 et
381 2193 470 2244 rasos,
484 2181 610 2251 stigando
635 2183 721 2238 bonos
748 2183 817 2238 bene
839 2183 996 2252 periuratos
1047 2190 1271 2262 auaritiaque
1287 2209 1341 2248 non
1355 2194 1408 2249 erit
1431 2195 1518 2262 salva,
1533 2205 1599 2253 tunc
1614 2198 1647 2253 au
1670 2208 1697 2254 te
1715 2199 1839 2270 jndicem

204 2278 232 2326 et
244 2270 402 2328 haereditate
415 2286 477 2340 qua·
497 2272 569 2329 Deus
580 2283 622 2329 est
637 2282 791 2330 contentos.
812 2273 886 2330 Sciat
899 2275 997 2330 nilvilo·
1047 2283 1148 2351 veniet,
1159 2284 1280 2355 quando,
1294 2293 1325 2339 nt
1339 2286 1535 2357 scriptumest,
1547 2289 1639 2346 omnis
1651 2291 1731 2348 ralbs
1743 2291 1841 2359 imple.

203 2361 335 2418 mimmii
350 2379 435 2434 i⁰8¹¹⁰
458 2363 604 2434 f⁰lll⁰b²l⁰
625 2364 811 2419 d⁰ffll¹¹³l⁰i⁰⁵
832 2363 951 2434 millum»
969 2370 997 2417 ⁰²
1047 2374 1132 2443 bitur,
1142 2385 1169 2430 ιι
1184 2377 1274 2432 omnis
1293 2391 1372 2433 mons
1388 2387 1416 2433 ct
1438 2378 1516 2435 collis
1539 2379 1742 2448 humiliabitur,
1757 2393 1785 2439 et
1798 2382 1842 2437 vi·

204 2454 304 2526 eligere
327 2455 415 2512 bonos
432 2456 465 2512 ad
484 2455 631 2511 vindictam
653 2454 872 2522 malelactororu,
887 2455 997 2511 laudem
1047 2465 1122 2522 papir
1138 2467 1232 2522 opinis
1244 2482 1309 2523 ειη)
1333 2469 1453 2525 saturare
1477 2468 1538 2526 paq,
1550 2470 1628 2538 Quod
1638 2489 1705 2543 ergo
1716 2473 1778 2529 ,1500
1788 2491 1845 2545 eg„

203 2562 271 2603 vero
283 2547 419 2604 bonorum
434 2549 565 2605 divinitus
583 2551 695 2605 missos.
714 2547 802 2616 Sciat,
812 2549 935 2618 inquam,
948 2562 993 2603 re·
1047 2559 1173 2629 Aggasus,
1187 2558 1223 2611 ad
1235 2567 1260 2614 te
1272 2562 1358 2614 ominis
1378 2576 1440 2615 raro
1458 2562 1553 2628 ueniet,
1569 2563 1669 2632 partim
1683 2565 1841 2635 prophetia,

204 2637 333 2707 probare,
349 2642 495 2710 quosdam,
506 2640 580 2696 salva
595 2640 780 2696 ecclesiastiea
792 2654 869 2710 pace,
887 2639 997 2710 penitus
1048 2650 1146 2719 partini
1160 2648 1248 2704 orario
1263 2657 1315 2704 est.
1332 2648 1400 2705 Nam
1420 2652 1563 2722 prophetia
1580 2661 1624 2709 est
1647 2663 1781 2724 quantum
1805 2655 1843 2710 ad

205 2727 386 2796 0¹0l¹¹t¹0¹¹d⁰s
406 2730 540 2800 tlt¹⁰8¹¹³i¹¹
557 2739 669 2802 propter
684 2738 792 2800 illini!
807 2729 998 2800 Ῑιὶιιῦἰῑιῑθῦι
1048 2740 1126 2807 illud,
1146 2741 1218 2811 qnod
1238 2741 1328 2797 omnis
1340 2757 1405 2798 caro
1419 2752 1534 2799 ventura
1553 2753 1594 2800 est
1612 2746 1645 2800 ati
1659 2753 1685 2799 te
1699 2746 1841 2815 judicenr;

187 2820 361 2891 ,ministerio
371 2823 466 2878 altaris
476 2822 862 2879 velcommunionellominici
874 2821 1001 2893 corporis
1049 2833 1096 2888 sea
1110 2834 1198 2888 orario
1208 2841 1249 2889 est
1261 2841 1394 2902 quantum
1408 2834 1442 2889 ad
1453 2834 1530 2901 illud,
1544 2834 1618 2904 qaod
1630 2835 1770 2893 brevitatis
1781 2836 1845 2892 die·

205 2923 233 2968 0²
254 2914 398 2985 8ιῐιιιῑιῑῐῑῑι
419 2915 601 2985 lli⁰¹¹lbfl¹¹d⁰i
613 2924 640 2971 θῑ
662 2922 755 2971 ῑιῑιιθιι
774 2913 846 2969 intra
869 2912 999 2969 Εθθῑθιῑθ
1049 2925 1102 2980 bas
1115 2925 1280 2995 captivitatis
1298 2941 1354 2980 non
1380 2925 1407 2980 in
1420 2941 1540 2981 errorem
1556 2927 1691 2981 ducantur
1706 2927 1796 2993 electi,
1814 2936 1843 2983 et
1866 2983 1869 2990 ,

206 3006 364 3062 societatem
381 3007 457 3076 pacis
471 3007 571 3062 intuitu
593 3006 758 3070 sufferendo,
774 3006 803 3060 in
822 3005 906 3075 hujus
919 3021 999 3076 pete-
1050 3015 1093 3072 iris
1107 3024 1180 3070 recta
1191 3016 1235 3069 via
1243 3016 1278 3072 de
1288 3015 1485 3084 captivitate-in
1499 3015 1566 3071 Sion
1587 3016 1775 3084 redeuntibus,
1789 3033 1842 3073 eo·

205 3097 371 3167 grinationis
390 3098 446 3164 via,
463 3114 517 3169 qua
533 3097 567 3152 dc
581 3097 740 3168 captivitate
755 3096 920 3167 Babylonica
936 3104 998 3152 teu·
1050 3118 1110 3160 rum
1122 3105 1222 3160 ducatu
1236 3114 1365 3174 tanquam
1376 3101 1578 3174 perlercnriam
1592 3102 1753 3176 ctaggabom
1764 3106 1846 3163 salva

206 3189 299 3246 dimus
318 3189 346 3244 ιιι
370 3188 437 3243 Sion
456 3190 513 3245 Sile
538 3189 566 3243 3¹¹
588 3187 751 3255 Jerusalem,
774 3188 854 3259 0¹¹]ssss
868 3187 999 3260 praeclpui
1049 3197 1102 3251 erit
1115 3195 1206 3251 omnis
1220 3210 1294 3262 caro,
1308 3194 1336 3250 id
1347 3203 1391 3250 est
1402 3195 1484 3250 etiarn
1501 3195 1626 3267 fragilem
1641 3197 1737 3253 electis
1749 3209 1845 3254 minen

206 3289 348 3337 senatores
364 3296 427 3336 cunr
443 3296 506 3352 rege
525 3296 577 3337 suo
590 3281 619 3335 in
638 3281 734 3337 ultima
754 3280 942 3347 ventilatione,
955 3294 999 3335 re·
1049 3297 1077 3342 ιι
1090 3284 1207 3341 sortibus
1223 3300 1271 3355 per
1283 3284 1467 3340 obedientiam
1488 3294 1516 3340 et
1529 3287 1689 3342 claritatem
1700 3289 1842 3346 coleren-

205 3372 331 3444 probatis
340 3373 468 3428 omnibus
482 3373 575 3440 malis,
587 3373 689 3445 eligent
700 3374 772 3429 bona
788 3373 892 3429 omnia.
1050 3388 1101 3443 tes,
1113 3378 1271 3449 pariterque
1286 3392 1350 3432 eom
1363 3377 1419 3433 illis
1435 3378 1596 3449 incipientes
1611 3381 1757 3450 proticisci.

242 3459 348 3518 Lxxv.
367 3463 475 3531 Quanto
492 3480 557 3537 ergo
572 3480 646 3521 iruna
660 3464 818 3535 diligentius
837 3480 886 3535 per
906 3463 999 3520 Eccle-
1085 3465 1213 3522 Lxx-vll.
1235 3466 1265 3521 ln
1288 3465 1403 3524 llebraeo
1421 3468 1521 3539 legitur
1534 3487 1542 3523 :
1557 3468 1650 3525 Omnis
1671 3486 1734 3524 coro
1747 3471 1792 3524 nr
1818 3481 1849 3527 tr
1900 3531 1902 3536 ,

206 3547 311 3610 siarum
325 3557 525 3627 gubernatores
547 3557 730 3628 reprobantur
750 3558 824 3613 mala
845 3557 1001 3613 indecentia
1049 3562 1147 3615 reiciat.
1165 3558 1247 3615 lieete
1264 3559 1357 3630 itaque
1377 3560 1529 3615 ovationem
1553 3560 1580 3615 ιιι
1600 3569 1775 3631 conspectum
1791 3561 1842 3618 liei

206 3655 235 3702 ct
247 3646 385 3718 eliguntur
401 3648 475 3704 bona
488 3649 576 3706 bonos
592 3650 731 3715 decentia;
748 3655 825 3704 tanto
844 3663 1000 3719 congruen·
1050 3650 1216 3706 recitaturus
1239 3665 1291 3722 ego
1317 3649 1452 3707 ieremias
1474 3651 1516 3706 vel
1540 3650 1666 3723 aggaeus,
1693 3652 1847 3709 eliicacitcr

205 3736 263 3794 tius
276 3746 303 3794 te
317 3739 395 3794 decet
408 3739 526 3810 lrymnus
540 3738 612 3794 Deos
629 3740 656 3793 in
673 3738 751 3805 Sion,
767 3748 793 3794 et
808 3748 888 3795 tanto
899 3739 1000 3794 decen·
1050 3742 1173 3798 exaudiri
1188 3743 1359 3809 desiderans,
1374 3743 1456 3797 aliam
1477 3743 1629 3798 ovationem
1644 3744 1779 3813 praemitto
1795 3743 1842 3798 di·

206 3828 263 3883 tius
279 3828 328 3884 tibi
350 3829 478 3884 reddetur
492 3837 584 3884 votum
600 3829 628 3883 in
649 3828 812 3885 ierusalem.
829 3826 906 3895 Quod
934 3830 1000 3899 quia
1052 3848 1144 3888 ociis«
1155 3831 1261 3887 Exaudi
1274 3833 1429 3888 orationem
1440 3847 1529 3886 incarn
1543 3830 1631 3901 (Psoi.
1645 3834 1842 3904 xxxvirnidim

206 3918 297 3991 magis
309 3920 414 3975 orando
426 3935 509 3991 quam
530 3920 692 3977 disserendo
709 3929 740 3975 ut
755 3920 803 3975 liat
819 3920 998 3987 acceleratur,
1050 3920 1110 3988 Qua
1130 3921 1255 3977 oratione
1275 3921 1471 3992 subsequentis
1496 3922 1632 3979 orationis
1646 3928 1841 3994 praeparatoria

205 4020 270 4085 post
286 4012 449 4069 assertionis
472 4013 577 4083 largam
593 4009 790 4084 digressionem
808 4012 952 4068 redeamus
965 4012 1000 4068 ad
1051 4014 1091 4069 sie
1110 4015 1262 4083 praemissa,
1278 4021 1410 4084 tanquam
1433 4012 1458 4067 si
1482 4012 1554 4067 diem
1581 4011 1681 4068 [astum
1706 4015 1845 4084 pracedat

206 4103 395 4160 intermissam
422 4105 521 4176 psalmi
548 4104 748 4175 expositionem
780 4112 808 4160 et
834 4104 998 4160 orationem.
1050 4106 1142 4177 vigilia
1157 4102 1842 4178 cunrlamemanteleremia,consequenterquasi

204 4194 267 4252 Non
282 4198 355 4251 enim
367 4197 441 4253 aliud
457 4197 509 4253 lrac
529 4196 700 4268 expositione
716 4197 805 4269 magis
820 4195 998 4262 intendimus,
1050 4213 1113 4253 cum
1129 4199 1228 4269 Aggaeo
1242 4198 1340 4253 lestivo
1357 4198 1527 4269 depromitur
1538 4199 1639 4268 oratio,
1650 4216 1704 4271 qua
1716 4201 1743 4255 in
1757 4200 1842 4258 tinen

207 4305 290 4360 uquam
306 4300 336 4345 ut
352 4289 464 4346 Patrem
480 4305 579 4347 seusus
598 4290 772 4361 congerendo
796 4292 823 4345 in
848 4290 999 4360 hocopus·
1051 4287 1169 4358 psallens
1181 4287 1341 4355 Psalmista,
1353 4303 1402 4343 oro
1427 4297 1458 4343 ιιι
1471 4289 1556 4343 omnir
1569 4305 1632 4343 coro
1652 4290 1841 4348 adnuerint.

207 4379 270 4435 culo
284 4379 424 4435 rusticano
438 4379 549 4434 velutin
564 4380 693 4450 cophino,
702 4394 766 4434 vase
780 4388 810 4433 ut
820 4379 920 4434 dicitur
931 4386 1000 4434 ster·
1015 4400 1038 4454 p
1051 4377 1131 4446 Quia,
1142 4380 1215 4435 enim
1230 4388 1257 4434 tu
1278 4380 1320 4435 vis
1334 4394 1430 4436 ornnes
1444 4380 1569 4436 homines
1584 4382 1675 4437 salvos
1696 4382 1753 4437 lieri
1767 4384 1842 4452 etad

207 4472 327 4538 carario,
342 4472 564 4541 nosmetipsosct
576 4486 609 4527 ea
626 4488 687 4542 quae
707 4472 855 4528 scribimus
878 4472 999 4528 lecturos
1050 4468 1216 4539 agnitionem
1230 4469 1353 4526 veritatis
1363 4471 1470 4539 venire;
1492 4472 1624 4526 voluntati
1651 4480 1705 4528 ture
1724 4488 1842 4530 roncor-

207 4564 371 4628 excitemus,
394 4564 422 4619 in
436 4572 581 4634 qnantum,
597 4562 652 4618 lieo
669 4562 787 4630 iouente,
799 4578 956 4634 possumus,
971 4563 1000 4618 in
1050 4558 1120 4614 dans
1134 4569 1264 4616 reeteoro
1275 4569 1304 4614 ut
1315 4561 1489 4627 omniscaro,
1499 4561 1843 4629 idestomnisborooadta

208 4656 335 4711 eumdem
349 4654 479 4711 laudandi
494 4663 520 4712 et
538 4654 636 4710 orandi
654 4653 792 4720 affectum,
807 4669 889 4725 quem
912 4654 1001 4709 conti·
1050 4648 1387 4716 veniat,etbenedicautnr
1398 4651 1426 4706 ιιι
1437 4660 1475 4719 ιι,
1486 4652 1591 4709 scoriae
1607 4652 1734 4719 abranae,
1742 4668 1843 4713 ornnes

208 4757 275 4801 nent
288 4746 370 4802 verba
385 4748 553 4817 psalmorum
571 4756 598 4802 et
622 4761 704 4817 super
728 4745 802 4816 ipsos
824 4753 1000 4816 paternarum
1052 4742 1139 4798 tribus
1149 4750 1236 4800 terrae.
1259 4741 1319 4798 Non
1339 4743 1410 4815 quod
1433 4745 1574 4801 salventur
1587 4745 1842 4803 autbenedicantur

208 4835 422 4907 expositionum.
436 4836 607 4909 Qrvapropnr
622 4838 679 4894 sive
691 4836 787 4903 David,
802 4837 860 4892 sive
878 4835 998 4903 lditbun,
1051 4851 1146 4891 omnes
1157 4836 1298 4902 homines,
1312 4836 1386 4908 quod
1410 4853 1464 4892 non
1479 4837 1580 4894 liabent
1597 4854 1659 4908 quae
1669 4838 1786 4895 abraha
1798 4839 1842 4895 di·

209 4928 268 4984 sive
291 4926 394 4999 Asapli,
412 4929 470 4985 sive
493 4930 610 4985 aliorum
633 4930 661 4986 in
687 4928 802 5001 psalmis
829 4927 1000 4999 loquentium
1051 4935 1100 4981 ctae
1113 4934 1177 4983 sunt
1190 4927 1401 4998 promissioncs;
1415 4927 1462 4983 sed
1474 4930 1680 4997 ornnestribas,
1694 4930 1775 4984 idest
1789 4929 1842 4985 ali·

208 5037 343 5093 personas
358 5020 515 5093 irequenter
528 5023 708 5089 assumimus,
723 5032 862 5078 uteorum
886 5019 1000 5077 affectus
1050 5018 1097 5088 qui
1111 5017 1145 5073 de
1160 5019 1288 5074 omnibus
1308 5018 1435 5075 tribubus
1455 5028 1547 5088 terror,
1564 5020 1603 5076 ita
1616 5031 1713 5077 utnon
1728 5021 1764 5076 sit
1778 5036 1846 5092 per-

208 5114 398 5172 vehementius
417 5115 615 5187 exprimamus.
630 5113 664 5170 Et
677 5114 705 5168 in
729 5114 781 5168 lroc
797 5114 880 5184 igitur
892 5104 1002 5184 psalmo
1051 5125 1182 5165 sonoram
1194 5109 1327 5179 acceptio,
1343 5110 1454 5180 quando
1467 5111 1494 5165 iu
1508 5113 1586 5167 omni
1597 5119 1676 5183 gente
1690 5113 1781 5168 omnis
1792 5109 1841 5212 qui

208 5216 350 5277 assumpta
372 5221 489 5277 persona
510 5205 634 5262 leremiae
654 5205 711 5261 sive
725 5205 816 5276 aggaei
830 5206 888 5262 sive
901 5206 999 5261 ambo·
1051 5200 1128 5255 timet
1141 5199 1226 5256 ιιιιιιιι
1241 5207 1408 5271 etoperatur
1419 5201 1566 5273 justitiam,
1579 5210 1708 5271 aceeptus
1725 5210 1767 5257 est
1788 5202 1840 5257 illi.

208 5315 270 5355 rum
286 5315 349 5356 cum
361 5299 504 5356 orantibus
514 5314 636 5364 oremus,
645 5313 706 5353 cum
720 5295 895 5353 laudantibus
905 5298 1000 5352 laode—
1086 5290 1226 5348 exaltu.
1252 5291 1298 5349 Sic
1319 5309 1371 5349 nos
1384 5308 1507 5359 mamus,
1528 5293 1588 5361 qui,
1608 5293 1744 5363 prolicisci
1767 5308 1842 5351 nuuc

210 5406 284 5454 mus,
296 5401 395 5448 etvota
413 5392 439 5447 in
452 5388 603 5449 ierusalem
616 5387 752 5445 reddenda
767 5403 897 5445 voramus
908 5389 935 5443 in
955 5389 1000 5444 via
1051 5383 1224 5455 incipientes,
1241 5385 1268 5440 ia
1291 5385 1371 5440 tinem
1386 5385 1537 5451 tendimus,
1557 5383 1603 5439 ubi
1626 5385 1750 5442 videatur
1767 5386 1842 5446 ileos

210 5482 439 5550 peregrinationis
457 5483 549 5552 buius.
566 5480 607 5536 Τιι
624 5488 726 5547 antem,
742 5479 865 5548 Domine,
879 5482 923 5536 vui
936 5481 999 5537 red·
1050 5477 1162 5534 deorum
1179 5478 1206 5533 iu
1229 5477 1306 5547 Sion,
1320 5479 1365 5534 ubi
1392 5487 1419 5533 to
1441 5477 1520 5533 decet
1544 5478 1675 5551 bymnns,
1700 5478 1783 5546 Deus,
1809 5479 1842 5534 in

210 5567 298 5624 denda
309 5578 374 5624 sunt
387 5572 475 5629 laudis
491 5582 552 5627 vota
573 5572 600 5626 in
617 5571 715 5640 patria,
731 5572 830 5627 exaudi
847 5571 1000 5628 orationem
1052 5569 1134 5639 sinn
1150 5573 1196 5629 sed
1214 5561 1269 5629 non
1282 5570 1445 5628 exaudimur
1454 5586 1537 5642 quarn
1547 5572 1602 5627 cito
1612 5569 1754 5627 vellemus.
1769 5569 1842 5637 Qua·

212 5672 300 5715 oleam
314 5674 389 5717 nunc
404 5663 431 5718 in
447 5663 509 5732 via3
526 5663 591 5735 quia
617 5663 640 5720 si
665 5664 832 5734 exaudieris,
859 5664 915 5721 imo
935 5665 1000 5736 quia
1052 5665 1098 5724 re?
1112 5666 1177 5738 quia
1196 5663 1280 5722 Verba
1303 5664 1454 5735 iniquorum
1472 5664 1670 5734 prevaluerant
1684 5679 1761 5734 saper
1778 5677 1839 5721 nass
