3892 6067
160 27 229 97 {iili
310 97 315 106 ,
793 37 945 97 busonis
962 35 1139 97 Heraites
1722 39 1799 106 1652

197 147 292 206 coner
307 145 415 205 rittrere
436 157 549 204 conatur
570 150 711 205 monachor
730 149 856 209 aduersus
868 151 950 209 olis·
966 153 1067 218 Adam
1084 151 1259 210 inimicorum
1273 153 1431 230 gravamine
1444 152 1561 218 laborat.
1584 153 1681 218 Debito
1698 167 1797 220 xntcm

162 249 227 298 tert.
244 237 322 296 llnde
335 247 363 295 et
373 239 433 310 ipse
444 254 538 297 comcs
546 239 717 312 proditorum
729 244 951 315 suggestionibus
1002 260 1064 312 enm
1080 244 1199 315 opprimi
1213 245 1335 312 nondum
1358 245 1494 314 novimus,
1509 247 1583 318 quod
1605 246 1797 318 septingentas

161 330 294 387 audacior
303 331 428 398 effectus,
441 331 558 388 fratrum
574 333 724 404 capitulum
739 334 844 407 ingredi
858 336 949 407 petiit;
1003 334 1087 404 libras
1101 351 1156 403 non
1170 335 1302 400 excedere
1318 335 1437 404 scimus,
1454 335 1573 409 Capituli
1598 353 1666 394 sane
1690 339 1791 401 severi·

161 437 220 493 quo
242 421 391 493 impetrato
412 433 582 497 conquestus
603 433 645 482 cst
670 427 704 482 rie
726 427 834 494 abbate,
853 443 869 483 a
895 442 951 499 quo
1002 435 1054 494 trs,
1078 434 1106 484 et
1118 425 1235 496 claustri
1247 426 1401 500 discipline,
1420 442 1511 496 necne
1528 444 1711 499 personarum
1732 429 1797 486 dis·

160 515 394 575 exheredaretur.
411 525 438 571 et
453 517 651 588 multiplicibus
666 519 773 590 injuriis
789 499 949 584 alliceretur.
1002 519 1104 590 positio
1124 533 1177 574 non
1205 518 1296 589 miuus
1311 519 1394 586 solito
1406 518 1503 585 llorere
1519 521 1737 590 nobisvidetur;
1754 532 1800 592 et,

162 603 230 672 Qum
254 620 318 661 eum
338 606 468 663 universe
491 609 646 666 immeritus
670 620 817 681 pateretur,
833 612 951 668 maxime
1002 610 1025 673 si
1043 626 1097 682 qua
1113 609 1251 667 mendacis
1262 608 1383 680 inismiae
1395 620 1460 667 nota
1474 610 1624 676 Ecclesiam
1639 612 1725 677 laedit,
1737 627 1799 669 non

161 697 255 754 dolere
270 713 301 754 se
320 700 467 771 perorabat
490 700 686 757 desolationem
712 702 841 768 Ecclesim
863 718 952 773 quun·
1003 702 1074 759 hane
1090 702 1213 770 veritatis
1225 702 1353 770 assertio,
1369 704 1416 760 sed
1429 704 1591 764 aemulorum
1606 703 1709 760 invidia
1725 719 1800 759 oon·

161 790 225 845 dnm
242 791 325 847 rebus
340 790 485 861 opulentae,
502 791 710 850 honorabilibus
725 794 849 867 personis
870 793 952 849 decu-
1003 791 1096 854 travit.
1122 791 1273 848 Personam
1296 807 1380 867 porro
1402 792 1509 849 abbatis
1534 794 1622 850 nostri
1644 792 1747 850 bonam
1767 803 1801 850 et

161 890 240 948 ratae,
260 883 352 953 rigore
372 883 523 954 disciplinae
540 884 686 955 religiose,
705 885 837 941 otiositate
859 885 953 971 hospi·
1003 881 1146 940 honestam
1172 882 1231 940 lore
1245 884 1328 940 ‘sicut
1342 884 1480 952 volumus,
1497 885 1534 941 ita
1557 894 1584 941 ct
1599 885 1750 954 credimus,
1769 895 1801 946 ct

163 974 278 1030 talitatis
298 974 435 1045 opinatre;
460 984 487 1030 et
509 991 569 1046 quse
591 976 619 1030 iu
635 975 678 1032 his
693 976 809 1046 aliisque
828 976 953 1048 pluribus
1003 975 1026 1031 si
1046 975 1123 1047 quid,
1139 975 1202 1032 odio
1213 976 1317 1048 judice,
1334 977 1462 1048 cuiquam
1477 976 1511 1033 de
1527 992 1560 1033 eo
1571 977 1649 1034 aliter
1673 979 1800 1046 videtur,¹

162 1065 245 1121 bonis
260 1081 359 1121 omues
374 1064 532 1122 Gallicanas
545 1065 683 1123 Ecclesiae
706 1053 778 1137 post
791 1067 952 1125 Cluuianum
1003 1065 1119 1122 rationis
1142 1065 1221 1121 lance
1243 1066 1406 1121 mendosum
1430 1064 1613 1122 convincitur.
1640 1065 1800 1148 Eapropter

162 1154 312 1225 aliquando
330 1154 512 1225 precellebat,
531 1165 646 1212 nuncet
669 1171 761 1212 rernm
784 1155 910 1228 penuria,
925 1166 954 1214 et
1003 1156 1074 1211 idem
1092 1170 1199 1226 sapere,
1212 1154 1340 1226 idemque
1357 1170 1419 1211 curu
1436 1169 1469 1210 eo
1484 1156 1600 1226 sentire,
1620 1156 1692 1213 sicut
1716 1157 1801 1228 decet

162 1246 321 1302 debitorum
344 1245 514 1316 gravamine,
540 1254 568 1302 et
590 1260 769 1316 personarum
793 1246 951 1317 exiguitate,
1003 1245 1203 1303 membrorum
1217 1245 1318 1317 eapite,
1333 1245 1502 1318 gaudemue;
1518 1259 1569 1301 nec
1585 1245 1614 1300 in
1638 1254 1693 1301 tam
1716 1263 1798 1303 eom·

161 1347 191 1392 et
210 1352 318 1391 morum
336 1336 461 1405 infamia,
485 1348 513 1393 et
535 1337 731 1408 hospitalitatis
755 1338 954 1393 inhumanitate
1004 1339 1080 1395 muni
1094 1338 1269 1411 legitimoque
1283 1338 1380 1408 capitis
1393 1345 1421 1393 ct
1441 1339 1627 1393 membrorum
1654 1352 1798 1394 consensu

162 1427 233 1486 edes
255 1425 449 1495 denotabatur,
477 1428 551 1498 quod
569 1413 628 1500 jem
642 1444 700 1485 nona
720 1429 809 1485 solum
823 1443 955 1500 quarum·
1003 1428 1155 1499 quidquem
1177 1427 1266 1484 inesse
1288 1429 1347 1483 vitii
1369 1443 1523 1498 speramus.
1540 1427 1747 1497 Verumtamen,
1772 1432 1798 1487 si

164 1533 276 1590 cunque
294 1518 557 1593 Ecclesiarrrm,sed
571 1520 654 1575 etism
678 1520 773 1575 vilium
798 1519 871 1591 vulgi
894 1533 954 1591 per-
968 1512 991 1568 B
1004 1519 1070 1592 quid
1084 1520 1125 1576 vel
1140 1521 1253 1591 proprio
1272 1534 1398 1587 excessu,
1413 1521 1457 1575 vel
1478 1519 1567 1576 alioue
1591 1519 1800 1576 insimulatione

163 1625 298 1671 sonarum
310 1610 404 1667 tabula
417 1618 549 1679 exstaret.
562 1611 637 1683 quod
650 1618 736 1666 totum
751 1610 846 1682 utique
857 1623 954 1681 super·
1005 1612 1069 1669 odio
1084 1610 1197 1683 dignum
1218 1608 1288 1666 iorte
1304 1610 1376 1681 apud
1398 1626 1448 1667 vos
1460 1611 1608 1678 contraxit,
1622 1611 1675 1668 hoc
1688 1628 1741 1667 nos
1752 1613 1800 1683 pi·

162 1703 208 1759 bie
220 1713 247 1760 et
258 1703 438 1760 dissolutione
446 1702 563 1771 abbatis,
578 1703 701 1773 ipsorum
717 1717 828 1774 quoque
838 1701 955 1768 lectrum
1006 1712 1061 1776 get,
1076 1712 1104 1760 et
1118 1702 1216 1759 esinde
1226 1703 1376 1774 plurimum
1387 1703 1522 1774 dolemus,
1539 1705 1602 1761 lieet
1616 1720 1703 1775 usque
1714 1705 1802 1770 lrodie

163 1809 312 1862 consenso,
338 1794 386 1866 qui
410 1795 435 1852 ci
463 1793 595 1863 iaverent,
619 1794 779 1865 provenisse
800 1794 953 1852 constabat.
1006 1795 1206 1867 incompertum
1230 1795 1297 1866 quid
1311 1796 1353 1852 vel
1378 1811 1464 1869 quere
1476 1797 1671 1852 commeruerit
1694 1796 1803 1852 babeo·

166 1886 258 1954 rubi,
280 1885 330 1955 eit,
356 1896 423 1943 suut
445 1886 568 1944 honestae
590 1887 644 1942 ilie
666 1896 694 1943 et
714 1902 813 1959 graves
833 1900 956 1958 persone
1005 1904 1079 1946 mus.
1107 1888 1178 1946 Cum
1203 1903 1269 1966 ergo
1293 1889 1409 1955 venerit,
1442 1888 1582 1946 humiliter
1603 1898 1634 1945 ut
1665 1889 1801 1952 monachi

163 1977 496 2050 quondameetterrrtus,
505 1978 658 2050 hospitalis,
672 1977 956 2049 sacristeeieemosp·
1006 1980 1144 2049 abbatem,
1177 1987 1209 2051 ut
1240 1980 1343 2048 subditi
1373 1979 1516 2050 dominum
1547 1981 1801 2045 commonebimus.

161 2072 271 2139 uerius,
297 2071 486 2139 camerarius,
511 2086 630 2142 qrromm
654 2070 799 2141 prudentia
821 2078 848 2126 et
872 2068 954 2126 etiem
1007 2083 1143 2150 quatenus
1157 2071 1406 2145 dignitatisvcstrae
1425 2072 1540 2143 gretiam
1554 2075 1706 2144 promereri
1721 2082 1800 2129 sate·

163 2163 287 2247 potentia
300 2162 366 2220 olim
381 2163 481 2220 domus
496 2161 555 2219 hec
568 2159 776 2220 terebrantem
802 2176 855 2216 non
871 2168 912 2217 est
927 2161 954 2219 ir
1006 2174 1062 2247 gat.
1085 2164 1234 2234 Ceterum,
1254 2164 1448 2232 discretionem
1470 2172 1545 2221 tuam
1574 2178 1742 2233 exoramus,
1767 2173 1798 2224 ut

163 2256 245 2313 robis
255 2255 303 2327 qui
318 2255 406 2327 possit
419 2256 536 2310 ulcerum
549 2254 658 2326 jurare,
671 2254 718 2309 rei
729 2253 884 2310 consulenti
898 2257 956 2317 cui·
1007 2245 1135 2325 Ecclesiae
1148 2272 1210 2328 quse
1223 2256 1250 2312 iu
1263 2264 1321 2326 tua,
1337 2265 1369 2322 ut
1381 2257 1461 2324 dicis,
1475 2257 1568 2326 existit
1583 2257 1720 2326 custodia,
1733 2273 1799 2330 per·

164 2349 233 2408 libet
257 2346 443 2420 respondere,
467 2361 548 2404 cosso
575 2346 686 2402 nomine
711 2354 817 2401 tentum
842 2346 956 2405 honoris
1007 2358 1104 2420 cas,et
1118 2363 1153 2404 ne
1165 2348 1248 2415 unius
1265 2349 1385 2407 bominis
1399 2348 1464 2415 odio
1478 2349 1552 2416 illam
1565 2350 1724 2421 dispondere
1736 2366 1803 2406 nrm

164 2449 285 2498 retento.
298 2438 404 2497 idcirco
415 2447 490 2511 patet
502 2439 529 2494 in
543 2438 688 2511 propatulo
699 2439 822 2494 omnium
834 2448 956 2495 restruet
1007 2439 1093 2508 liaris,
1106 2455 1167 2510 quse
1181 2448 1313 2511 quantum
1328 2441 1354 2496 in
1381 2456 1412 2498 se
1427 2448 1469 2499 est
1491 2440 1583 2498 abbati
1609 2442 1721 2514 quidem
1743 2459 1802 2504 suc

91 2567 93 2574 ‹
165 2529 324 2600 dissolutio,
339 2547 402 2588 cum
418 2531 523 2588 similes
544 2530 627 2587 simili
643 2528 777 2595 faventes,
794 2530 873 2602 quasi
895 2546 957 2604 gra·
1008 2532 1128 2597 subdita,
1137 2532 1186 2594 tibi
1202 2541 1293 2602 autem
1304 2550 1411 2607 semper
1424 2544 1466 2592 est
1475 2535 1600 2592 devota.»
1617 2534 1797 2604 Mandaverat

165 2625 265 2682 tuitam
278 2624 404 2696 patimini
412 2624 553 2695 injuriam.
562 2621 701 2679 ilectenus
709 2622 828 2679 sustinui
841 2624 956 2695 injurias
1008 2634 1100 2681 eutem
1114 2623 1211 2682 Petrus
1227 2625 1350 2696 proditor
1364 2625 1456 2691 comiti
1469 2640 1517 2696 per
1532 2624 1670 2683 Simonem
1689 2626 1724 2683 de
1739 2626 1801 2682 Sil-r

166 2733 260 2790 mess,
272 2716 408 2774 hactenus
431 2731 531 2787 passus
545 2730 607 2773 sum
623 2715 706 2788 huius
729 2715 859 2772 Ecclesiae
873 2715 958 2771 detri-
1008 2715 1117 2773 viniaco
1129 2716 1199 2775 ciem
1213 2723 1245 2772 ut
1259 2716 1353 2773 mitius
1366 2714 1498 2780 iratribus
1520 2717 1687 2796 loqueretur,
1707 2720 1798 2783 menie

167 2816 303 2871 mentum,
322 2821 386 2878 quar
399 2805 531 2862 videlicet
540 2803 663 2862 Ecclesia
675 2808 806 2878 quoniam
821 2821 881 2862 mee
903 2813 956 2874 est,
1009 2823 1055 2864 me
1075 2807 1103 2862 in
1122 2808 1206 2864 verbo
1229 2809 1302 2882 quod
1325 2809 1359 2865 ed
1385 2808 1499 2866 [retium
1515 2810 1658 2874 infamiam
1672 2822 1803 2884 spectus

167 2907 197 2954 ct
217 2896 246 2953 iu
264 2898 380 2955 tuitione
396 2913 468 2964 mea,
484 2897 563 2971 vetit,
582 2897 651 2954 nolit
673 2898 759 2956 abbas
777 2907 875 2967 vester,
891 2912 959 2954 cox·
972 2865 995 2926 c
1010 2897 1159 2965 videretur,
1174 2912 1218 2965 nc,
1243 2897 1308 2953 dum
1332 2897 1458 2955 abbatem
1486 2899 1650 2972 insequitur,
1673 2900 1799 2959 irritatos

168 2990 254 3059 sistit,
274 2991 332 3060 jam
367 2991 487 3062 emplius
513 2999 620 3047 tantum
643 2991 772 3059 dedecus,
798 2999 959 3061 tantumque
1010 2988 1393 3049 iratresamitterevideatur.

170 3068 318 3153 gravamen
342 3097 397 3137 non
416 3081 522 3152 petier3
537 3082 713 3152 premonitus
728 3090 819 3137 tamen
833 3095 883 3137 ros
898 3093 960 3137 esse
1047 3080 1182 3152 subinfert
1201 3097 1297 3137 comes.
1325 3079 1476 3153 Respondit
1496 3098 1562 3156 ergo
1584 3098 1697 3142 comes:
1716 3103 1727 3138 r
1743 3083 1800 3142 Ve-

170 3178 265 3246 cupio,
292 3184 429 3247 quatenus
451 3176 545 3232 abbati
570 3175 720 3243 suadeatis,
742 3185 773 3231 ut
788 3176 853 3232 lruio
869 3175 960 3231 denuo
1011 3182 1084 3230 siros
1109 3163 1219 3257 quidem
1244 3185 1336 3240 mores
1358 3185 1413 3227 uon
1442 3171 1585 3257 improbo,
1610 3173 1659 3230 sed
1682 3174 1797 3230 multem

171 3263 303 3322 Ecclesie
317 3276 423 3334 parcat,
438 3273 464 3320 ct
482 3280 498 3320 a
522 3264 709 3324 destructione
730 3265 803 3321 iliius
828 3265 958 3332 desistet3
1011 3271 1158 3334 egestatem
1171 3269 1303 3330 vestram,
1318 3277 1401 3347 quem
1416 3260 1545 3332 Ecclesiae
1555 3263 1639 3336 hujus
1660 3264 1798 3321 bonorum

171 3359 301 3430 quodque
313 3357 452 3428 mci-iuris
467 3366 513 3413 est
531 3357 604 3413 milri
622 3359 763 3430 restituet,
780 3358 841 3432 Ego
859 3360 961 3432 quippe
1011 3352 1207 3426 dilapidatione
1225 3353 1261 3410 eb
1287 3353 1386 3422 abbeie
1408 3351 1508 3422 lactem
1528 3355 1663 3441 patimini,
1687 3355 1767 3416 doleo
1790 3374 1800 3420 ς

172 3451 242 3508 nlbii
255 3451 323 3507 novi.
335 3450 428 3524 exigo,
441 3450 489 3508 sed
506 3465 631 3507 meorum
648 3451 760 3523 antique
776 3461 883 3521 patrum
899 3451 960 3522 jura
1013 3445 1098 3520 unde,
1112 3444 1185 3501 sicut
1196 3443 1263 3513 dixi,
1277 3453 1325 3500 aut
1336 3460 1386 3501 vos
1399 3445 1451 3516 ipsi
1465 3444 1545 3502 vobis
1561 3452 1589 3501 et
1610 3443 1739 3504 sceleste
1752 3447 1800 3512 isti

173 3552 281 3615 repeto.
295 3541 443 3611 Quomodo
466 3557 586 3614 nemque
607 3543 687 3599 nnsis
713 3543 761 3599 ret·
780 3544 890 3615 injussis
911 3559 961 3600 0¹.
1014 3535 1203 3609 providebitis,
1221 3544 1331 3605 cetego
1346 3543 1451 3591 mntem
1466 3535 1582 3592 ulterius
1604 3535 1799 3594 detrimentum

174 3636 332 3693 actionibus
345 3650 498 3708 gravarem,
522 3651 605 3707 quem
618 3635 653 3692 ab
675 3636 798 3691 omnium
819 3636 962 3694 homiuum
1014 3644 1069 3687 noo
1095 3630 1200 3700 pelian,
1217 3625 1302 3702 Nebis
1321 3642 1383 3683 0⁰¹⁰
1406 3626 1539 3684 monim
1564 3625 1659 3684 0tdit¹0
1677 3627 1799 3684 nondum

175 3726 354 3784 intestatione
370 3728 459 3785 tranen
481 3728 640 3786 custodiret
670 3729 767 3786 Moneo
779 3789 785 3800 Ι
797 3729 907 3785 demum
932 3742 963 3788 ur
1015 3722 1170 3796 publicatus
1195 3719 1305 3790 luerim,
1323 3727 1458 3807 precepto
1473 3717 1581 3776 abbatis
1605 3718 1687 3775 vestrl
1701 3720 1736 3776 ob
1755 3735 1801 3775 so·

174 3818 428 3887 consulatissobis,
443 3818 962 3892 alioquinabomnibusvobisexigrnr
1015 3817 1069 3873 lam
1093 3812 1267 3895 presentiam
1291 3827 1411 3883 meame
1426 3811 1527 3868 divinis
1550 3810 1646 3881 officiis
1661 3812 1799 3874 cessastis,
1888 3851 1896 3868 .

174 3919 257 3965 taetre
270 3908 345 3965 illius
362 3909 504 3981 pravitatis
513 3925 695 3979 assensumr
1015 3917 1042 3966 et
1066 3908 1289 3979 procurationem
1312 3920 1418 3977 meam,
1438 3903 1542 3959 mundo
1571 3911 1658 3971 teste,
1682 3902 1801 3970 debitam

212 3999 294 4057 Prior.
307 4002 398 4057 comiti
412 4003 560 4073 remordet.
578 4001 626 4059 liis
638 4003 755 4072 cuditis,
767 4003 885 4060 surrexit
903 4002 964 4059 Gilo
1016 4001 1111 4058 nescio
1140 4016 1196 4072 qua
1225 4000 1332 4071 ratione
1354 4011 1411 4062 non
1436 3995 1611 4067 exhibuistis.
1635 3992 1715 4078 Quod
1737 4008 1803 4058 vero

176 4095 255 4165 prior
266 4096 300 4149 ad
313 4093 373 4151 haee
391 4110 585 4166 responsurus,
601 4097 763 4167 rocevitque
778 4095 908 4153 Ecclesia
921 4112 965 4154 se·
1016 4091 1139 4150 debitum
1153 4091 1283 4149 Ecclesiae
1297 4089 1484 4168 septingentas
1496 4088 1582 4160 libres
1596 4102 1650 4143 non
1671 4085 1803 4151 excedere

176 4187 281 4254 stiores,
295 4196 323 4243 et
338 4187 427 4258 ipsum
441 4188 557 4245 aiterum
571 4186 671 4251 ludam
685 4190 765 4260 cruos
787 4189 877 4246 edhuc
900 4204 964 4261 pro·
979 4198 1002 4256 p
1016 4183 1120 4252 dicitis,
1138 4183 1197 4240 scio
1212 4198 1263 4255 ego
1278 4182 1350 4238 inter
1364 4179 1420 4237 duo
1432 4182 1519 4240 maria
1540 4179 1601 4264 pios
1622 4195 1706 4262 quem
1728 4179 1802 4240 mitte

176 4279 245 4336 ditio
262 4279 372 4346 latebet,
389 4290 418 4336 et
437 4280 552 4337 secessit
574 4280 603 4336 in
617 4280 739 4341 oratorio
753 4280 839 4336 beatae
852 4279 898 4335 ilci
914 4280 967 4336 Ge·
1017 4274 1103 4333 libras
1118 4290 1167 4331 vos
1179 4274 1293 4342 debere;
1309 4283 1337 4329 et
1351 4265 1472 4343 quod’de
1490 4271 1658 4328 exteriorum
1677 4269 1802 4334 inimico-

177 4370 285 4429 nitricis
299 4370 398 4428 hieriae
406 4387 470 4429 cum
488 4372 619 4430 iratribus
630 4382 658 4429 ot
676 4372 870 4444 burgensibus,
882 4371 968 4428 eolla-
1018 4384 1080 4426 rum
1104 4366 1262 4440 gravamine
1283 4363 1442 4436 querimini,
1460 4363 1514 4420 boc
1533 4363 1563 4419 lu
1589 4370 1672 4440 sepul
1694 4361 1802 4418 abbatis

178 4476 263 4537 toque
284 4467 412 4533 consilio,
440 4466 583 4539 respondit
603 4465 685 4523 illie:
709 4464 833 4533 «Sicuti,
857 4465 968 4522 domiue
1017 4459 1103 4517 vestri
1128 4457 1276 4524 redundat,
1299 4455 1380 4527 sulus
1396 4464 1470 4514 tenta
1496 4470 1557 4511 esse
1581 4454 1737 4526 arrogantia
1757 4453 1802 4510 di·

179 4571 284 4624 eomes,
299 4557 358 4627 ipse
373 4557 513 4628 protessus
523 4572 565 4625 ει,
581 4564 612 4614 et
628 4571 680 4614 nes
702 4569 810 4627 quoqne
824 4555 969 4629 enqrrosci,
1018 4551 1169 4624 gnoscitur,
1185 4546 1258 4620 quod
1281 4562 1332 4604 uec
1345 4546 1424 4616 mihi,
1440 4561 1490 4602 nec
1514 4544 1643 4615 cuiquem
1657 4542 1715 4609 elii,
1732 4543 1806 4615 quod

179 4663 244 4705 mus
255 4655 283 4703 et
301 4649 428 4705 volemus
447 4658 473 4705 te
487 4659 604 4707 tutorem
618 4664 651 4705 er.
673 4656 819 4721 patronum
842 4656 968 4705 nostrum
1016 4647 1124 4718 justum
1147 4650 1190 4698 est
1214 4647 1397 4712 prosequetur
1419 4653 1428 4693 r
1450 4635 1552 4693 Verum
1576 4635 1605 4690 in
1630 4649 1742 4691 causam
1757 4649 1807 4690 vos

178 4748 208 4799 et
228 4738 357 4796 sceleste
378 4738 462 4809 hujus
484 4756 557 4798 esse.
572 4740 739 4798 besolaxioni
762 4748 853 4796 sutem
869 4740 969 4798 donnus
1019 4756 1074 4812 ego
1086 4753 1141 4795 non
1156 4736 1246 4805 traho,
1262 4742 1368 4791 tantum
1384 4740 1415 4788 ut
1427 4729 1594 4802 recogitetis,
1606 4737 1633 4784 et
1648 4726 1727 4815 vobis
1742 4739 1808 4796 pro-

179 4839 283 4889 nostre
300 4839 327 4888 te
339 4830 458 4902 compati
476 4840 585 4903 gratum
598 4841 626 4889 et
650 4843 792 4906 acceptum
817 4831 967 4900 habemusg
1019 4825 1135 4881 videatis
1150 4836 1261 4881 moneo.
1276 4821 1356 4889 Quod
1379 4819 1404 4877 si
1425 4816 1557 4884 feceritis,
1578 4816 1684 4872 fidelem
1699 4815 1811 4884 adjunto·

180 4930 265 4996 etque
277 4922 305 4979 in
320 4922 373 4979 boc
386 4921 563 4978 effectuosius
583 4921 772 4977 celsitudinem
789 4930 864 4977 tuam
887 4935 970 4989 roga·
1021 4931 1080 4973 rem
1106 4929 1150 4970 me
1172 4928 1221 4985 per
1245 4911 1339 4969 omnir
1361 4907 1515 4974 habebitis;
1530 4906 1573 4962 sin
1598 4912 1700 4970 eutem,
1716 4911 1810 4957 restra

183 5030 257 5081 mus,
272 5023 411 5085 quatenus
425 5011 453 5070 in
468 5011 513 5070 lris
526 5026 590 5082 quae
601 5010 636 5066 ad
650 5019 777 5078 tuamet
799 5010 827 5066 iu
851 5009 895 5066 his
908 5025 972 5080 qure
1021 5005 1144 5064 iuteeerit
1169 5022 1177 5060 r
1201 5018 1252 5074 ego
1275 5009 1369 5057 autem
1382 4997 1509 5054 mihimet
1539 4992 1701 5066 providebo.
1721 4989 1811 5047 rliaec
1929 5067 1930 5084 χ

183 5106 301 5175 eliorum
325 5106 480 5177 principum
503 5111 628 5174 spemant
652 5116 818 5172 personam,
842 5099 971 5157 Ecclesiae
1022 5098 1085 5156 ideo
1101 5096 1180 5163 dixit,
1196 5104 1227 5150 nt
1240 5093 1396 5166 proditores
1408 5090 1554 5157 animaret,
1569 5095 1597 5142 et
1608 5085 1678 5142 aiios
1693 5083 1729 5140 ad
1744 5098 1813 5140 oon·

185 5198 334 5268 huicque
349 5198 377 5252 iu
392 5206 437 5254 tua
450 5195 543 5253 existit
555 5193 691 5259 custodia,
716 5192 846 5249 consulas
867 5200 895 5247 et
909 5206 974 5261 pro·
1023 5204 1135 5248 sensum
1147 5187 1320 5260 proditorum
1341 5183 1480 5240 incitaret.
1499 5179 1634 5254 Egressus
1646 5194 1714 5250 ergo
1735 5176 1814 5247 cepi-

184 5289 291 5346 rideas.
306 5287 578 5357 Qtraelioctinterins
596 5286 717 5343 heterna
734 5299 801 5357 paee
815 5292 975 5339 etconeor·
1024 5282 1124 5349 tulum,
1150 5280 1260 5336 locutus
1290 5284 1335 5333 est
1366 5275 1448 5331 Petro
1470 5271 1614 5346 proditori,
1637 5271 1812 5341 inieruntque

186 5380 242 5447 vlia,
260 5380 545 5454 sufficientiquevictu
562 5388 590 5436 et
612 5378 711 5435 vestitu
732 5376 830 5449 vigeat,
851 5373 973 5431 exterius
1025 5370 1107 5429 simui
1117 5364 1421 5438 consilium,qoomodo
1433 5363 1533 5421 Petrus
1543 5363 1601 5434 ipsc
1614 5371 1678 5433 post
1690 5359 1811 5415 Alexan·
1929 5413 1930 5460 1

188 5481 279 5543 lililttt
302 5482 329 5542 et
344 5488 434 5532 rerum
458 5488 571 5536 suarum
595 5469 787 5538 diminutione,
803 5476 974 5542 etquorurn·
1025 5465 1104 5523 drum
1129 5478 1226 5535 papam
1251 5468 1395 5534 pergeret,
1420 5458 1544 5515 abbatem
1577 5461 1757 5513 accusaturus
1782 5461 1811 5509 et
1929 5489 1930 5508 2
